<!DOCTYPE html>
<!-- saved from url=(0339)http://shop.coles.com.au/online/SearchDisplay?searchTermScope=&multiSearch=&searchType=2&maxPrice=&showResultsPage=true&langId=-1&beginIndex=0&sType=SimpleSearch&browseView=true&metaData=&manufacturer=&resultCatEntryType=&catalogId=10576&pageView=image&minPrice=&urlLangId=-1&categoryId=28164&storeId=10601#pageNumber=1&currentPageSize=100 -->
<html class="chrome40 chrome" lang="en" id="coles"><head><meta http-equiv="Content-Type" content="text/html; charset=UTF-8">
		<meta charset="utf-8">

		<meta http-equiv="X-UA-Compatible" content="IE=8, IE=9,chrome=1">

		
		
				<title>Beef | Meat | National</title>
			
				<meta name="robots" content="index,follow">
			
		<meta name="description" content="Beef">
		<meta name="keywords" content="CategoryKeyword">
		<meta name="viewport" content="width=device-width">
		
		<link rel="canonical" href="http://shop.coles.com.au/online/SearchDisplay?storeId=10601&parent_category_rn=&urlRequestType=Base&categoryId=28164&top_category=&langId=-1&catalogId=10576">
		
		<link rel="shortcut icon" href="http://shop.coles.com.au/wcsstore/ColesStorefrontAssetStore/dist/e0a775baf05f/images/favicon.ico">
		<link rel="apple-touch-icon-precomposed" href="http://shop.coles.com.au/wcsstore/ColesStorefrontAssetStore/dist/e0a775baf05f/images/ICN_57x57.png">
		<link rel="apple-touch-icon-precomposed" sizes="72x72" href="http://shop.coles.com.au/wcsstore/ColesStorefrontAssetStore/dist/e0a775baf05f/images/ICN_72x72.png">
		<link rel="apple-touch-icon-precomposed" sizes="114x114" href="http://shop.coles.com.au/wcsstore/ColesStorefrontAssetStore/dist/e0a775baf05f/images/ICN_114x114.png">
		<link rel="stylesheet" href="http://shop.coles.com.au/wcsstore/ColesStorefrontAssetStore/dist/e0a775baf05f/theme/screen.css" media="all">
		<link rel="stylesheet" href="http://shop.coles.com.au/wcsstore/ColesStorefrontAssetStore/dist/e0a775baf05f/theme/print.css" media="print">
		
	   <script type="text/javascript" async="" src="./beef_files/ec.js"></script><script type="text/javascript" async="" src="./beef_files/f.js"></script><script async="" src="./beef_files/analytics.js"></script><script type="text/javascript" charset="utf-8" src="./beef_files/analytics(1).js"></script><script type="text/javascript" charset="utf-8" src="./beef_files/touch.js"></script><script type="text/javascript" charset="utf-8" src="./beef_files/search.js"></script><script type="text/javascript" charset="utf-8" src="./beef_files/moment.js"></script><script type="text/javascript" charset="utf-8" src="./beef_files/multibuy.js"></script><script type="text/javascript" charset="utf-8" src="./beef_files/compare.js"></script><script type="text/javascript" charset="utf-8" src="./beef_files/webtrends.js"></script><script type="text/javascript">
		    // ======================= VARIABLES ===================================
		    // A LivePerson variable can be defined in one of three different scopes:
		    // 'page' - exists on the current page only
		    // 'session' - exists for the current visitor session
		    // Each object must contain: scope, name, value
		    //defining lpTag required on every page where variables or section are sent from 
		 	 var lpTag = lpTag || {}; lpTag.vars = lpTag.vars  || []; lpTag.dbs = lpTag.dbs || [];
	 	</script>
		
		
<script src="./beef_files/boomerang.js"></script>
<script type="text/javascript"> 
BOOMR.init({
beacon_url: "/wcsstore/ColesStorefrontAssetStore/dist/e0a775baf05f/images/diagnostics/beacon.gif",
site_domain: "shop.coles.com.au",
autorun: false,
log: function() {}
});
</script>
<script src="./beef_files/dojo.js" data-dojo-config="async: 1, baseUrl: &#39;/wcsstore/ColesStorefrontAssetStore/dist/e0a775baf05f&#39;"></script>
<script src="./beef_files/boot.js" data-script-class="search"></script>

<script defer="">
// Push store text into JavaScript (specifically for user agent)
require(["coles/components/message"], function(message){

	
	message.set('USER_AGENT_TABLET', 'iPad,iPhone');
});
</script>
<script>
	// Create a loading framework for external JavaScript (contained in eSpots)
	function loadScript(url, callback){

	    var script = document.createElement("script")
	    script.type = "text/javascript";
	    script.async = true;
	    if (script.readyState){  //IE
	        script.onreadystatechange = function(){
	            if (script.readyState == "complete"){
	                script.onreadystatechange = null;
	                callback();
	            }
	        };
	    } else {  //Others
	        script.onload = function(){
	            callback();
	        };
	    }
	    script.src = url;
	    // For non compliant html5 support (IE8/WindowsXP) issue, insert into Head
	    document.head = document.head || document.getElementsByTagName('head')[0];
	    document.head.appendChild(script);
	}
</script>


<script defer="">
	require(["coles/common/environment"], function(env){
		env.WT_ID = 'dcss9egqp00000sthfwe6qrxc_3j1n';
	});
</script>

<script defer="">
	require(["coles/common/environment"], function(env){
		env.GIGYA_KEY = '2_IXv0rb_ZJqXC8T8y-Mmf4G954_4QuB-bxW91oVjpf8_aBsunPkSbBD2mGNWxc1mx';
	});
</script>

	<script charset="UTF-8" src="./beef_files/tag.js"></script><script charset="UTF-8" id="_lpTagScriptId_0" src="./beef_files/jsonp"></script><style type="text/css">html{_background:url(//about:blank) fixed;}.fby-on select {visibility:hidden!important;}.fby-on .fby-hide-iframe {visibility:hidden!important;}.fby-hide-embed embed {visibility:hidden!important;}.fby-hide-object object {visibility:hidden!important;}#feedbackify *{box-sizing:content-box!important;-moz-box-sizing:content-box!important;-webkit-box-sizing:content-box!important;}#feedbackify input{box-sizing:border-box!important;-moz-box-sizing:border-box!important;-webkit-box-sizing:border-box!important;max-width:none!important;}#feedbackify *:before{content:none!important;}#feedbackify *:after{content:none!important;}#feedbackify ,#feedbackify div,#feedbackify span,#feedbackify textarea,#feedbackify input,#feedbackify table,#feedbackify tbody,#feedbackify tr,#feedbackify td,#feedbackify img,#feedbackify p,#feedbackify a{border:0!important;outline:none!important;width:auto;height:auto;text-align:left!important;text-indent:0!important;float:none!important;padding:0!important;margin:0!important;font:12px arial,helvetica,sans-serif!important;overflow:visible!important;color:#000!important;line-height:1.2!important;background:0 none!important;position:static!important;vertical-align:baseline!important;box-shadow:none!important;}#feedbackify table{border-collapse:collapse!important;border-spacing:0!important;max-width:inherit!important;width:auto!important;}#feedbackify {z-index:2147483646!important;position:static!important;top:0;left:0;}#feedbackify .fby-screen{z-index:2147483646!important;position:fixed!important;top:0;left:0;width:0;height:100%;_position:absolute!important;_top:expression(eval(document.body.scrollTop||document.documentElement.scrollTop))!important;_left:expression(eval(document.body.scrollLeft||document.documentElement.scrollLeft))!important;_width:0!important;_height:expression(document.documentElement.clientHeight||document.body.clientHeight+"px")!important;}#feedbackify .fby-mask{display:none!important;position:fixed!important;top:0;left:0;width:100%;height:100%;background-color:#000!important;opacity:0.2;filter:alpha(opacity=20);_position:absolute!important;_width:expression(document.documentElement.clientWidth||document.body.clientWidth+"px")!important;_height:expression(this.parentNode.style.height)!important;}#feedbackify .fby-show{display:block!important;visibility:visible!important;}#feedbackify .fby-hide{display:none!important;visibility:hidden!important;}</style><style type="text/css">#feedbackify .fby-tab{position:fixed!important;width:36px;height:100px;overflow:hidden!important;_position:absolute!important;}#feedbackify .fby-tab a{display:block!important;position:absolute!important;width:36px;height:100px;background-color:#000000!important;cursor:pointer!important;background:url(http://cdn.feedbackify.com/img/classic/tab.png)!important;_background:none!important;_filter:progid:DXImageTransform.Microsoft.AlphaImageLoader(src=http://cdn.feedbackify.com/img/classic/tab.png)!important;}#feedbackify .fby-tab-l{top:50%;left:0;margin-top:-50px!important;_top:expression((parseInt(this.parentNode.style.height)-this.clientHeight)/2+"px")!important;_margin-top:0!important;}#feedbackify .fby-tab-l a{margin-left:-5px!important;}#feedbackify .fby-tab-l a:hover{margin-left:-2px!important;}#feedbackify .fby-tab-r{top:50%;right:0px!important;margin-top:-50px!important;_top:expression((parseInt(this.parentNode.style.height)-this.clientHeight)/2+"px")!important;_left:expression((document.documentElement.clientWidth||document.body.clientWidth)-this.clientWidth+"px")!important;_margin-top:0!important;}#feedbackify .fby-tab-r a{margin-left:5px!important;}#feedbackify .fby-tab-r a:hover{margin-left:2px!important;}#feedbackify .fby-tab-t{top:0;margin-top:0px!important;}#feedbackify .fby-tab-b{top:auto;bottom:0!important;_top:expression(parseInt(this.parentNode.style.height)-this.clientHeight+"px")!important;}</style><script charset="iso-8859-1" src="./beef_files/mTag.js"></script><style type="text/css">#feedbackify #fby-form{z-index:2147483646!important;width:618px!important;position:absolute!important;}#feedbackify .fby-d-main{width:600px;height:50px;vertical-align:top!important;background-color:#FFFFFF!important;position:relative!important;}#feedbackify .fby-d{background:url(http://cdn.feedbackify.com/img/classic/dlg_shad_sprite.png)!important;_background:none!important;}#feedbackify .fby-d-h{height:9px;background:url(http://cdn.feedbackify.com/img/classic/dlg_shad_sprite_h.png)!important;_background:none!important;}#feedbackify .fby-d-h2{height:9px;background-color:#FFFFFF!important;}#feedbackify .fby-d-tl{background-position:-18px!important;_filter:progid:DXImageTransform.Microsoft.AlphaImageLoader(src=http://cdn.feedbackify.com/img/classic/dlg_shad_tl.png)!important;}#feedbackify .fby-d-t{_filter:progid:DXImageTransform.Microsoft.AlphaImageLoader(src=http://cdn.feedbackify.com/img/classic/dlg_shad_t.png,sizingMethod=scale)!important;}#feedbackify .fby-d-tr{background-position:-36px!important;_filter:progid:DXImageTransform.Microsoft.AlphaImageLoader(src=http://cdn.feedbackify.com/img/classic/dlg_shad_tr.png)!important;}#feedbackify .fby-d-l{_filter:progid:DXImageTransform.Microsoft.AlphaImageLoader(src=http://cdn.feedbackify.com/img/classic/dlg_shad_l.png,sizingMethod=scale)!important;}#feedbackify .fby-d-r{background-position:-9px!important;_filter:progid:DXImageTransform.Microsoft.AlphaImageLoader(src=http://cdn.feedbackify.com/img/classic/dlg_shad_r.png,sizingMethod=scale)!important;}#feedbackify .fby-d-bl{background-position:-54px!important;_filter:progid:DXImageTransform.Microsoft.AlphaImageLoader(src=http://cdn.feedbackify.com/img/classic/dlg_shad_bl.png)!important;}#feedbackify .fby-d-br{background-position:-72px!important;_filter:progid:DXImageTransform.Microsoft.AlphaImageLoader(src=http://cdn.feedbackify.com/img/classic/dlg_shad_br.png)!important;}#feedbackify .fby-d-b{background-position:0px -9px!important;_filter:progid:DXImageTransform.Microsoft.AlphaImageLoader(src=http://cdn.feedbackify.com/img/classic/dlg_shad_b.png,sizingMethod=scale)!important;}#feedbackify .fby-d-load{position:relative!important;}#feedbackify .fby-d-load img{position:absolute!important;left:8px;}#feedbackify .fby-d-load div{position:absolute!important;padding:4px 18px!important;font-size:16px!important;font-weight:bold!important;color:#333!important;}</style><script charset="UTF-8" src="./beef_files/saved_resource"></script><script type="text/javascript" charset="UTF-8" id="lpm-requestOffer-1" src="http://lo.marketer.lpsnmedia.net/openx/www/delivery/al.php?zoneid=20732&source=54889f3dbf79cc6f7df52284334448e9&ControlGroup=false"></script></head>
<body class="search"><div class="popup-mask" aria-hidden="true" style="height: 3999px;"></div>



	
	
	<div id="frmCategoryPage" class="hidden" data-cookie="||28164"></div>

		<div id="promoContainer" style="height: 3999px;">
			<div id="container" class="pageShadow rounded" style="background-color: rgb(255, 255, 255);">
				
<form action="http://shop.coles.com.au/online/COLLocalisationControllerCmd" method="post" name="localisationData" id="localisationData" class="hidden" aria-hidden="true">
	<input type="hidden" name="fullURL" value="http://shop.coles.com.au/webapp/wcs/stores/servlet/SearchDisplay?searchTermScope=&amp;multiSearch=&amp;searchType=2&amp;maxPrice=&amp;showResultsPage=true&amp;langId=-1&amp;beginIndex=0&amp;sType=SimpleSearch&amp;browseView=true&amp;metaData=&amp;manufacturer=&amp;resultCatEntryType=&amp;catalogId=10576&amp;pageView=image&amp;minPrice=&amp;urlLangId=-1&amp;categoryId=28164&amp;storeId=10601">
	<input type="hidden" name="fullURLHttps" value="https://shop.coles.com.au/webapp/wcs/stores/servlet/SearchDisplay?searchTermScope=&amp;multiSearch=&amp;searchType=2&amp;maxPrice=&amp;showResultsPage=true&amp;langId=-1&amp;beginIndex=0&amp;sType=SimpleSearch&amp;browseView=true&amp;metaData=&amp;manufacturer=&amp;resultCatEntryType=&amp;catalogId=10576&amp;pageView=image&amp;minPrice=&amp;urlLangId=-1&amp;categoryId=28164&amp;storeId=10601">
	<input type="hidden" name="currentStoreId" value="10601">
	<input type="hidden" name="currentCatalogId" value="10576">	
	<input type="hidden" name="localisedStoreId" value="">
	<input type="hidden" name="localisedCatalogId" value="">
	<input type="hidden" name="localisationState" value="">
	<input type="hidden" name="suburb" value="">	
	<input type="hidden" name="postcode" value="">
	<input type="hidden" name="zipCode" value="">	
	<input type="hidden" name="longitude" value="">
	<input type="hidden" name="latitude" value="">
	<input type="hidden" name="externalffmcId" value="">
	<input type="hidden" name="redirectUrl" value="">
	<input type="hidden" name="suburbPostCodeId" value="">
	<input type="hidden" name="serviceType" value="">
	<input type="hidden" name="suburbServiceability" value="">
	<input type="hidden" name="state" value="">	
	<input type="hidden" name="country" value="AU">	
	<input type="hidden" name="score" value="">	
	<input type="hidden" name="collectionpoint" value="">	
	<input type="hidden" name="zoneId" value="">	
	<input type="hidden" name="stlocId" value="">
	<input type="hidden" name="addressId" value="">
	
	<input type="hidden" name="localisationTrigger" value="">	
	<input type="hidden" name="userType" value="G">
		
	
	<input type="hidden" name="URL" value="">
	<input type="hidden" name="errorViewName" value="">
	<input type="hidden" name="inputSuburbPostCodeId" value="">
	<input type="hidden" name="ProfileBusinessUser_null_a_1" value="">	
	<input type="hidden" name="ProfileBusinessCustomerName_null_a_1" value="">	
	<input type="hidden" name="ProfileBusinessCustomerABN_null_a_1" value="">	
	<input type="hidden" name="firstName" value="">	
	<input type="hidden" name="lastName" value="">	
	<input type="hidden" name="logonId" value="">	
	<input type="hidden" name="dateOfBirth" value="">	
	<input type="hidden" name="logonPassword" value="">	
	<input type="hidden" name="logonPasswordVerify" value="">	
	<input type="hidden" name="chkSubscriptionRegister" value="">
	<input type="hidden" name="emailPreference" value="">
	
	
	<input type="hidden" name="storeId" value="10601">
	<input type="hidden" name="catalogId" value="10576">	
	<input type="hidden" name="fulfillmentCenterId" value="11576">	
	
	<input type="hidden" name="authToken" value="">
	<input type="hidden" name="localisationAction" value="https://shop.coles.com.au/online/COLLocalisationControllerCmd?catalogId=10576&amp;langId=-1&amp;storeId=10601">
	<input type="hidden" name="registrationAction" value="https://shop.coles.com.au/online/UserRegistrationAdd?catalogId=10576&amp;langId=-1&amp;storeId=10601">	
</form>

				<a href="http://shop.coles.com.au/online/SearchDisplay?searchTermScope=&multiSearch=&searchType=2&maxPrice=&showResultsPage=true&langId=-1&beginIndex=0&sType=SimpleSearch&browseView=true&metaData=&manufacturer=&resultCatEntryType=&catalogId=10576&pageView=image&minPrice=&urlLangId=-1&categoryId=28164&storeId=10601#logIn" title="Login to Coles Online" class="popup-launch action-login accessibility">Login to Coles Online</a>
			
    	<a href="http://shop.coles.com.au/online/SearchDisplay?searchTermScope=&multiSearch=&searchType=2&maxPrice=&showResultsPage=true&langId=-1&beginIndex=0&sType=SimpleSearch&browseView=true&metaData=&manufacturer=&resultCatEntryType=&catalogId=10576&pageView=image&minPrice=&urlLangId=-1&categoryId=28164&storeId=10601#" id="viewTrolley" class="arrow action-show-viewTrolley accessibility" title="View trolley">View trolley</a>
	 
<a href="http://shop.coles.com.au/online/SearchDisplay?searchTermScope=&multiSearch=&searchType=2&maxPrice=&showResultsPage=true&langId=-1&beginIndex=0&sType=SimpleSearch&browseView=true&metaData=&manufacturer=&resultCatEntryType=&catalogId=10576&pageView=image&minPrice=&urlLangId=-1&categoryId=28164&storeId=10601#page-heading" title="" class="accessibility">Skip to content </a>

		<a href="http://shop.coles.com.au/online/SearchDisplay?searchTermScope=&multiSearch=&searchType=2&maxPrice=&showResultsPage=true&langId=-1&beginIndex=0&sType=SimpleSearch&browseView=true&metaData=&manufacturer=&resultCatEntryType=&catalogId=10576&pageView=image&minPrice=&urlLangId=-1&categoryId=28164&storeId=10601#skip-to-products" title="" class="accessibility">Skip to products </a>
	

<div id="header" style="top: -121px;">
	<div class="headerWrapper">
		

<div id="logo" role="banner">	
	<a href="http://shop.coles.com.au/online/national">
		<img src="./beef_files/logo-coles.png" width="143" height="45" alt="Return to Coles online home" title="Return to Coles online home">	
	</a>	
</div>

		
        <div class="contact">
			<a href="http://shop.coles.com.au/online/national">Home</a><span class="pie-separator">|</span>
			
			<a href="http://shop.coles.com.au/online/national/contact-us" class="pipe" title="Contact us">Contact us</a><span class="pie-separator">|</span>
			
			<a href="http://shop.coles.com.au/online/national/info/help">Help</a>
		</div>
		<div class="clear"></div>
	<!-- START: LivePerson -->

<script defer="">	
	var LP_ID = '40889649'; 
	window.lpTag=window.lpTag||{};if(typeof window.lpTag._tagCount==='undefined'){window.lpTag={site:LP_ID,section:lpTag.section||'',autoStart:lpTag.autoStart===false?false:true,ovr:lpTag.ovr||{},_v:'1.5.1',_tagCount:1,protocol:location.protocol,events:{bind:function(app,ev,fn){lpTag.defer(function(){lpTag.events.bind(app,ev,fn)},0)},trigger:function(app,ev,json){lpTag.defer(function(){lpTag.events.trigger(app,ev,json)},1)}},defer:function(fn,fnType){if(fnType==0){this._defB=this._defB||[];this._defB.push(fn)}else if(fnType==1){this._defT=this._defT||[];this._defT.push(fn)}else{this._defL=this._defL||[];this._defL.push(fn)}},load:function(src,chr,id){var t=this;setTimeout(function(){t._load(src,chr,id)},0)},_load:function(src,chr,id){var url=src;if(!src){url=this.protocol+'//'+((this.ovr&&this.ovr.domain)?this.ovr.domain:'lptag.liveperson.net')+'/tag/tag.js?site='+this.site}var s=document.createElement('script');s.setAttribute('charset',chr?chr:'UTF-8');if(id){s.setAttribute('id',id)}s.setAttribute('src',url);document.getElementsByTagName('head').item(0).appendChild(s)},init:function(){this._timing=this._timing||{};this._timing.start=(new Date()).getTime();var that=this;if(window.attachEvent){window.attachEvent('onload',function(){that._domReady('domReady')})}else{window.addEventListener('DOMContentLoaded',function(){that._domReady('contReady')},false);window.addEventListener('load',function(){that._domReady('domReady')},false)}if(typeof(window._lptStop)=='undefined'){this.load()}},start:function(){this.autoStart=true},_domReady:function(n){if(!this.isDom){this.isDom=true;this.events.trigger('LPT','DOM_READY',{t:n})}this._timing[n]=(new Date()).getTime()},vars:lpTag.vars||[],dbs:lpTag.dbs||[],ctn:lpTag.ctn||[],sdes:lpTag.sdes||[],ev:lpTag.ev||[]};lpTag.init()}else{window.lpTag._tagCount+=1}
</script>
<!-- LivePerson (US5149): Placehodler for a chat button, please put div in the exact location on the page -->
<div id="lpChatButton" style="visibility: visible;"><span></span></div> 
<!-- END: LivePerson -->

<div class="clear"></div>

<noscript>
	&lt;p&gt;Javascript is not supported, or is disabled in your web browser and is required for this site to function.&lt;/p&gt;
</noscript>

		<meta name="CommerceSearch" content="storeId_10601">
		

<div class="menuWrapper">
	<div id="menu" class="rounded grad-red" role="navigation">
		
<div id="browseAisles" class="megamenu" role="navigation">
	<div id="megamenutip" class="accessibility hidden" role="presentation">To exit this menu, Hit escape. After exiting this menu, you can navigate the rest of this page.</div>
	
    <a href="http://shop.coles.com.au/online/SearchDisplay?searchTermScope=&multiSearch=&searchType=2&maxPrice=&showResultsPage=true&langId=-1&beginIndex=0&sType=SimpleSearch&browseView=true&metaData=&manufacturer=&resultCatEntryType=&catalogId=10576&pageView=image&minPrice=&urlLangId=-1&categoryId=28164&storeId=10601#aisleMenu" class="megamenu-launch" title="Shop by Category"><span>Shop by Category</span></a>
	<ul id="aisleMenu" role="menu" class="columnEnabled" tabindex="-1" aria-hidden="true" style="opacity: 0; height: auto; overflow: hidden; display: none;">
		
			
			<li>
				
							
					<a role="menuitem" id="aisleMenu_1" aria-haspopup="true" href="http://shop.coles.com.au/online/national/specials-offers" class="aisle" title="Browse the Specials &amp; Offers aisle">
						Specials &amp; Offers <span>→</span>
					</a>
					
					<div id="menu-1" class="column-list clearfix" data-rows="22" role="navigation" aria-hidden="true" style="display: none;">
						<h2>
							<a role="menuitem" id="sub-menu-1_0" class="subCatHeader" title="Specials &amp; Offers Category" href="http://shop.coles.com.au/online/national/specials-offers">
								Specials &amp; Offers
							</a>
							<span class="aisle-search">&nbsp;
								<a role="menuitem" id="sub-menu-1_1" class="browseAllSubCategory" href="http://shop.coles.com.au/online/national/specials-offers/specials-offers" title="Browse all items">
								 Browse all items<span>→</span>
								</a>
							</span>
						</h2>
						
						
					<ul role="menu" id="sub-menu-1" data-col-items="menu-1" class="hidden">
						
							<li class="section"><a role="menuitem" id="sub-menu-1_2" href="http://shop.coles.com.au/online/national/specials-offers/bread-bakery-specials-offers" title="Bread &amp; Bakery Specials &amp; Offers sub category">Bread &amp; Bakery Specials &amp; Offers</a></li>
							
							
								<li><a role="menuitem" id="sub-menu-1_3" href="http://shop.coles.com.au/online/national/specials-offers/bread-bakery-specials-offers/fresh-specials-offers" title="From Our Bakery Specials &amp; Offers">From Our Bakery Specials &amp; Offers</a></li>
							
								<li><a role="menuitem" id="sub-menu-1_4" href="http://shop.coles.com.au/online/national/specials-offers/bread-bakery-specials-offers/packaged-bread-bakery-specials-offers" title="Packaged Bread &amp; Bakery Specials &amp; Offers">Packaged Bread &amp; Bakery Specials &amp; Offers</a></li>
							
							<li class="section"><a role="menuitem" id="sub-menu-1_5" href="http://shop.coles.com.au/online/national/specials-offers/stationery-media-specials-offers" title="Stationery &amp; Media Specials &amp; Offers sub category">Stationery &amp; Media Specials &amp; Offers</a></li>
							
							
								<li><a role="menuitem" id="sub-menu-1_6" href="http://shop.coles.com.au/online/national/specials-offers/stationery-media-specials-offers/tv-shows-movies-section-specials-offers" title="Cds, Dvds &amp; Blu Rays Specials &amp; Offers">Cds, Dvds &amp; Blu Rays Specials &amp; Offers</a></li>
							
								<li><a role="menuitem" id="sub-menu-1_7" href="http://shop.coles.com.au/online/national/specials-offers/stationery-media-specials-offers/stationery-specials-offers" title="Stationery Specials &amp; Offers">Stationery Specials &amp; Offers</a></li>
							
							<li class="section"><a role="menuitem" id="sub-menu-1_8" href="http://shop.coles.com.au/online/national/specials-offers/fruit-vegetables-specials-offers" title="Fruit &amp; Vegetables Specials &amp; Offers sub category">Fruit &amp; Vegetables Specials &amp; Offers</a></li>
							
							
								<li><a role="menuitem" id="sub-menu-1_9" href="http://shop.coles.com.au/online/national/specials-offers/fruit-vegetables-specials-offers/boxes-fruit-veg-specials-offers" title="Boxes Fruit &amp; Veg Specials &amp; Offers">Boxes Fruit &amp; Veg Specials &amp; Offers</a></li>
							
								<li><a role="menuitem" id="sub-menu-1_10" href="http://shop.coles.com.au/online/national/specials-offers/fruit-vegetables-specials-offers/fruits-specials-offers" title="Fruit Specials &amp; Offers">Fruit Specials &amp; Offers</a></li>
							
								<li><a role="menuitem" id="sub-menu-1_11" href="http://shop.coles.com.au/online/national/specials-offers/fruit-vegetables-specials-offers/vegetables-specials-offers" title="Vegetables Specials &amp; Offers">Vegetables Specials &amp; Offers</a></li>
							
								<li><a role="menuitem" id="sub-menu-1_12" href="http://shop.coles.com.au/online/national/specials-offers/fruit-vegetables-specials-offers/salad-herbs-specials-offers" title="Salad &amp; Herbs Specials &amp; Offers">Salad &amp; Herbs Specials &amp; Offers</a></li>
							
								<li><a role="menuitem" id="sub-menu-1_13" href="http://shop.coles.com.au/online/national/specials-offers/fruit-vegetables-specials-offers/nuts-dried-fruit-specials-offers" title="Nuts &amp; Dried Fruit Specials &amp; Offers">Nuts &amp; Dried Fruit Specials &amp; Offers</a></li>
							
							<li class="section"><a role="menuitem" id="sub-menu-1_14" href="http://shop.coles.com.au/online/national/specials-offers/dairy--eggs-meals-specials-offers" title="Dairy, Eggs &amp; Meals Specials &amp; Offers sub category">Dairy, Eggs &amp; Meals Specials &amp; Offers</a></li>
							
							
								<li><a role="menuitem" id="sub-menu-1_15" href="http://shop.coles.com.au/online/national/specials-offers/dairy--eggs-meals-specials-offers/dairy-eggs-specials-offers" title="Dairy &amp; Eggs Specials &amp; Offers">Dairy &amp; Eggs Specials &amp; Offers</a></li>
							
								<li><a role="menuitem" id="sub-menu-1_16" href="http://shop.coles.com.au/online/national/specials-offers/dairy--eggs-meals-specials-offers/fresh-pasta-sauces-specials-offers" title="Fresh Pasta &amp; Sauces Specials &amp; Offers">Fresh Pasta &amp; Sauces Specials &amp; Offers</a></li>
							
								<li><a role="menuitem" id="sub-menu-1_17" href="http://shop.coles.com.au/online/national/specials-offers/dairy--eggs-meals-specials-offers/garlic-bread-pastry-sheets-specials-offers" title="Garlic Bread &amp; Pastry Sheets Specials &amp; Offers">Garlic Bread &amp; Pastry Sheets Specials &amp; Offers</a></li>
							
								<li><a role="menuitem" id="sub-menu-1_18" href="http://shop.coles.com.au/online/national/specials-offers/dairy--eggs-meals-specials-offers/ready-to-eat-meals-specials-offers" title="Ready to Eat Meals Specials &amp; Offers">Ready to Eat Meals Specials &amp; Offers</a></li>
							
							<li class="section"><a role="menuitem" id="sub-menu-1_19" href="http://shop.coles.com.au/online/national/specials-offers/frozen-specials-offers" title="Frozen Foods Specials &amp; Offers sub category">Frozen Foods Specials &amp; Offers</a></li>
							
							
								<li><a role="menuitem" id="sub-menu-1_20" href="http://shop.coles.com.au/online/national/specials-offers/frozen-specials-offers/frozen-food-specials-offers" title="Frozen Food Specials &amp; Offers">Frozen Food Specials &amp; Offers</a></li>
							
								<li><a role="menuitem" id="sub-menu-1_21" href="http://shop.coles.com.au/online/national/specials-offers/frozen-specials-offers/frozen-ready-meals-specials-offers" title="Frozen Ready Meals Specials &amp; Offers">Frozen Ready Meals Specials &amp; Offers</a></li>
							
							<li class="section"><a role="menuitem" id="sub-menu-1_22" href="http://shop.coles.com.au/online/national/specials-offers/pet-specials-offers" title="Pet Specials &amp; Offers sub category">Pet Specials &amp; Offers</a></li>
							
							
								<li><a role="menuitem" id="sub-menu-1_23" href="http://shop.coles.com.au/online/national/specials-offers/pet-specials-offers/cat-kitten-specials-offers" title="Cat &amp; Kitten Specials &amp; Offers">Cat &amp; Kitten Specials &amp; Offers</a></li>
							
								<li><a role="menuitem" id="sub-menu-1_24" href="http://shop.coles.com.au/online/national/specials-offers/pet-specials-offers/dog-puppy-specials-offers" title="Dog &amp; Puppy Specials &amp; Offers">Dog &amp; Puppy Specials &amp; Offers</a></li>
							
							<li class="section"><a role="menuitem" id="sub-menu-1_25" href="http://shop.coles.com.au/online/national/specials-offers/household-specials-offers" title="Household Specials &amp; Offers sub category">Household Specials &amp; Offers</a></li>
							
							
								<li><a role="menuitem" id="sub-menu-1_26" href="http://shop.coles.com.au/online/national/specials-offers/household-specials-offers/bathroom-specials-offers" title="Bathroom Specials &amp; Offers">Bathroom Specials &amp; Offers</a></li>
							
								<li><a role="menuitem" id="sub-menu-1_27" href="http://shop.coles.com.au/online/national/specials-offers/household-specials-offers/general-purpose-cleaners-specials-offers" title="Cleaners All Purpose Specials &amp; Offers">Cleaners All Purpose Specials &amp; Offers</a></li>
							
								<li><a role="menuitem" id="sub-menu-1_28" href="http://shop.coles.com.au/online/national/specials-offers/household-specials-offers/cooking-and-baking-specials-offers" title="Cooking and Baking Specials &amp; Offers">Cooking and Baking Specials &amp; Offers</a></li>
							
								<li><a role="menuitem" id="sub-menu-1_29" href="http://shop.coles.com.au/online/national/specials-offers/household-specials-offers/electrical-specials-offers" title="Electrical Specials &amp; Offers">Electrical Specials &amp; Offers</a></li>
							
								<li><a role="menuitem" id="sub-menu-1_30" href="http://shop.coles.com.au/online/national/specials-offers/household-specials-offers/food-storage-specials-offers" title="Food Storage Specials &amp; Offers">Food Storage Specials &amp; Offers</a></li>
							
								<li><a role="menuitem" id="sub-menu-1_31" href="http://shop.coles.com.au/online/national/specials-offers/household-specials-offers/homewares-specials-offers" title="Homewares Specials &amp; Offers">Homewares Specials &amp; Offers</a></li>
							
								<li><a role="menuitem" id="sub-menu-1_32" href="http://shop.coles.com.au/online/national/specials-offers/household-specials-offers/household-accessories-specials-offers" title="Household Accessories Specials &amp; Offers">Household Accessories Specials &amp; Offers</a></li>
							
								<li><a role="menuitem" id="sub-menu-1_33" href="http://shop.coles.com.au/online/national/specials-offers/household-specials-offers/kitchen-specials-offers" title="Kitchen Specials &amp; Offers">Kitchen Specials &amp; Offers</a></li>
							
								<li><a role="menuitem" id="sub-menu-1_34" href="http://shop.coles.com.au/online/national/specials-offers/household-specials-offers/laundry-needs-specials-offers" title="Laundry Needs Specials &amp; Offers">Laundry Needs Specials &amp; Offers</a></li>
							
							<li class="section"><a role="menuitem" id="sub-menu-1_35" href="http://shop.coles.com.au/online/national/specials-offers/baby-specials-offers" title="Baby Specials &amp; Offers sub category">Baby Specials &amp; Offers</a></li>
							
							
								<li><a role="menuitem" id="sub-menu-1_36" href="http://shop.coles.com.au/online/national/specials-offers/baby-specials-offers/nappies-changing-specials-offers" title="Nappies &amp; Changing Specials &amp; Offers">Nappies &amp; Changing Specials &amp; Offers</a></li>
							
								<li><a role="menuitem" id="sub-menu-1_37" href="http://shop.coles.com.au/online/national/specials-offers/baby-specials-offers/food-specials-offers" title="Food Specials &amp; Offers">Food Specials &amp; Offers</a></li>
							
								<li><a role="menuitem" id="sub-menu-1_38" href="http://shop.coles.com.au/online/national/specials-offers/baby-specials-offers/formula-specials-offers" title="Formula Specials &amp; Offers">Formula Specials &amp; Offers</a></li>
							
							<li class="section"><a role="menuitem" id="sub-menu-1_39" href="http://shop.coles.com.au/online/national/specials-offers/pantry-specials-offers" title="Pantry Specials &amp; Offers sub category">Pantry Specials &amp; Offers</a></li>
							
							
								<li><a role="menuitem" id="sub-menu-1_40" href="http://shop.coles.com.au/online/national/specials-offers/pantry-specials-offers/breakfast-specials-offers" title="Breakfast Specials &amp; Offers">Breakfast Specials &amp; Offers</a></li>
							
								<li><a role="menuitem" id="sub-menu-1_41" href="http://shop.coles.com.au/online/national/specials-offers/pantry-specials-offers/snacks-specials-offers" title="Snacks Specials &amp; Offers">Snacks Specials &amp; Offers</a></li>
							
								<li><a role="menuitem" id="sub-menu-1_42" href="http://shop.coles.com.au/online/national/specials-offers/pantry-specials-offers/chocolates-lollies-specials-offers" title="Confectionery Specials &amp; Offers">Confectionery Specials &amp; Offers</a></li>
							
								<li><a role="menuitem" id="sub-menu-1_43" href="http://shop.coles.com.au/online/national/specials-offers/pantry-specials-offers/herbs-spices-specials-offers" title="Herbs &amp; Spices Specials &amp; Offers">Herbs &amp; Spices Specials &amp; Offers</a></li>
							
								<li><a role="menuitem" id="sub-menu-1_44" href="http://shop.coles.com.au/online/national/specials-offers/pantry-specials-offers/baking-specials-offers" title="Baking Specials &amp; Offers">Baking Specials &amp; Offers</a></li>
							
								<li><a role="menuitem" id="sub-menu-1_45" href="http://shop.coles.com.au/online/national/specials-offers/pantry-specials-offers/condiments-specials-offers" title="Condiments Specials &amp; Offers">Condiments Specials &amp; Offers</a></li>
							
								<li><a role="menuitem" id="sub-menu-1_46" href="http://shop.coles.com.au/online/national/specials-offers/pantry-specials-offers/sauces-specials-offers" title="Sauces Specials &amp; Offers">Sauces Specials &amp; Offers</a></li>
							
								<li><a role="menuitem" id="sub-menu-1_47" href="http://shop.coles.com.au/online/national/specials-offers/pantry-specials-offers/oils-vinegars-specials-offers" title="Oils &amp; Vinegars Specials &amp; Offers">Oils &amp; Vinegars Specials &amp; Offers</a></li>
							
								<li><a role="menuitem" id="sub-menu-1_48" href="http://shop.coles.com.au/online/national/specials-offers/pantry-specials-offers/pasta--rice--grains-specials-offers" title="Pasta, Rice, Grains Specials &amp; Offers">Pasta, Rice, Grains Specials &amp; Offers</a></li>
							
								<li><a role="menuitem" id="sub-menu-1_49" href="http://shop.coles.com.au/online/national/specials-offers/pantry-specials-offers/canned-foods--soups-noodles-specials-offers" title="Canned Foods, Soups &amp; Noodles Specials &amp; Offers">Canned Foods, Soups &amp; Noodles Specials &amp; Offers</a></li>
							
								<li><a role="menuitem" id="sub-menu-1_50" href="http://shop.coles.com.au/online/national/specials-offers/pantry-specials-offers/tea-coffee-specials-offers" title="Tea &amp; Coffee Specials &amp; Offers">Tea &amp; Coffee Specials &amp; Offers</a></li>
							
								<li><a role="menuitem" id="sub-menu-1_51" href="http://shop.coles.com.au/online/national/specials-offers/pantry-specials-offers/easter-snacks-specials-offers" title="Easter Chocolate Specials &amp; Offers">Easter Chocolate Specials &amp; Offers</a></li>
							
							<li class="section"><a role="menuitem" id="sub-menu-1_52" href="http://shop.coles.com.au/online/national/specials-offers/health-beauty-specials-offers" title="Health &amp; Beauty Specials &amp; Offers sub category">Health &amp; Beauty Specials &amp; Offers</a></li>
							
							
								<li><a role="menuitem" id="sub-menu-1_53" href="http://shop.coles.com.au/online/national/specials-offers/health-beauty-specials-offers/cosmetics-specials-offers" title="Cosmetics Specials &amp; Offers">Cosmetics Specials &amp; Offers</a></li>
							
								<li><a role="menuitem" id="sub-menu-1_54" href="http://shop.coles.com.au/online/national/specials-offers/health-beauty-specials-offers/dental-specials-offers" title="Dental Specials &amp; Offers">Dental Specials &amp; Offers</a></li>
							
								<li><a role="menuitem" id="sub-menu-1_55" href="http://shop.coles.com.au/online/national/specials-offers/health-beauty-specials-offers/hair-care-specials-offers" title="Hair Care Specials &amp; Offers">Hair Care Specials &amp; Offers</a></li>
							
								<li><a role="menuitem" id="sub-menu-1_56" href="http://shop.coles.com.au/online/national/specials-offers/health-beauty-specials-offers/hair-removal-specials-offers" title="Hair Removal Specials &amp; Offers">Hair Removal Specials &amp; Offers</a></li>
							
								<li><a role="menuitem" id="sub-menu-1_57" href="http://shop.coles.com.au/online/national/specials-offers/health-beauty-specials-offers/medicinal-specials-offers" title="Medicinal Specials &amp; Offers">Medicinal Specials &amp; Offers</a></li>
							
								<li><a role="menuitem" id="sub-menu-1_58" href="http://shop.coles.com.au/online/national/specials-offers/health-beauty-specials-offers/personal-care-hygiene-specials-offers" title="Personal Care &amp; Hygiene Specials &amp; Offers">Personal Care &amp; Hygiene Specials &amp; Offers</a></li>
							
								<li><a role="menuitem" id="sub-menu-1_59" href="http://shop.coles.com.au/online/national/specials-offers/health-beauty-specials-offers/shower-bath-care-specials-offers" title="Shower &amp; Bath Care Specials &amp; Offers">Shower &amp; Bath Care Specials &amp; Offers</a></li>
							
								<li><a role="menuitem" id="sub-menu-1_60" href="http://shop.coles.com.au/online/national/specials-offers/health-beauty-specials-offers/skin-care-specials-offers" title="Skin Care Specials &amp; Offers">Skin Care Specials &amp; Offers</a></li>
							
							<li class="section"><a role="menuitem" id="sub-menu-1_61" href="http://shop.coles.com.au/online/national/specials-offers/drinks-specials-offers" title="Drinks Specials &amp; Offers sub category">Drinks Specials &amp; Offers</a></li>
							
							
								<li><a role="menuitem" id="sub-menu-1_62" href="http://shop.coles.com.au/online/national/specials-offers/drinks-specials-offers/cold-specials-offers" title="All Drinks Specials &amp; Offers">All Drinks Specials &amp; Offers</a></li>
							
							<li class="section"><a role="menuitem" id="sub-menu-1_63" href="http://shop.coles.com.au/online/national/specials-offers/liquor-specials-offers" title="Alcohol Specials &amp; Offers sub category">Alcohol Specials &amp; Offers</a></li>
							
							
								<li><a role="menuitem" id="sub-menu-1_64" href="http://shop.coles.com.au/online/national/specials-offers/liquor-specials-offers/beer--spirits-wine-specials-offers" title="Beer, Spirits &amp; Wine Specials &amp; Offers">Beer, Spirits &amp; Wine Specials &amp; Offers</a></li>
							
							<li class="section"><a role="menuitem" id="sub-menu-1_65" href="http://shop.coles.com.au/online/national/specials-offers/chilled-fresh-food-specials-offers" title="Meat, Seafood &amp; Deli Specials &amp; Offers sub category">Meat, Seafood &amp; Deli Specials &amp; Offers</a></li>
							
							
								<li><a role="menuitem" id="sub-menu-1_66" href="http://shop.coles.com.au/online/national/specials-offers/chilled-fresh-food-specials-offers/fresh-meat-specials-offers" title="Meat Specials &amp; Offers">Meat Specials &amp; Offers</a></li>
							
								<li><a role="menuitem" id="sub-menu-1_67" href="http://shop.coles.com.au/online/national/specials-offers/chilled-fresh-food-specials-offers/seafood-specials-offers" title="Seafood Specials &amp; Offers">Seafood Specials &amp; Offers</a></li>
							
								<li><a role="menuitem" id="sub-menu-1_68" href="http://shop.coles.com.au/online/national/specials-offers/chilled-fresh-food-specials-offers/deli-meats-specials-offers" title="Deli Meats Specials &amp; Offers">Deli Meats Specials &amp; Offers</a></li>
							
								<li><a role="menuitem" id="sub-menu-1_69" href="http://shop.coles.com.au/online/national/specials-offers/chilled-fresh-food-specials-offers/deli-specialty-specials-offers" title="Deli Specialty Specials &amp; Offers">Deli Specialty Specials &amp; Offers</a></li>
							
					</ul>
				</div>							
											
			</li>									
		
			
			<li>
				
							
					<a role="menuitem" id="aisleMenu_2" aria-haspopup="true" href="http://shop.coles.com.au/online/national/bread-bakery" class="aisle" title="Browse the Bread &amp; Bakery aisle">
						Bread &amp; Bakery <span>→</span>
					</a>
					
					<div id="menu-2" class="column-list clearfix" data-rows="22" role="navigation" aria-hidden="true" style="display: none;">
						<h2>
							<a role="menuitem" id="sub-menu-2_0" class="subCatHeader" title="Bread &amp; Bakery Category" href="http://shop.coles.com.au/online/national/bread-bakery">
								Bread &amp; Bakery
							</a>
							<span class="aisle-search">&nbsp;
								<a role="menuitem" id="sub-menu-2_1" class="browseAllSubCategory" href="http://shop.coles.com.au/online/national/bread-bakery/bread-bakery" title="Browse all items">
								 Browse all items<span>→</span>
								</a>
							</span>
						</h2>
						
						
					<ul role="menu" id="sub-menu-2" data-col-items="menu-2" class="hidden">
						
							<li class="section"><a role="menuitem" id="sub-menu-2_2" href="http://shop.coles.com.au/online/national/bread-bakery/fresh" title="From Our Bakery sub category">From Our Bakery</a></li>
							
							
								<li><a role="menuitem" id="sub-menu-2_3" href="http://shop.coles.com.au/online/national/bread-bakery/fresh/bread" title="Bread">Bread</a></li>
							
								<li><a role="menuitem" id="sub-menu-2_4" href="http://shop.coles.com.au/online/national/bread-bakery/fresh/bakery-cakes" title="Bakery Cakes">Bakery Cakes</a></li>
							
								<li><a role="menuitem" id="sub-menu-2_5" href="http://shop.coles.com.au/online/national/bread-bakery/fresh/cupcakes-muffins" title="Cupcakes &amp; Muffins">Cupcakes &amp; Muffins</a></li>
							
								<li><a role="menuitem" id="sub-menu-2_6" href="http://shop.coles.com.au/online/national/bread-bakery/fresh/donuts-cookies" title="Donuts &amp; Cookies">Donuts &amp; Cookies</a></li>
							
								<li><a role="menuitem" id="sub-menu-2_7" href="http://shop.coles.com.au/online/national/bread-bakery/fresh/desserts-danishes" title="Pastries &amp; Desserts">Pastries &amp; Desserts</a></li>
							
								<li><a role="menuitem" id="sub-menu-2_8" href="http://shop.coles.com.au/online/national/bread-bakery/fresh/hot-cross-buns" title="Bakery Hot Cross Buns">Bakery Hot Cross Buns</a></li>
							
							<li class="section"><a role="menuitem" id="sub-menu-2_9" href="http://shop.coles.com.au/online/national/bread-bakery/packaged-bread-bakery" title="Packaged Bread &amp; Bakery sub category">Packaged Bread &amp; Bakery</a></li>
							
							
								<li><a role="menuitem" id="sub-menu-2_10" href="http://shop.coles.com.au/online/national/bread-bakery/packaged-bread-bakery/packaged-bread" title="Packaged Bread">Packaged Bread</a></li>
							
								<li><a role="menuitem" id="sub-menu-2_11" href="http://shop.coles.com.au/online/national/bread-bakery/packaged-bread-bakery/cakes" title="Cakes">Cakes</a></li>
							
								<li><a role="menuitem" id="sub-menu-2_12" href="http://shop.coles.com.au/online/national/bread-bakery/packaged-bread-bakery/cookies-biscuits" title="Cookies &amp; Biscuits">Cookies &amp; Biscuits</a></li>
							
								<li><a role="menuitem" id="sub-menu-2_13" href="http://shop.coles.com.au/online/national/bread-bakery/packaged-bread-bakery/crumpets-pancakes" title="Crumpets &amp; Pancakes">Crumpets &amp; Pancakes</a></li>
							
								<li><a role="menuitem" id="sub-menu-2_14" href="http://shop.coles.com.au/online/national/bread-bakery/packaged-bread-bakery/muffins-cupcakes" title="Muffins &amp; Cupcakes">Muffins &amp; Cupcakes</a></li>
							
								<li><a role="menuitem" id="sub-menu-2_15" href="http://shop.coles.com.au/online/national/bread-bakery/packaged-bread-bakery/desserts-pastries" title="Desserts &amp; Pastries">Desserts &amp; Pastries</a></li>
							
								<li><a role="menuitem" id="sub-menu-2_16" href="http://shop.coles.com.au/online/national/bread-bakery/packaged-bread-bakery/pizza-bases" title="Pizza Bases">Pizza Bases</a></li>
							
								<li><a role="menuitem" id="sub-menu-2_17" href="http://shop.coles.com.au/online/national/bread-bakery/packaged-bread-bakery/rolls-bagels" title="Rolls &amp; Bagels">Rolls &amp; Bagels</a></li>
							
								<li><a role="menuitem" id="sub-menu-2_18" href="http://shop.coles.com.au/online/national/bread-bakery/packaged-bread-bakery/wraps-flatbread" title="Wraps &amp; Flatbread">Wraps &amp; Flatbread</a></li>
							
								<li><a role="menuitem" id="sub-menu-2_19" href="http://shop.coles.com.au/online/national/bread-bakery/packaged-bread-bakery/gluten-free-bakery-1571208" title="Gluten Free Bakery">Gluten Free Bakery</a></li>
							
					</ul>
				</div>							
											
			</li>									
		
			
			<li>
				
							
					<a role="menuitem" id="aisleMenu_3" aria-haspopup="true" href="http://shop.coles.com.au/online/national/fruit-vegetables" class="aisle" title="Browse the Fruit &amp; Vegetables aisle">
						Fruit &amp; Vegetables <span>→</span>
					</a>
					
					<div id="menu-3" class="column-list clearfix" data-rows="22" role="navigation" aria-hidden="true" style="display: none;">
						<h2>
							<a role="menuitem" id="sub-menu-3_0" class="subCatHeader" title="Fruit &amp; Vegetables Category" href="http://shop.coles.com.au/online/national/fruit-vegetables">
								Fruit &amp; Vegetables
							</a>
							<span class="aisle-search">&nbsp;
								<a role="menuitem" id="sub-menu-3_1" class="browseAllSubCategory" href="http://shop.coles.com.au/online/national/fruit-vegetables/fruit-vegetables" title="Browse all items">
								 Browse all items<span>→</span>
								</a>
							</span>
						</h2>
						
						
					<ul role="menu" id="sub-menu-3" data-col-items="menu-3" class="hidden">
						
							<li class="section"><a role="menuitem" id="sub-menu-3_2" href="http://shop.coles.com.au/online/national/fruit-vegetables/boxes-fruit-vege" title="Boxes Fruit &amp; Veg sub category">Boxes Fruit &amp; Veg</a></li>
							
							
								<li><a role="menuitem" id="sub-menu-3_3" href="http://shop.coles.com.au/online/national/fruit-vegetables/boxes-fruit-vege/fruit-vege-boxes" title="Fruit &amp; Veg Boxes">Fruit &amp; Veg Boxes</a></li>
							
							<li class="section"><a role="menuitem" id="sub-menu-3_4" href="http://shop.coles.com.au/online/national/fruit-vegetables/fruit" title="Fruit sub category">Fruit</a></li>
							
							
								<li><a role="menuitem" id="sub-menu-3_5" href="http://shop.coles.com.au/online/national/fruit-vegetables/fruit/organic-fruit" title="Organic Fruit">Organic Fruit</a></li>
							
								<li><a role="menuitem" id="sub-menu-3_6" href="http://shop.coles.com.au/online/national/fruit-vegetables/fruit/apples" title="Apples">Apples</a></li>
							
								<li><a role="menuitem" id="sub-menu-3_7" href="http://shop.coles.com.au/online/national/fruit-vegetables/fruit/pears" title="Pears">Pears</a></li>
							
								<li><a role="menuitem" id="sub-menu-3_8" href="http://shop.coles.com.au/online/national/fruit-vegetables/fruit/fresh-bananas" title="Fresh Bananas">Fresh Bananas</a></li>
							
								<li><a role="menuitem" id="sub-menu-3_9" href="http://shop.coles.com.au/online/national/fruit-vegetables/fruit/berries-cherries" title="Berries &amp; Cherries">Berries &amp; Cherries</a></li>
							
								<li><a role="menuitem" id="sub-menu-3_10" href="http://shop.coles.com.au/online/national/fruit-vegetables/fruit/grapes" title="Grapes">Grapes</a></li>
							
								<li><a role="menuitem" id="sub-menu-3_11" href="http://shop.coles.com.au/online/national/fruit-vegetables/fruit/oranges" title="Oranges">Oranges</a></li>
							
								<li><a role="menuitem" id="sub-menu-3_12" href="http://shop.coles.com.au/online/national/fruit-vegetables/fruit/grapefruit" title="Grapefruit">Grapefruit</a></li>
							
								<li><a role="menuitem" id="sub-menu-3_13" href="http://shop.coles.com.au/online/national/fruit-vegetables/fruit/mandarins" title="Mandarins">Mandarins</a></li>
							
								<li><a role="menuitem" id="sub-menu-3_14" href="http://shop.coles.com.au/online/national/fruit-vegetables/fruit/lemons-limes" title="Lemons &amp; Limes">Lemons &amp; Limes</a></li>
							
								<li><a role="menuitem" id="sub-menu-3_15" href="http://shop.coles.com.au/online/national/fruit-vegetables/fruit/pineapples" title="Pineapples">Pineapples</a></li>
							
								<li><a role="menuitem" id="sub-menu-3_16" href="http://shop.coles.com.au/online/national/fruit-vegetables/fruit/passionfruit" title="Passionfruit">Passionfruit</a></li>
							
								<li><a role="menuitem" id="sub-menu-3_17" href="http://shop.coles.com.au/online/national/fruit-vegetables/fruit/mangoes" title="Mangoes">Mangoes</a></li>
							
								<li><a role="menuitem" id="sub-menu-3_18" href="http://shop.coles.com.au/online/national/fruit-vegetables/fruit/fresh-melons" title="Fresh Melons">Fresh Melons</a></li>
							
								<li><a role="menuitem" id="sub-menu-3_19" href="http://shop.coles.com.au/online/national/fruit-vegetables/fruit/kiwi-fruit" title="Kiwi Fruit">Kiwi Fruit</a></li>
							
								<li><a role="menuitem" id="sub-menu-3_20" href="http://shop.coles.com.au/online/national/fruit-vegetables/fruit/peaches-nectarines" title="Peaches &amp; Nectarines">Peaches &amp; Nectarines</a></li>
							
								<li><a role="menuitem" id="sub-menu-3_21" href="http://shop.coles.com.au/online/national/fruit-vegetables/fruit/plums-apricots" title="Plums &amp; Apricots">Plums &amp; Apricots</a></li>
							
								<li><a role="menuitem" id="sub-menu-3_22" href="http://shop.coles.com.au/online/national/fruit-vegetables/fruit/rhubarb" title="Rhubarb">Rhubarb</a></li>
							
								<li><a role="menuitem" id="sub-menu-3_23" href="http://shop.coles.com.au/online/national/fruit-vegetables/fruit/coconuts" title="Coconuts">Coconuts</a></li>
							
								<li><a role="menuitem" id="sub-menu-3_24" href="http://shop.coles.com.au/online/national/fruit-vegetables/fruit/tropical-exotic-fruit" title="Tropical &amp; Exotic Fruit">Tropical &amp; Exotic Fruit</a></li>
							
								<li><a role="menuitem" id="sub-menu-3_25" href="http://shop.coles.com.au/online/national/fruit-vegetables/fruit/prepacked-fruit" title="Cut Fruit">Cut Fruit</a></li>
							
							<li class="section"><a role="menuitem" id="sub-menu-3_26" href="http://shop.coles.com.au/online/national/fruit-vegetables/vegetables" title="Vegetables sub category">Vegetables</a></li>
							
							
								<li><a role="menuitem" id="sub-menu-3_27" href="http://shop.coles.com.au/online/national/fruit-vegetables/vegetables/organic-vegetables" title="Organic Vegetables">Organic Vegetables</a></li>
							
								<li><a role="menuitem" id="sub-menu-3_28" href="http://shop.coles.com.au/online/national/fruit-vegetables/vegetables/avocado" title="Avocado">Avocado</a></li>
							
								<li><a role="menuitem" id="sub-menu-3_29" href="http://shop.coles.com.au/online/national/fruit-vegetables/vegetables/lettuce" title="Lettuce">Lettuce</a></li>
							
								<li><a role="menuitem" id="sub-menu-3_30" href="http://shop.coles.com.au/online/national/fruit-vegetables/vegetables/tomatoes" title="Tomatoes">Tomatoes</a></li>
							
								<li><a role="menuitem" id="sub-menu-3_31" href="http://shop.coles.com.au/online/national/fruit-vegetables/vegetables/potatoes" title="Potatoes">Potatoes</a></li>
							
								<li><a role="menuitem" id="sub-menu-3_32" href="http://shop.coles.com.au/online/national/fruit-vegetables/vegetables/carrots-parsnips" title="Carrots &amp; Parsnips">Carrots &amp; Parsnips</a></li>
							
								<li><a role="menuitem" id="sub-menu-3_33" href="http://shop.coles.com.au/online/national/fruit-vegetables/vegetables/pumpkin" title="Pumpkin">Pumpkin</a></li>
							
								<li><a role="menuitem" id="sub-menu-3_34" href="http://shop.coles.com.au/online/national/fruit-vegetables/vegetables/cucumber" title="Cucumber">Cucumber</a></li>
							
								<li><a role="menuitem" id="sub-menu-3_35" href="http://shop.coles.com.au/online/national/fruit-vegetables/vegetables/garlic-ginger" title="Garlic &amp; Ginger">Garlic &amp; Ginger</a></li>
							
								<li><a role="menuitem" id="sub-menu-3_36" href="http://shop.coles.com.au/online/national/fruit-vegetables/vegetables/mushrooms" title="Mushrooms">Mushrooms</a></li>
							
								<li><a role="menuitem" id="sub-menu-3_37" href="http://shop.coles.com.au/online/national/fruit-vegetables/vegetables/capsicum-chillies" title="Capsicum &amp; Chillies">Capsicum &amp; Chillies</a></li>
							
								<li><a role="menuitem" id="sub-menu-3_38" href="http://shop.coles.com.au/online/national/fruit-vegetables/vegetables/celery" title="Celery">Celery</a></li>
							
								<li><a role="menuitem" id="sub-menu-3_39" href="http://shop.coles.com.au/online/national/fruit-vegetables/vegetables/corn" title="Corn">Corn</a></li>
							
								<li><a role="menuitem" id="sub-menu-3_40" href="http://shop.coles.com.au/online/national/fruit-vegetables/vegetables/beetroot" title="Beetroot">Beetroot</a></li>
							
								<li><a role="menuitem" id="sub-menu-3_41" href="http://shop.coles.com.au/online/national/fruit-vegetables/vegetables/cabbage-brussel-sprouts" title="Cabbage &amp; Brussel Sprouts">Cabbage &amp; Brussel Sprouts</a></li>
							
								<li><a role="menuitem" id="sub-menu-3_42" href="http://shop.coles.com.au/online/national/fruit-vegetables/vegetables/peas-beans" title="Peas &amp; Beans">Peas &amp; Beans</a></li>
							
								<li><a role="menuitem" id="sub-menu-3_43" href="http://shop.coles.com.au/online/national/fruit-vegetables/vegetables/spinach-silverbeet" title="Spinach &amp; Silverbeet">Spinach &amp; Silverbeet</a></li>
							
								<li><a role="menuitem" id="sub-menu-3_44" href="http://shop.coles.com.au/online/national/fruit-vegetables/vegetables/asparagus-artichokes" title="Asparagus &amp; Artichokes">Asparagus &amp; Artichokes</a></li>
							
								<li><a role="menuitem" id="sub-menu-3_45" href="http://shop.coles.com.au/online/national/fruit-vegetables/vegetables/fresh-eggplant" title="Fresh Eggplant">Fresh Eggplant</a></li>
							
								<li><a role="menuitem" id="sub-menu-3_46" href="http://shop.coles.com.au/online/national/fruit-vegetables/vegetables/brocolli-cauliflower" title="Broccoli &amp; Cauliflower">Broccoli &amp; Cauliflower</a></li>
							
								<li><a role="menuitem" id="sub-menu-3_47" href="http://shop.coles.com.au/online/national/fruit-vegetables/vegetables/bok-choy-asian-greens" title="Bok Choy &amp; Asian Greens">Bok Choy &amp; Asian Greens</a></li>
							
								<li><a role="menuitem" id="sub-menu-3_48" href="http://shop.coles.com.au/online/national/fruit-vegetables/vegetables/onion-leeks" title="Onion &amp; Leeks">Onion &amp; Leeks</a></li>
							
								<li><a role="menuitem" id="sub-menu-3_49" href="http://shop.coles.com.au/online/national/fruit-vegetables/vegetables/turnips-other-root-veg" title="Turnips &amp; Root Veg">Turnips &amp; Root Veg</a></li>
							
								<li><a role="menuitem" id="sub-menu-3_50" href="http://shop.coles.com.au/online/national/fruit-vegetables/vegetables/zucchini-squash" title="Zucchini &amp; Squash">Zucchini &amp; Squash</a></li>
							
								<li><a role="menuitem" id="sub-menu-3_51" href="http://shop.coles.com.au/online/national/fruit-vegetables/vegetables/prepacked-vegetables" title="Cut Vegetables">Cut Vegetables</a></li>
							
							<li class="section"><a role="menuitem" id="sub-menu-3_52" href="http://shop.coles.com.au/online/national/fruit-vegetables/salad-herbs" title="Salad &amp; Herbs sub category">Salad &amp; Herbs</a></li>
							
							
								<li><a role="menuitem" id="sub-menu-3_53" href="http://shop.coles.com.au/online/national/fruit-vegetables/salad-herbs/dressed-salads" title="Dressed Salads">Dressed Salads</a></li>
							
								<li><a role="menuitem" id="sub-menu-3_54" href="http://shop.coles.com.au/online/national/fruit-vegetables/salad-herbs/herbs" title="Herbs">Herbs</a></li>
							
								<li><a role="menuitem" id="sub-menu-3_55" href="http://shop.coles.com.au/online/national/fruit-vegetables/salad-herbs/pre-made-salads" title="Salad Bags">Salad Bags</a></li>
							
								<li><a role="menuitem" id="sub-menu-3_56" href="http://shop.coles.com.au/online/national/fruit-vegetables/salad-herbs/salad-bowls-kits" title="Salad Bowls &amp; Kits">Salad Bowls &amp; Kits</a></li>
							
								<li><a role="menuitem" id="sub-menu-3_57" href="http://shop.coles.com.au/online/national/fruit-vegetables/salad-herbs/dressings-for-salads" title="Salad Dressing">Salad Dressing</a></li>
							
								<li><a role="menuitem" id="sub-menu-3_58" href="http://shop.coles.com.au/online/national/fruit-vegetables/salad-herbs/sprouts-shoots" title="Sprouts">Sprouts</a></li>
							
							<li class="section"><a role="menuitem" id="sub-menu-3_59" href="http://shop.coles.com.au/online/national/fruit-vegetables/nuts-dried-fruit" title="Nuts &amp; Dried Fruit sub category">Nuts &amp; Dried Fruit</a></li>
							
							
								<li><a role="menuitem" id="sub-menu-3_60" href="http://shop.coles.com.au/online/national/fruit-vegetables/nuts-dried-fruit/fresh-nuts" title="Nuts &amp; Snacks">Nuts &amp; Snacks</a></li>
							
								<li><a role="menuitem" id="sub-menu-3_61" href="http://shop.coles.com.au/online/national/fruit-vegetables/nuts-dried-fruit/dried-fruits" title="Fruit &amp; Nut Blend">Fruit &amp; Nut Blend</a></li>
							
							<li class="section"><a role="menuitem" id="sub-menu-3_62" href="http://shop.coles.com.au/online/national/fruit-vegetables/fresh-flowers-1595064" title="Fresh Flowers sub category">Fresh Flowers</a></li>
							
							
								<li><a role="menuitem" id="sub-menu-3_63" href="http://shop.coles.com.au/online/national/fruit-vegetables/fresh-flowers-1595064/flowers-1595065" title="Flowers">Flowers</a></li>
							
					</ul>
				</div>							
											
			</li>									
		
			
			<li>
				
							
					<a role="menuitem" id="aisleMenu_4" aria-haspopup="true" href="http://shop.coles.com.au/online/national/meat-seafood-deli" class="aisle" title="Browse the Meat, Seafood &amp; Deli aisle">
						Meat, Seafood &amp; Deli <span>→</span>
					</a>
					
					<div id="menu-4" class="column-list clearfix" data-rows="22" role="navigation" aria-hidden="true" style="display: none;">
						<h2>
							<a role="menuitem" id="sub-menu-4_0" class="subCatHeader" title="Meat, Seafood &amp; Deli Category" href="http://shop.coles.com.au/online/national/meat-seafood-deli">
								Meat, Seafood &amp; Deli
							</a>
							<span class="aisle-search">&nbsp;
								<a role="menuitem" id="sub-menu-4_1" class="browseAllSubCategory" href="http://shop.coles.com.au/online/national/meat-seafood-deli/meat-seafood-deli" title="Browse all items">
								 Browse all items<span>→</span>
								</a>
							</span>
						</h2>
						
						
					<ul role="menu" id="sub-menu-4" data-col-items="menu-4" class="hidden">
						
							<li class="section"><a role="menuitem" id="sub-menu-4_2" href="http://shop.coles.com.au/online/national/meat-seafood-deli/fresh-meat" title="Meat sub category">Meat</a></li>
							
							
								<li><a role="menuitem" id="sub-menu-4_3" href="http://shop.coles.com.au/online/national/meat-seafood-deli/fresh-meat/beef" title="Beef">Beef</a></li>
							
								<li><a role="menuitem" id="sub-menu-4_4" href="http://shop.coles.com.au/online/national/meat-seafood-deli/fresh-meat/chicken" title="Chicken">Chicken</a></li>
							
								<li><a role="menuitem" id="sub-menu-4_5" href="http://shop.coles.com.au/online/national/meat-seafood-deli/fresh-meat/lamb" title="Lamb">Lamb</a></li>
							
								<li><a role="menuitem" id="sub-menu-4_6" href="http://shop.coles.com.au/online/national/meat-seafood-deli/fresh-meat/pork" title="Pork">Pork</a></li>
							
								<li><a role="menuitem" id="sub-menu-4_7" href="http://shop.coles.com.au/online/national/meat-seafood-deli/fresh-meat/turkey" title="Turkey">Turkey</a></li>
							
								<li><a role="menuitem" id="sub-menu-4_8" href="http://shop.coles.com.au/online/national/meat-seafood-deli/fresh-meat/duck-other-poultry" title="Duck &amp; Other Poultry">Duck &amp; Other Poultry</a></li>
							
								<li><a role="menuitem" id="sub-menu-4_9" href="http://shop.coles.com.au/online/national/meat-seafood-deli/fresh-meat/veal" title="Veal">Veal</a></li>
							
								<li><a role="menuitem" id="sub-menu-4_10" href="http://shop.coles.com.au/online/national/meat-seafood-deli/fresh-meat/game" title="Game">Game</a></li>
							
								<li><a role="menuitem" id="sub-menu-4_11" href="http://shop.coles.com.au/online/national/meat-seafood-deli/fresh-meat/burgers-and-sausages" title="Burgers and Sausages">Burgers and Sausages</a></li>
							
								<li><a role="menuitem" id="sub-menu-4_12" href="http://shop.coles.com.au/online/national/meat-seafood-deli/fresh-meat/bbq-party-packs" title="BBQ &amp; Party Packs">BBQ &amp; Party Packs</a></li>
							
							<li class="section"><a role="menuitem" id="sub-menu-4_13" href="http://shop.coles.com.au/online/national/meat-seafood-deli/seafood" title="Seafood sub category">Seafood</a></li>
							
							
								<li><a role="menuitem" id="sub-menu-4_14" href="http://shop.coles.com.au/online/national/meat-seafood-deli/seafood/fish-accessories" title="Fish">Fish</a></li>
							
								<li><a role="menuitem" id="sub-menu-4_15" href="http://shop.coles.com.au/online/national/meat-seafood-deli/seafood/lobster-crab" title="Crab &amp; Lobster">Crab &amp; Lobster</a></li>
							
								<li><a role="menuitem" id="sub-menu-4_16" href="http://shop.coles.com.au/online/national/meat-seafood-deli/seafood/oysters" title="Oysters">Oysters</a></li>
							
								<li><a role="menuitem" id="sub-menu-4_17" href="http://shop.coles.com.au/online/national/meat-seafood-deli/seafood/mussels-scallops" title="Mussels &amp; Scallops">Mussels &amp; Scallops</a></li>
							
								<li><a role="menuitem" id="sub-menu-4_18" href="http://shop.coles.com.au/online/national/meat-seafood-deli/seafood/shrimp-prawns" title="Prawns &amp; Shrimp">Prawns &amp; Shrimp</a></li>
							
								<li><a role="menuitem" id="sub-menu-4_19" href="http://shop.coles.com.au/online/national/meat-seafood-deli/seafood/mixed-marinara" title="Mixed Marinara">Mixed Marinara</a></li>
							
								<li><a role="menuitem" id="sub-menu-4_20" href="http://shop.coles.com.au/online/national/meat-seafood-deli/seafood/squid-octopus" title="Squid &amp; Octopus">Squid &amp; Octopus</a></li>
							
								<li><a role="menuitem" id="sub-menu-4_21" href="http://shop.coles.com.au/online/national/meat-seafood-deli/seafood/prepacked-seafood" title="Prepacked Seafood">Prepacked Seafood</a></li>
							
							<li class="section"><a role="menuitem" id="sub-menu-4_22" href="http://shop.coles.com.au/online/national/meat-seafood-deli/deli-meats" title="Deli Meats sub category">Deli Meats</a></li>
							
							
								<li><a role="menuitem" id="sub-menu-4_23" href="http://shop.coles.com.au/online/national/meat-seafood-deli/deli-meats/ham" title="Ham">Ham</a></li>
							
								<li><a role="menuitem" id="sub-menu-4_24" href="http://shop.coles.com.au/online/national/meat-seafood-deli/deli-meats/bacon" title="Bacon">Bacon</a></li>
							
								<li><a role="menuitem" id="sub-menu-4_25" href="http://shop.coles.com.au/online/national/meat-seafood-deli/deli-meats/salami" title="Salami">Salami</a></li>
							
								<li><a role="menuitem" id="sub-menu-4_26" href="http://shop.coles.com.au/online/national/meat-seafood-deli/deli-meats/cold-sliced-meats" title="Sliced Meats">Sliced Meats</a></li>
							
								<li><a role="menuitem" id="sub-menu-4_27" href="http://shop.coles.com.au/online/national/meat-seafood-deli/deli-meats/cured--dried-smoked" title="Cured &amp; Smoked">Cured &amp; Smoked</a></li>
							
								<li><a role="menuitem" id="sub-menu-4_28" href="http://shop.coles.com.au/online/national/meat-seafood-deli/deli-meats/frankfurts-sausages" title="Frankfurts &amp; Sausages">Frankfurts &amp; Sausages</a></li>
							
								<li><a role="menuitem" id="sub-menu-4_29" href="http://shop.coles.com.au/online/national/meat-seafood-deli/deli-meats/poultry" title="Poultry">Poultry</a></li>
							
								<li><a role="menuitem" id="sub-menu-4_30" href="http://shop.coles.com.au/online/national/meat-seafood-deli/deli-meats/smoked-salmon" title="Smoked Salmon">Smoked Salmon</a></li>
							
								<li><a role="menuitem" id="sub-menu-4_31" href="http://shop.coles.com.au/online/national/meat-seafood-deli/deli-meats/deli-seafood" title="Deli Seafood">Deli Seafood</a></li>
							
							<li class="section"><a role="menuitem" id="sub-menu-4_32" href="http://shop.coles.com.au/online/national/meat-seafood-deli/deli-specialty" title="Deli Specialty sub category">Deli Specialty</a></li>
							
							
								<li><a role="menuitem" id="sub-menu-4_33" href="http://shop.coles.com.au/online/national/meat-seafood-deli/deli-specialty/dips-pate" title="Dips &amp; Pate">Dips &amp; Pate</a></li>
							
								<li><a role="menuitem" id="sub-menu-4_34" href="http://shop.coles.com.au/online/national/meat-seafood-deli/deli-specialty/deli-gourmet-cheese" title="Deli Gourmet Cheese">Deli Gourmet Cheese</a></li>
							
								<li><a role="menuitem" id="sub-menu-4_35" href="http://shop.coles.com.au/online/national/meat-seafood-deli/deli-specialty/olives" title="Olives">Olives</a></li>
							
								<li><a role="menuitem" id="sub-menu-4_36" href="http://shop.coles.com.au/online/national/meat-seafood-deli/deli-specialty/antipasto" title="Antipasto">Antipasto</a></li>
							
								<li><a role="menuitem" id="sub-menu-4_37" href="http://shop.coles.com.au/online/national/meat-seafood-deli/deli-specialty/platters" title="Platters">Platters</a></li>
							
								<li><a role="menuitem" id="sub-menu-4_38" href="http://shop.coles.com.au/online/national/meat-seafood-deli/deli-specialty/salads" title="Salads">Salads</a></li>
							
								<li><a role="menuitem" id="sub-menu-4_39" href="http://shop.coles.com.au/online/national/meat-seafood-deli/deli-specialty/prepared-foods" title="Prepared Foods">Prepared Foods</a></li>
							
					</ul>
				</div>							
											
			</li>									
		
			
			<li>
				
							
					<a role="menuitem" id="aisleMenu_5" aria-haspopup="true" href="http://shop.coles.com.au/online/national/dairy--eggs-meals" class="aisle" title="Browse the Dairy, Eggs &amp; Meals aisle">
						Dairy, Eggs &amp; Meals <span>→</span>
					</a>
					
					<div id="menu-5" class="column-list clearfix" data-rows="22" role="navigation" aria-hidden="true" style="display: none;">
						<h2>
							<a role="menuitem" id="sub-menu-5_0" class="subCatHeader" title="Dairy, Eggs &amp; Meals Category" href="http://shop.coles.com.au/online/national/dairy--eggs-meals">
								Dairy, Eggs &amp; Meals
							</a>
							<span class="aisle-search">&nbsp;
								<a role="menuitem" id="sub-menu-5_1" class="browseAllSubCategory" href="http://shop.coles.com.au/online/national/dairy--eggs-meals/dairy--eggs-meals" title="Browse all items">
								 Browse all items<span>→</span>
								</a>
							</span>
						</h2>
						
						
					<ul role="menu" id="sub-menu-5" data-col-items="menu-5" class="hidden">
						
							<li class="section"><a role="menuitem" id="sub-menu-5_2" href="http://shop.coles.com.au/online/national/dairy--eggs-meals/dairy-eggs" title="Dairy &amp; Eggs sub category">Dairy &amp; Eggs</a></li>
							
							
								<li><a role="menuitem" id="sub-menu-5_3" href="http://shop.coles.com.au/online/national/dairy--eggs-meals/dairy-eggs/milk" title="Milk">Milk</a></li>
							
								<li><a role="menuitem" id="sub-menu-5_4" href="http://shop.coles.com.au/online/national/dairy--eggs-meals/dairy-eggs/eggs" title="Eggs">Eggs</a></li>
							
								<li><a role="menuitem" id="sub-menu-5_5" href="http://shop.coles.com.au/online/national/dairy--eggs-meals/dairy-eggs/yoghurt" title="Yoghurt">Yoghurt</a></li>
							
								<li><a role="menuitem" id="sub-menu-5_6" href="http://shop.coles.com.au/online/national/dairy--eggs-meals/dairy-eggs/cheese" title="Cheese">Cheese</a></li>
							
								<li><a role="menuitem" id="sub-menu-5_7" href="http://shop.coles.com.au/online/national/dairy--eggs-meals/dairy-eggs/gourmet-cheese" title="Gourmet Cheese">Gourmet Cheese</a></li>
							
								<li><a role="menuitem" id="sub-menu-5_8" href="http://shop.coles.com.au/online/national/dairy--eggs-meals/dairy-eggs/butter-margarine" title="Butter &amp; Margarine">Butter &amp; Margarine</a></li>
							
								<li><a role="menuitem" id="sub-menu-5_9" href="http://shop.coles.com.au/online/national/dairy--eggs-meals/dairy-eggs/cream" title="Cream">Cream</a></li>
							
								<li><a role="menuitem" id="sub-menu-5_10" href="http://shop.coles.com.au/online/national/dairy--eggs-meals/dairy-eggs/custard" title="Custard">Custard</a></li>
							
								<li><a role="menuitem" id="sub-menu-5_11" href="http://shop.coles.com.au/online/national/dairy--eggs-meals/dairy-eggs/dips" title="Dips">Dips</a></li>
							
								<li><a role="menuitem" id="sub-menu-5_12" href="http://shop.coles.com.au/online/national/dairy--eggs-meals/dairy-eggs/desserts" title="Desserts">Desserts</a></li>
							
							<li class="section"><a role="menuitem" id="sub-menu-5_13" href="http://shop.coles.com.au/online/national/dairy--eggs-meals/fresh-pasta-sauces" title="Fresh Pasta &amp; Sauces sub category">Fresh Pasta &amp; Sauces</a></li>
							
							
								<li><a role="menuitem" id="sub-menu-5_14" href="http://shop.coles.com.au/online/national/dairy--eggs-meals/fresh-pasta-sauces/fresh-pasta-noodles" title="Fresh Pasta &amp; Noodles">Fresh Pasta &amp; Noodles</a></li>
							
								<li><a role="menuitem" id="sub-menu-5_15" href="http://shop.coles.com.au/online/national/dairy--eggs-meals/fresh-pasta-sauces/pasta-sauces" title="Pasta Sauces">Pasta Sauces</a></li>
							
							<li class="section"><a role="menuitem" id="sub-menu-5_16" href="http://shop.coles.com.au/online/national/dairy--eggs-meals/garlic-bread-pastry-sheets" title="Garlic Bread &amp; Pastry Sheets sub category">Garlic Bread &amp; Pastry Sheets</a></li>
							
							
								<li><a role="menuitem" id="sub-menu-5_17" href="http://shop.coles.com.au/online/national/dairy--eggs-meals/garlic-bread-pastry-sheets/chilled-garlic-specialty-breads" title="Chilled Garlic &amp; Specialty Breads">Chilled Garlic &amp; Specialty Breads</a></li>
							
								<li><a role="menuitem" id="sub-menu-5_18" href="http://shop.coles.com.au/online/national/dairy--eggs-meals/garlic-bread-pastry-sheets/chilled-pastry-dough" title="Chilled Pastry &amp; Dough">Chilled Pastry &amp; Dough</a></li>
							
							<li class="section"><a role="menuitem" id="sub-menu-5_19" href="http://shop.coles.com.au/online/national/dairy--eggs-meals/ready-to-eat-meals" title="Ready to Eat Meals sub category">Ready to Eat Meals</a></li>
							
							
								<li><a role="menuitem" id="sub-menu-5_20" href="http://shop.coles.com.au/online/national/dairy--eggs-meals/ready-to-eat-meals/thai-meals" title="Thai Meals">Thai Meals</a></li>
							
								<li><a role="menuitem" id="sub-menu-5_21" href="http://shop.coles.com.au/online/national/dairy--eggs-meals/ready-to-eat-meals/rice-based-meals" title="Indian Meals">Indian Meals</a></li>
							
								<li><a role="menuitem" id="sub-menu-5_22" href="http://shop.coles.com.au/online/national/dairy--eggs-meals/ready-to-eat-meals/hot-snacks-sides" title="Hot Snacks &amp; Sides">Hot Snacks &amp; Sides</a></li>
							
								<li><a role="menuitem" id="sub-menu-5_23" href="http://shop.coles.com.au/online/national/dairy--eggs-meals/ready-to-eat-meals/nann--roti--pappadums" title="Naan, Roti, Pappadums">Naan, Roti, Pappadums</a></li>
							
								<li><a role="menuitem" id="sub-menu-5_24" href="http://shop.coles.com.au/online/national/dairy--eggs-meals/ready-to-eat-meals/pasta-meals-456613" title="Italian Meals &amp; Pasta">Italian Meals &amp; Pasta</a></li>
							
								<li><a role="menuitem" id="sub-menu-5_25" href="http://shop.coles.com.au/online/national/dairy--eggs-meals/ready-to-eat-meals/pies-pastries" title="Pies &amp; Pastries">Pies &amp; Pastries</a></li>
							
								<li><a role="menuitem" id="sub-menu-5_26" href="http://shop.coles.com.au/online/national/dairy--eggs-meals/ready-to-eat-meals/pizzas" title="Pizzas">Pizzas</a></li>
							
								<li><a role="menuitem" id="sub-menu-5_27" href="http://shop.coles.com.au/online/national/dairy--eggs-meals/ready-to-eat-meals/soups-stews" title="Soups &amp; Stews">Soups &amp; Stews</a></li>
							
							<li class="section"><a role="menuitem" id="sub-menu-5_28" href="http://shop.coles.com.au/online/national/dairy--eggs-meals/meat-alternatives" title="Vegetarian Options sub category">Vegetarian Options</a></li>
							
							
								<li><a role="menuitem" id="sub-menu-5_29" href="http://shop.coles.com.au/online/national/dairy--eggs-meals/meat-alternatives/soy" title="Soy">Soy</a></li>
							
								<li><a role="menuitem" id="sub-menu-5_30" href="http://shop.coles.com.au/online/national/dairy--eggs-meals/meat-alternatives/tofu" title="Tofu">Tofu</a></li>
							
								<li><a role="menuitem" id="sub-menu-5_31" href="http://shop.coles.com.au/online/national/dairy--eggs-meals/meat-alternatives/falafels" title="Falafels">Falafels</a></li>
							
								<li><a role="menuitem" id="sub-menu-5_32" href="http://shop.coles.com.au/online/national/dairy--eggs-meals/meat-alternatives/vegie-burgers-sausages" title="Vegie Burgers &amp; Sausages">Vegie Burgers &amp; Sausages</a></li>
							
								<li><a role="menuitem" id="sub-menu-5_33" href="http://shop.coles.com.au/online/national/dairy--eggs-meals/meat-alternatives/vegie-bacon-mince" title="Vegie Bacon &amp; Mince">Vegie Bacon &amp; Mince</a></li>
							
					</ul>
				</div>							
											
			</li>									
		
			
			<li>
				
							
					<a role="menuitem" id="aisleMenu_6" aria-haspopup="true" href="http://shop.coles.com.au/online/national/pantry" class="aisle" title="Browse the Pantry aisle">
						Pantry <span>→</span>
					</a>
					
					<div id="menu-6" class="column-list clearfix" data-rows="22" role="navigation" aria-hidden="true" style="display: none;">
						<h2>
							<a role="menuitem" id="sub-menu-6_0" class="subCatHeader" title="Pantry Category" href="http://shop.coles.com.au/online/national/pantry">
								Pantry
							</a>
							<span class="aisle-search">&nbsp;
								<a role="menuitem" id="sub-menu-6_1" class="browseAllSubCategory" href="http://shop.coles.com.au/online/national/pantry/pantry" title="Browse all items">
								 Browse all items<span>→</span>
								</a>
							</span>
						</h2>
						
						
					<ul role="menu" id="sub-menu-6" data-col-items="menu-6" class="hidden">
						
							<li class="section"><a role="menuitem" id="sub-menu-6_2" href="http://shop.coles.com.au/online/national/pantry/breakfast" title="Breakfast sub category">Breakfast</a></li>
							
							
								<li><a role="menuitem" id="sub-menu-6_3" href="http://shop.coles.com.au/online/national/pantry/breakfast/cereals" title="Cereals">Cereals</a></li>
							
								<li><a role="menuitem" id="sub-menu-6_4" href="http://shop.coles.com.au/online/national/pantry/breakfast/breakfast-drinks" title="Breakfast Drinks">Breakfast Drinks</a></li>
							
							<li class="section"><a role="menuitem" id="sub-menu-6_5" href="http://shop.coles.com.au/online/national/pantry/snacks" title="Snacks sub category">Snacks</a></li>
							
							
								<li><a role="menuitem" id="sub-menu-6_6" href="http://shop.coles.com.au/online/national/pantry/snacks/potato-chips" title="Potato Chips">Potato Chips</a></li>
							
								<li><a role="menuitem" id="sub-menu-6_7" href="http://shop.coles.com.au/online/national/pantry/snacks/corn-chips-salsa" title="Corn Chips &amp; Salsa">Corn Chips &amp; Salsa</a></li>
							
								<li><a role="menuitem" id="sub-menu-6_8" href="http://shop.coles.com.au/online/national/pantry/snacks/popcorn" title="Popcorn">Popcorn</a></li>
							
								<li><a role="menuitem" id="sub-menu-6_9" href="http://shop.coles.com.au/online/national/pantry/snacks/pretzels-other-snacks" title="Pretzels &amp; Other Snacks">Pretzels &amp; Other Snacks</a></li>
							
								<li><a role="menuitem" id="sub-menu-6_10" href="http://shop.coles.com.au/online/national/pantry/snacks/biscuits-cookies" title="Biscuits &amp; Cookies">Biscuits &amp; Cookies</a></li>
							
								<li><a role="menuitem" id="sub-menu-6_11" href="http://shop.coles.com.au/online/national/pantry/snacks/nuts-trail-mix" title="Nuts &amp; Trail Mix">Nuts &amp; Trail Mix</a></li>
							
								<li><a role="menuitem" id="sub-menu-6_12" href="http://shop.coles.com.au/online/national/pantry/snacks/fruit-snacks" title="Fruit Snacks">Fruit Snacks</a></li>
							
								<li><a role="menuitem" id="sub-menu-6_13" href="http://shop.coles.com.au/online/national/pantry/snacks/muesli-snack-bars" title="Muesli &amp; Snack Bars">Muesli &amp; Snack Bars</a></li>
							
								<li><a role="menuitem" id="sub-menu-6_14" href="http://shop.coles.com.au/online/national/pantry/snacks/jelly" title="Jelly">Jelly</a></li>
							
								<li><a role="menuitem" id="sub-menu-6_15" href="http://shop.coles.com.au/online/national/pantry/snacks/ice-cream-cones-toppings" title="Ice-cream Cones &amp; Toppings">Ice-cream Cones &amp; Toppings</a></li>
							
								<li><a role="menuitem" id="sub-menu-6_16" href="http://shop.coles.com.au/online/national/pantry/snacks/dairy-snacks" title="Dairy Snacks">Dairy Snacks</a></li>
							
								<li><a role="menuitem" id="sub-menu-6_17" href="http://shop.coles.com.au/online/national/pantry/snacks/rice-corn-snacks" title="Rice &amp; Corn Snacks">Rice &amp; Corn Snacks</a></li>
							
								<li><a role="menuitem" id="sub-menu-6_18" href="http://shop.coles.com.au/online/national/pantry/snacks/crackers-cripsbreads" title="Crackers &amp; Crispbreads">Crackers &amp; Crispbreads</a></li>
							
								<li><a role="menuitem" id="sub-menu-6_19" href="http://shop.coles.com.au/online/national/pantry/snacks/party-packs-366011" title="Party Packs">Party Packs</a></li>
							
							<li class="section"><a role="menuitem" id="sub-menu-6_20" href="http://shop.coles.com.au/online/national/pantry/confectionery" title="Confectionery sub category">Confectionery</a></li>
							
							
								<li><a role="menuitem" id="sub-menu-6_21" href="http://shop.coles.com.au/online/national/pantry/confectionery/chocolates" title="Chocolates">Chocolates</a></li>
							
								<li><a role="menuitem" id="sub-menu-6_22" href="http://shop.coles.com.au/online/national/pantry/confectionery/lollies" title="Lollies">Lollies</a></li>
							
								<li><a role="menuitem" id="sub-menu-6_23" href="http://shop.coles.com.au/online/national/pantry/confectionery/gum" title="Gum &amp; Mints">Gum &amp; Mints</a></li>
							
								<li><a role="menuitem" id="sub-menu-6_24" href="http://shop.coles.com.au/online/national/pantry/confectionery/medicated-lozenges" title="Medicated Lozenges">Medicated Lozenges</a></li>
							
							<li class="section"><a role="menuitem" id="sub-menu-6_25" href="http://shop.coles.com.au/online/national/pantry/herbs-spices" title="Herbs &amp; Spices sub category">Herbs &amp; Spices</a></li>
							
							
								<li><a role="menuitem" id="sub-menu-6_26" href="http://shop.coles.com.au/online/national/pantry/herbs-spices/dried-herbs" title="Dried Herbs">Dried Herbs</a></li>
							
								<li><a role="menuitem" id="sub-menu-6_27" href="http://shop.coles.com.au/online/national/pantry/herbs-spices/salt--pepper-spices" title="Salt, Pepper &amp; Spices">Salt, Pepper &amp; Spices</a></li>
							
								<li><a role="menuitem" id="sub-menu-6_28" href="http://shop.coles.com.au/online/national/pantry/herbs-spices/marinades-seasonings" title="Marinades &amp; Seasonings">Marinades &amp; Seasonings</a></li>
							
							<li class="section"><a role="menuitem" id="sub-menu-6_29" href="http://shop.coles.com.au/online/national/pantry/health-foods" title="Health Foods sub category">Health Foods</a></li>
							
							
								<li><a role="menuitem" id="sub-menu-6_30" href="http://shop.coles.com.au/online/national/pantry/health-foods/cooking" title="Cooking">Cooking</a></li>
							
							<li class="section"><a role="menuitem" id="sub-menu-6_31" href="http://shop.coles.com.au/online/national/pantry/stocks-gravy" title="Stocks &amp; Gravy sub category">Stocks &amp; Gravy</a></li>
							
							
								<li><a role="menuitem" id="sub-menu-6_32" href="http://shop.coles.com.au/online/national/pantry/stocks-gravy/dry-stock" title="Dry Stock">Dry Stock</a></li>
							
								<li><a role="menuitem" id="sub-menu-6_33" href="http://shop.coles.com.au/online/national/pantry/stocks-gravy/liquid-stock" title="Liquid Stock">Liquid Stock</a></li>
							
								<li><a role="menuitem" id="sub-menu-6_34" href="http://shop.coles.com.au/online/national/pantry/stocks-gravy/gravy" title="Gravy">Gravy</a></li>
							
							<li class="section"><a role="menuitem" id="sub-menu-6_35" href="http://shop.coles.com.au/online/national/pantry/baking" title="Baking sub category">Baking</a></li>
							
							
								<li><a role="menuitem" id="sub-menu-6_36" href="http://shop.coles.com.au/online/national/pantry/baking/flour" title="Flour">Flour</a></li>
							
								<li><a role="menuitem" id="sub-menu-6_37" href="http://shop.coles.com.au/online/national/pantry/baking/sugar-sweeteners" title="Sugar &amp; Sweeteners">Sugar &amp; Sweeteners</a></li>
							
								<li><a role="menuitem" id="sub-menu-6_38" href="http://shop.coles.com.au/online/national/pantry/baking/breadcrumbs-stuffing" title="Breadcrumbs &amp; Stuffing">Breadcrumbs &amp; Stuffing</a></li>
							
								<li><a role="menuitem" id="sub-menu-6_39" href="http://shop.coles.com.au/online/national/pantry/baking/yeast-baking-agents" title="Yeast &amp; Baking Agents">Yeast &amp; Baking Agents</a></li>
							
								<li><a role="menuitem" id="sub-menu-6_40" href="http://shop.coles.com.au/online/national/pantry/baking/cake-decorating" title="Cake Decorating">Cake Decorating</a></li>
							
								<li><a role="menuitem" id="sub-menu-6_41" href="http://shop.coles.com.au/online/national/pantry/baking/cake-bread-mixes" title="Cake &amp; Bread Mixes">Cake &amp; Bread Mixes</a></li>
							
								<li><a role="menuitem" id="sub-menu-6_42" href="http://shop.coles.com.au/online/national/pantry/baking/essence-food-colouring" title="Essence &amp; Food Colouring">Essence &amp; Food Colouring</a></li>
							
								<li><a role="menuitem" id="sub-menu-6_43" href="http://shop.coles.com.au/online/national/pantry/baking/dried-fruits-fillings" title="Dried Fruits &amp; Fillings">Dried Fruits &amp; Fillings</a></li>
							
								<li><a role="menuitem" id="sub-menu-6_44" href="http://shop.coles.com.au/online/national/pantry/baking/cooking-chocolate-cocoa" title="Cooking Chocolate &amp; Cocoa">Cooking Chocolate &amp; Cocoa</a></li>
							
								<li><a role="menuitem" id="sub-menu-6_45" href="http://shop.coles.com.au/online/national/pantry/baking/pancake-batter-mixes" title="Pancake &amp; Dessert Mixes">Pancake &amp; Dessert Mixes</a></li>
							
							<li class="section"><a role="menuitem" id="sub-menu-6_46" href="http://shop.coles.com.au/online/national/pantry/condiments" title="Condiments sub category">Condiments</a></li>
							
							
								<li><a role="menuitem" id="sub-menu-6_47" href="http://shop.coles.com.au/online/national/pantry/condiments/pickles--chutney-relish" title="Pickles, Chutney &amp; Relish">Pickles, Chutney &amp; Relish</a></li>
							
								<li><a role="menuitem" id="sub-menu-6_48" href="http://shop.coles.com.au/online/national/pantry/condiments/salad-dressings" title="Salad Dressings">Salad Dressings</a></li>
							
								<li><a role="menuitem" id="sub-menu-6_49" href="http://shop.coles.com.au/online/national/pantry/condiments/mayonnaise" title="Mayonnaise">Mayonnaise</a></li>
							
								<li><a role="menuitem" id="sub-menu-6_50" href="http://shop.coles.com.au/online/national/pantry/condiments/jams-spreads" title="Jams &amp; Spreads">Jams &amp; Spreads</a></li>
							
								<li><a role="menuitem" id="sub-menu-6_51" href="http://shop.coles.com.au/online/national/pantry/condiments/honey" title="Honey">Honey</a></li>
							
								<li><a role="menuitem" id="sub-menu-6_52" href="http://shop.coles.com.au/online/national/pantry/condiments/syrups-toppings" title="Syrups &amp; Toppings">Syrups &amp; Toppings</a></li>
							
								<li><a role="menuitem" id="sub-menu-6_53" href="http://shop.coles.com.au/online/national/pantry/condiments/mustard" title="Mustard">Mustard</a></li>
							
							<li class="section"><a role="menuitem" id="sub-menu-6_54" href="http://shop.coles.com.au/online/national/pantry/sauces" title="Sauces sub category">Sauces</a></li>
							
							
								<li><a role="menuitem" id="sub-menu-6_55" href="http://shop.coles.com.au/online/national/pantry/sauces/pizza-pasta" title="Pizza &amp; Pasta">Pizza &amp; Pasta</a></li>
							
								<li><a role="menuitem" id="sub-menu-6_56" href="http://shop.coles.com.au/online/national/pantry/sauces/recipe-meal-bases" title="Recipe &amp; Meal Bases">Recipe &amp; Meal Bases</a></li>
							
								<li><a role="menuitem" id="sub-menu-6_57" href="http://shop.coles.com.au/online/national/pantry/sauces/soy-asian" title="Soy &amp; Asian">Soy &amp; Asian</a></li>
							
								<li><a role="menuitem" id="sub-menu-6_58" href="http://shop.coles.com.au/online/national/pantry/sauces/stir-fry-and-curries" title="Stir-fry and Curries">Stir-fry and Curries</a></li>
							
								<li><a role="menuitem" id="sub-menu-6_59" href="http://shop.coles.com.au/online/national/pantry/sauces/tabasco-specialty" title="Sweet Chilli &amp; Hot">Sweet Chilli &amp; Hot</a></li>
							
								<li><a role="menuitem" id="sub-menu-6_60" href="http://shop.coles.com.au/online/national/pantry/sauces/tomato-bbq" title="Tomato &amp; BBQ">Tomato &amp; BBQ</a></li>
							
							<li class="section"><a role="menuitem" id="sub-menu-6_61" href="http://shop.coles.com.au/online/national/pantry/oils-vinegars" title="Oils &amp; Vinegars sub category">Oils &amp; Vinegars</a></li>
							
							
								<li><a role="menuitem" id="sub-menu-6_62" href="http://shop.coles.com.au/online/national/pantry/oils-vinegars/vinegar" title="Vinegar">Vinegar</a></li>
							
								<li><a role="menuitem" id="sub-menu-6_63" href="http://shop.coles.com.au/online/national/pantry/oils-vinegars/oil" title="Oil">Oil</a></li>
							
							<li class="section"><a role="menuitem" id="sub-menu-6_64" href="http://shop.coles.com.au/online/national/pantry/pasta--rice--grains" title="Pasta, Rice, Grains sub category">Pasta, Rice, Grains</a></li>
							
							
								<li><a role="menuitem" id="sub-menu-6_65" href="http://shop.coles.com.au/online/national/pantry/pasta--rice--grains/fresh-pasta" title="Fresh Pasta">Fresh Pasta</a></li>
							
								<li><a role="menuitem" id="sub-menu-6_66" href="http://shop.coles.com.au/online/national/pantry/pasta--rice--grains/dried-pasta" title="Dried Pasta">Dried Pasta</a></li>
							
								<li><a role="menuitem" id="sub-menu-6_67" href="http://shop.coles.com.au/online/national/pantry/pasta--rice--grains/rice" title="Rice">Rice</a></li>
							
								<li><a role="menuitem" id="sub-menu-6_68" href="http://shop.coles.com.au/online/national/pantry/pasta--rice--grains/pantry-beans-legumes" title="Beans &amp; Legumes">Beans &amp; Legumes</a></li>
							
								<li><a role="menuitem" id="sub-menu-6_69" href="http://shop.coles.com.au/online/national/pantry/pasta--rice--grains/polenta-other-grains" title="Polenta &amp; Other Grains">Polenta &amp; Other Grains</a></li>
							
							<li class="section"><a role="menuitem" id="sub-menu-6_70" href="http://shop.coles.com.au/online/national/pantry/canned-foods--soups-noodles" title="Canned Foods, Soups &amp; Noodles sub category">Canned Foods, Soups &amp; Noodles</a></li>
							
							
								<li><a role="menuitem" id="sub-menu-6_71" href="http://shop.coles.com.au/online/national/pantry/canned-foods--soups-noodles/beans-legumes" title="Canned Beans &amp; Legumes">Canned Beans &amp; Legumes</a></li>
							
								<li><a role="menuitem" id="sub-menu-6_72" href="http://shop.coles.com.au/online/national/pantry/canned-foods--soups-noodles/noodles" title="Noodles">Noodles</a></li>
							
								<li><a role="menuitem" id="sub-menu-6_73" href="http://shop.coles.com.au/online/national/pantry/canned-foods--soups-noodles/canned-fruit" title="Canned Fruit">Canned Fruit</a></li>
							
								<li><a role="menuitem" id="sub-menu-6_74" href="http://shop.coles.com.au/online/national/pantry/canned-foods--soups-noodles/canned-vegetables" title="Canned Vegetables">Canned Vegetables</a></li>
							
								<li><a role="menuitem" id="sub-menu-6_75" href="http://shop.coles.com.au/online/national/pantry/canned-foods--soups-noodles/canned-meat" title="Canned Meat">Canned Meat</a></li>
							
								<li><a role="menuitem" id="sub-menu-6_76" href="http://shop.coles.com.au/online/national/pantry/canned-foods--soups-noodles/condensed-evaporated-milk" title="Condensed &amp; Evaporated Milk">Condensed &amp; Evaporated Milk</a></li>
							
								<li><a role="menuitem" id="sub-menu-6_77" href="http://shop.coles.com.au/online/national/pantry/canned-foods--soups-noodles/instant-meals-sides" title="Instant Meals &amp; Sides">Instant Meals &amp; Sides</a></li>
							
								<li><a role="menuitem" id="sub-menu-6_78" href="http://shop.coles.com.au/online/national/pantry/canned-foods--soups-noodles/fish-seafood" title="Fish/Seafood">Fish/Seafood</a></li>
							
								<li><a role="menuitem" id="sub-menu-6_79" href="http://shop.coles.com.au/online/national/pantry/canned-foods--soups-noodles/baked-bins-tinned-spaghetti" title="Baked Beans &amp; Spaghetti">Baked Beans &amp; Spaghetti</a></li>
							
								<li><a role="menuitem" id="sub-menu-6_80" href="http://shop.coles.com.au/online/national/pantry/canned-foods--soups-noodles/soups" title="Soups">Soups</a></li>
							
							<li class="section"><a role="menuitem" id="sub-menu-6_81" href="http://shop.coles.com.au/online/national/pantry/tea-coffee" title="Tea &amp; Coffee sub category">Tea &amp; Coffee</a></li>
							
							
								<li><a role="menuitem" id="sub-menu-6_82" href="http://shop.coles.com.au/online/national/pantry/tea-coffee/tea" title="Tea">Tea</a></li>
							
								<li><a role="menuitem" id="sub-menu-6_83" href="http://shop.coles.com.au/online/national/pantry/tea-coffee/coffee" title="Coffee">Coffee</a></li>
							
								<li><a role="menuitem" id="sub-menu-6_84" href="http://shop.coles.com.au/online/national/pantry/tea-coffee/filters-accessories" title="Filters &amp; Accessories">Filters &amp; Accessories</a></li>
							
							<li class="section"><a role="menuitem" id="sub-menu-6_85" href="http://shop.coles.com.au/online/national/pantry/local-foods" title="Local Foods sub category">Local Foods</a></li>
							
							
								<li><a role="menuitem" id="sub-menu-6_86" href="http://shop.coles.com.au/online/national/pantry/local-foods/cereal-health-foods" title="Cereal &amp; Health Foods">Cereal &amp; Health Foods</a></li>
							
								<li><a role="menuitem" id="sub-menu-6_87" href="http://shop.coles.com.au/online/national/pantry/local-foods/local-snacks-drinks" title="Local Snacks &amp; Drinks">Local Snacks &amp; Drinks</a></li>
							
								<li><a role="menuitem" id="sub-menu-6_88" href="http://shop.coles.com.au/online/national/pantry/local-foods/pantry-local-foods" title="Pantry Local Foods">Pantry Local Foods</a></li>
							
							<li class="section"><a role="menuitem" id="sub-menu-6_89" href="http://shop.coles.com.au/online/national/pantry/easter-snacks" title="Easter Chocolate sub category">Easter Chocolate</a></li>
							
							
								<li><a role="menuitem" id="sub-menu-6_90" href="http://shop.coles.com.au/online/national/pantry/easter-snacks/easter-bunnies" title="Easter Bunny Chocolate">Easter Bunny Chocolate</a></li>
							
								<li><a role="menuitem" id="sub-menu-6_91" href="http://shop.coles.com.au/online/national/pantry/easter-snacks/easter-egg-gift-packs" title="Easter Egg Gift Packs">Easter Egg Gift Packs</a></li>
							
								<li><a role="menuitem" id="sub-menu-6_92" href="http://shop.coles.com.au/online/national/pantry/easter-snacks/easter-egg-sharepacks" title="Easter Egg Sharepacks">Easter Egg Sharepacks</a></li>
							
								<li><a role="menuitem" id="sub-menu-6_93" href="http://shop.coles.com.au/online/national/pantry/easter-snacks/easter-eggs" title="Chocolate Eggs">Chocolate Eggs</a></li>
							
								<li><a role="menuitem" id="sub-menu-6_94" href="http://shop.coles.com.au/online/national/pantry/easter-snacks/novelty-easter-egg-gift-packs" title="Novelty Easter Egg Gift Packs">Novelty Easter Egg Gift Packs</a></li>
							
					</ul>
				</div>							
											
			</li>									
		
			
			<li>
				
							
					<a role="menuitem" id="aisleMenu_7" aria-haspopup="true" href="http://shop.coles.com.au/online/national/frozen" class="aisle" title="Browse the Frozen aisle">
						Frozen <span>→</span>
					</a>
					
					<div id="menu-7" class="column-list clearfix" data-rows="22" role="navigation" aria-hidden="true" style="display: none;">
						<h2>
							<a role="menuitem" id="sub-menu-7_0" class="subCatHeader" title="Frozen Category" href="http://shop.coles.com.au/online/national/frozen">
								Frozen
							</a>
							<span class="aisle-search">&nbsp;
								<a role="menuitem" id="sub-menu-7_1" class="browseAllSubCategory" href="http://shop.coles.com.au/online/national/frozen/frozen" title="Browse all items">
								 Browse all items<span>→</span>
								</a>
							</span>
						</h2>
						
						
					<ul role="menu" id="sub-menu-7" data-col-items="menu-7" class="hidden">
						
							<li class="section"><a role="menuitem" id="sub-menu-7_2" href="http://shop.coles.com.au/online/national/frozen/frozen-chips-wedges" title="Chips &amp; Wedges sub category">Chips &amp; Wedges</a></li>
							
							
								<li><a role="menuitem" id="sub-menu-7_3" href="http://shop.coles.com.au/online/national/frozen/frozen-chips-wedges/chips" title="Chips">Chips</a></li>
							
								<li><a role="menuitem" id="sub-menu-7_4" href="http://shop.coles.com.au/online/national/frozen/frozen-chips-wedges/hashbrowns" title="Hashbrowns">Hashbrowns</a></li>
							
								<li><a role="menuitem" id="sub-menu-7_5" href="http://shop.coles.com.au/online/national/frozen/frozen-chips-wedges/wedges" title="Wedges">Wedges</a></li>
							
							<li class="section"><a role="menuitem" id="sub-menu-7_6" href="http://shop.coles.com.au/online/national/frozen/convenience-meals" title="Convenience Meals sub category">Convenience Meals</a></li>
							
							
								<li><a role="menuitem" id="sub-menu-7_7" href="http://shop.coles.com.au/online/national/frozen/convenience-meals/all-convenience-meals" title="All Convenience Meals">All Convenience Meals</a></li>
							
								<li><a role="menuitem" id="sub-menu-7_8" href="http://shop.coles.com.au/online/national/frozen/convenience-meals/kosher-convenience-meals" title="Kosher Convenience Meals">Kosher Convenience Meals</a></li>
							
							<li class="section"><a role="menuitem" id="sub-menu-7_9" href="http://shop.coles.com.au/online/national/frozen/frozen-desserts" title="Frozen Desserts sub category">Frozen Desserts</a></li>
							
							
								<li><a role="menuitem" id="sub-menu-7_10" href="http://shop.coles.com.au/online/national/frozen/frozen-desserts/assorted-desserts" title="Assorted Desserts">Assorted Desserts</a></li>
							
								<li><a role="menuitem" id="sub-menu-7_11" href="http://shop.coles.com.au/online/national/frozen/frozen-desserts/cakes-cheesecakes" title="Cakes &amp; Cheesecakes">Cakes &amp; Cheesecakes</a></li>
							
								<li><a role="menuitem" id="sub-menu-7_12" href="http://shop.coles.com.au/online/national/frozen/frozen-desserts/dessert-pies" title="Dessert Pies">Dessert Pies</a></li>
							
								<li><a role="menuitem" id="sub-menu-7_13" href="http://shop.coles.com.au/online/national/frozen/frozen-desserts/ice-cream-cakes" title="Ice Cream Cakes">Ice Cream Cakes</a></li>
							
								<li><a role="menuitem" id="sub-menu-7_14" href="http://shop.coles.com.au/online/national/frozen/frozen-desserts/pastries-puddings" title="Pastries &amp; Puddings">Pastries &amp; Puddings</a></li>
							
							<li class="section"><a role="menuitem" id="sub-menu-7_15" href="http://shop.coles.com.au/online/national/frozen/frozen-fish-seafood" title="Frozen Fish &amp; Seafood sub category">Frozen Fish &amp; Seafood</a></li>
							
							
								<li><a role="menuitem" id="sub-menu-7_16" href="http://shop.coles.com.au/online/national/frozen/frozen-fish-seafood/fish-fingers-cakes" title="Fish Fingers &amp; Cakes">Fish Fingers &amp; Cakes</a></li>
							
								<li><a role="menuitem" id="sub-menu-7_17" href="http://shop.coles.com.au/online/national/frozen/frozen-fish-seafood/fish-fillets" title="Fish Fillets">Fish Fillets</a></li>
							
								<li><a role="menuitem" id="sub-menu-7_18" href="http://shop.coles.com.au/online/national/frozen/frozen-fish-seafood/seafood-frozen" title="Seafood Frozen">Seafood Frozen</a></li>
							
							<li class="section"><a role="menuitem" id="sub-menu-7_19" href="http://shop.coles.com.au/online/national/frozen/frozen-fruit" title="Frozen Fruit sub category">Frozen Fruit</a></li>
							
							
								<li><a role="menuitem" id="sub-menu-7_20" href="http://shop.coles.com.au/online/national/frozen/frozen-fruit/berries" title="Berries">Berries</a></li>
							
								<li><a role="menuitem" id="sub-menu-7_21" href="http://shop.coles.com.au/online/national/frozen/frozen-fruit/tropical" title="Tropical">Tropical</a></li>
							
							<li class="section"><a role="menuitem" id="sub-menu-7_22" href="http://shop.coles.com.au/online/national/frozen/ice-cream-frozen-yoghurt" title="Ice Cream sub category">Ice Cream</a></li>
							
							
								<li><a role="menuitem" id="sub-menu-7_23" href="http://shop.coles.com.au/online/national/frozen/ice-cream-frozen-yoghurt/frozen-yoghurt" title="Frozen Yoghurt">Frozen Yoghurt</a></li>
							
								<li><a role="menuitem" id="sub-menu-7_24" href="http://shop.coles.com.au/online/national/frozen/ice-cream-frozen-yoghurt/ice-cream-desserts" title="Ice Cream Desserts">Ice Cream Desserts</a></li>
							
								<li><a role="menuitem" id="sub-menu-7_25" href="http://shop.coles.com.au/online/national/frozen/ice-cream-frozen-yoghurt/ice-cream-sticks" title="Ice Cream Sticks">Ice Cream Sticks</a></li>
							
								<li><a role="menuitem" id="sub-menu-7_26" href="http://shop.coles.com.au/online/national/frozen/ice-cream-frozen-yoghurt/ice-cream-tubs" title="Ice Cream Tubs">Ice Cream Tubs</a></li>
							
								<li><a role="menuitem" id="sub-menu-7_27" href="http://shop.coles.com.au/online/national/frozen/ice-cream-frozen-yoghurt/premium-ice-cream" title="Premium Ice Cream">Premium Ice Cream</a></li>
							
								<li><a role="menuitem" id="sub-menu-7_28" href="http://shop.coles.com.au/online/national/frozen/ice-cream-frozen-yoghurt/sorbet-gelato" title="Sorbet &amp; Gelato">Sorbet &amp; Gelato</a></li>
							
								<li><a role="menuitem" id="sub-menu-7_29" href="http://shop.coles.com.au/online/national/frozen/ice-cream-frozen-yoghurt/kosher-ice-cream" title="Kosher Ice Cream">Kosher Ice Cream</a></li>
							
							<li class="section"><a role="menuitem" id="sub-menu-7_30" href="http://shop.coles.com.au/online/national/frozen/frozen-meat" title="Frozen Meat sub category">Frozen Meat</a></li>
							
							
								<li><a role="menuitem" id="sub-menu-7_31" href="http://shop.coles.com.au/online/national/frozen/frozen-meat/beef-pork" title="Beef &amp; Pork">Beef &amp; Pork</a></li>
							
								<li><a role="menuitem" id="sub-menu-7_32" href="http://shop.coles.com.au/online/national/frozen/frozen-meat/burgers" title="Burgers">Burgers</a></li>
							
								<li><a role="menuitem" id="sub-menu-7_33" href="http://shop.coles.com.au/online/national/frozen/frozen-meat/crumbed-chicken-nuggets" title="Chicken Pieces &amp; Nuggets">Chicken Pieces &amp; Nuggets</a></li>
							
								<li><a role="menuitem" id="sub-menu-7_34" href="http://shop.coles.com.au/online/national/frozen/frozen-meat/whole-birds-rolls" title="Whole Birds &amp; Roasts">Whole Birds &amp; Roasts</a></li>
							
							<li class="section"><a role="menuitem" id="sub-menu-7_35" href="http://shop.coles.com.au/online/national/frozen/frozen-party-food-pastries" title="Frozen Party Food sub category">Frozen Party Food</a></li>
							
							
								<li><a role="menuitem" id="sub-menu-7_36" href="http://shop.coles.com.au/online/national/frozen/frozen-party-food-pastries/asian-party-food" title="Asian Party Food">Asian Party Food</a></li>
							
								<li><a role="menuitem" id="sub-menu-7_37" href="http://shop.coles.com.au/online/national/frozen/frozen-party-food-pastries/pastries" title="Pastries">Pastries</a></li>
							
								<li><a role="menuitem" id="sub-menu-7_38" href="http://shop.coles.com.au/online/national/frozen/frozen-party-food-pastries/pies-quiches" title="Pies &amp; Quiches">Pies &amp; Quiches</a></li>
							
								<li><a role="menuitem" id="sub-menu-7_39" href="http://shop.coles.com.au/online/national/frozen/frozen-party-food-pastries/party-food-1182577" title="Party Food">Party Food</a></li>
							
								<li><a role="menuitem" id="sub-menu-7_40" href="http://shop.coles.com.au/online/national/frozen/frozen-party-food-pastries/pastry-sheets" title="Pastry Sheets">Pastry Sheets</a></li>
							
							<li class="section"><a role="menuitem" id="sub-menu-7_41" href="http://shop.coles.com.au/online/national/frozen/frozen-pizzas" title="Frozen Pizzas sub category">Frozen Pizzas</a></li>
							
							
								<li><a role="menuitem" id="sub-menu-7_42" href="http://shop.coles.com.au/online/national/frozen/frozen-pizzas/pizza-snacks" title="Pizza Snacks">Pizza Snacks</a></li>
							
								<li><a role="menuitem" id="sub-menu-7_43" href="http://shop.coles.com.au/online/national/frozen/frozen-pizzas/pizzas-1182607" title="Pizzas">Pizzas</a></li>
							
							<li class="section"><a role="menuitem" id="sub-menu-7_44" href="http://shop.coles.com.au/online/national/frozen/frozen-vegetables" title="Frozen Vegetables sub category">Frozen Vegetables</a></li>
							
							
								<li><a role="menuitem" id="sub-menu-7_45" href="http://shop.coles.com.au/online/national/frozen/frozen-vegetables/beans" title="Beans">Beans</a></li>
							
								<li><a role="menuitem" id="sub-menu-7_46" href="http://shop.coles.com.au/online/national/frozen/frozen-vegetables/corn-1182820" title="Corn">Corn</a></li>
							
								<li><a role="menuitem" id="sub-menu-7_47" href="http://shop.coles.com.au/online/national/frozen/frozen-vegetables/frozen-chips" title="Frozen Chips">Frozen Chips</a></li>
							
								<li><a role="menuitem" id="sub-menu-7_48" href="http://shop.coles.com.au/online/national/frozen/frozen-vegetables/mixed-veg" title="Mixed Veg">Mixed Veg</a></li>
							
								<li><a role="menuitem" id="sub-menu-7_49" href="http://shop.coles.com.au/online/national/frozen/frozen-vegetables/oven-roast-potato" title="Oven Roast Potato">Oven Roast Potato</a></li>
							
								<li><a role="menuitem" id="sub-menu-7_50" href="http://shop.coles.com.au/online/national/frozen/frozen-vegetables/peas" title="Peas">Peas</a></li>
							
								<li><a role="menuitem" id="sub-menu-7_51" href="http://shop.coles.com.au/online/national/frozen/frozen-vegetables/steamed" title="Steamed">Steamed</a></li>
							
								<li><a role="menuitem" id="sub-menu-7_52" href="http://shop.coles.com.au/online/national/frozen/frozen-vegetables/stir-fry" title="Stir Fry">Stir Fry</a></li>
							
								<li><a role="menuitem" id="sub-menu-7_53" href="http://shop.coles.com.au/online/national/frozen/frozen-vegetables/other-veg" title="Other Veg">Other Veg</a></li>
							
					</ul>
				</div>							
											
			</li>									
		
			
			<li>
				
							
					<a role="menuitem" id="aisleMenu_8" aria-haspopup="true" href="http://shop.coles.com.au/online/national/drinks" class="aisle" title="Browse the Drinks aisle">
						Drinks <span>→</span>
					</a>
					
					<div id="menu-8" class="column-list clearfix" data-rows="22" role="navigation" aria-hidden="true" style="display: none;">
						<h2>
							<a role="menuitem" id="sub-menu-8_0" class="subCatHeader" title="Drinks Category" href="http://shop.coles.com.au/online/national/drinks">
								Drinks
							</a>
							<span class="aisle-search">&nbsp;
								<a role="menuitem" id="sub-menu-8_1" class="browseAllSubCategory" href="http://shop.coles.com.au/online/national/drinks/drinks" title="Browse all items">
								 Browse all items<span>→</span>
								</a>
							</span>
						</h2>
						
						
					<ul role="menu" id="sub-menu-8" data-col-items="menu-8" class="hidden">
						
							<li class="section"><a role="menuitem" id="sub-menu-8_2" href="http://shop.coles.com.au/online/national/drinks/cold" title="All Drinks sub category">All Drinks</a></li>
							
							
								<li><a role="menuitem" id="sub-menu-8_3" href="http://shop.coles.com.au/online/national/drinks/cold/soft-drinks" title="Soft Drinks">Soft Drinks</a></li>
							
								<li><a role="menuitem" id="sub-menu-8_4" href="http://shop.coles.com.au/online/national/drinks/cold/cordials-mixers" title="Cordials">Cordials</a></li>
							
								<li><a role="menuitem" id="sub-menu-8_5" href="http://shop.coles.com.au/online/national/drinks/cold/water" title="Water">Water</a></li>
							
								<li><a role="menuitem" id="sub-menu-8_6" href="http://shop.coles.com.au/online/national/drinks/cold/juice" title="Juice">Juice</a></li>
							
								<li><a role="menuitem" id="sub-menu-8_7" href="http://shop.coles.com.au/online/national/drinks/cold/chilled-juice" title="Chilled Juice">Chilled Juice</a></li>
							
								<li><a role="menuitem" id="sub-menu-8_8" href="http://shop.coles.com.au/online/national/drinks/cold/iced-tea" title="Iced Tea">Iced Tea</a></li>
							
								<li><a role="menuitem" id="sub-menu-8_9" href="http://shop.coles.com.au/online/national/drinks/cold/flavoured-milk" title="Flavoured Milk">Flavoured Milk</a></li>
							
								<li><a role="menuitem" id="sub-menu-8_10" href="http://shop.coles.com.au/online/national/drinks/cold/long-life-milk" title="Long-Life Milk">Long-Life Milk</a></li>
							
								<li><a role="menuitem" id="sub-menu-8_11" href="http://shop.coles.com.au/online/national/drinks/cold/sports-energy-drinks" title="Sports/Energy Drinks">Sports/Energy Drinks</a></li>
							
								<li><a role="menuitem" id="sub-menu-8_12" href="http://shop.coles.com.au/online/national/drinks/cold/non-alcoholic" title="Non-alcoholic">Non-alcoholic</a></li>
							
								<li><a role="menuitem" id="sub-menu-8_13" href="http://shop.coles.com.au/online/national/drinks/cold/powders-and-mixes" title="Powders and Mixes">Powders and Mixes</a></li>
							
								<li><a role="menuitem" id="sub-menu-8_14" href="http://shop.coles.com.au/online/national/drinks/cold/tea-bags" title="Tea">Tea</a></li>
							
								<li><a role="menuitem" id="sub-menu-8_15" href="http://shop.coles.com.au/online/national/drinks/cold/coffee-drinks" title="Coffee Drinks">Coffee Drinks</a></li>
							
								<li><a role="menuitem" id="sub-menu-8_16" href="http://shop.coles.com.au/online/national/drinks/cold/coffee-filter" title="Coffee Filters">Coffee Filters</a></li>
							
					</ul>
				</div>							
											
			</li>									
		
			
			<li>
				
							
					<a role="menuitem" id="aisleMenu_9" aria-haspopup="true" href="http://shop.coles.com.au/online/national/liquor" class="aisle" title="Browse the Liquor aisle">
						Liquor <span>→</span>
					</a>
					
					<div id="menu-9" class="column-list clearfix" data-rows="22" role="navigation" aria-hidden="true" style="display: none;">
						<h2>
							<a role="menuitem" id="sub-menu-9_0" class="subCatHeader" title="Liquor Category" href="http://shop.coles.com.au/online/national/liquor">
								Liquor
							</a>
							<span class="aisle-search">&nbsp;
								<a role="menuitem" id="sub-menu-9_1" class="browseAllSubCategory" href="http://shop.coles.com.au/online/national/liquor/liquor" title="Browse all items">
								 Browse all items<span>→</span>
								</a>
							</span>
						</h2>
						
						
					<ul role="menu" id="sub-menu-9" data-col-items="menu-9" class="hidden">
						
							<li class="section"><a role="menuitem" id="sub-menu-9_2" href="http://shop.coles.com.au/online/national/liquor/beer-cider" title="Beer &amp; Cider sub category">Beer &amp; Cider</a></li>
							
							
								<li><a role="menuitem" id="sub-menu-9_3" href="http://shop.coles.com.au/online/national/liquor/beer-cider/all-beer" title="All Beer">All Beer</a></li>
							
								<li><a role="menuitem" id="sub-menu-9_4" href="http://shop.coles.com.au/online/national/liquor/beer-cider/local-beer" title="Local Beer">Local Beer</a></li>
							
								<li><a role="menuitem" id="sub-menu-9_5" href="http://shop.coles.com.au/online/national/liquor/beer-cider/imported-beer" title="Imported Beer">Imported Beer</a></li>
							
								<li><a role="menuitem" id="sub-menu-9_6" href="http://shop.coles.com.au/online/national/liquor/beer-cider/premium-local-beer" title="Premium Local Beer">Premium Local Beer</a></li>
							
								<li><a role="menuitem" id="sub-menu-9_7" href="http://shop.coles.com.au/online/national/liquor/beer-cider/ciders" title="Ciders">Ciders</a></li>
							
							<li class="section"><a role="menuitem" id="sub-menu-9_8" href="http://shop.coles.com.au/online/national/liquor/red-fortified-wines" title="Red &amp; Fortified Wines sub category">Red &amp; Fortified Wines</a></li>
							
							
								<li><a role="menuitem" id="sub-menu-9_9" href="http://shop.coles.com.au/online/national/liquor/red-fortified-wines/all-red-wines" title="All Red Wines">All Red Wines</a></li>
							
								<li><a role="menuitem" id="sub-menu-9_10" href="http://shop.coles.com.au/online/national/liquor/red-fortified-wines/cask-red-wine" title="Cask Red Wine">Cask Red Wine</a></li>
							
								<li><a role="menuitem" id="sub-menu-9_11" href="http://shop.coles.com.au/online/national/liquor/red-fortified-wines/fortified-wines" title="Fortified Wines">Fortified Wines</a></li>
							
								<li><a role="menuitem" id="sub-menu-9_12" href="http://shop.coles.com.au/online/national/liquor/red-fortified-wines/cabernet-blends" title="Cabernet &amp; Blends">Cabernet &amp; Blends</a></li>
							
								<li><a role="menuitem" id="sub-menu-9_13" href="http://shop.coles.com.au/online/national/liquor/red-fortified-wines/merlot" title="Merlot">Merlot</a></li>
							
								<li><a role="menuitem" id="sub-menu-9_14" href="http://shop.coles.com.au/online/national/liquor/red-fortified-wines/pinot-noir" title="Pinot Noir">Pinot Noir</a></li>
							
								<li><a role="menuitem" id="sub-menu-9_15" href="http://shop.coles.com.au/online/national/liquor/red-fortified-wines/rose" title="Rose">Rose</a></li>
							
								<li><a role="menuitem" id="sub-menu-9_16" href="http://shop.coles.com.au/online/national/liquor/red-fortified-wines/shiraz-blends" title="Shiraz &amp; Blends">Shiraz &amp; Blends</a></li>
							
								<li><a role="menuitem" id="sub-menu-9_17" href="http://shop.coles.com.au/online/national/liquor/red-fortified-wines/other-red-wine-varieties" title="Other Red Wine Varieties">Other Red Wine Varieties</a></li>
							
							<li class="section"><a role="menuitem" id="sub-menu-9_18" href="http://shop.coles.com.au/online/national/liquor/white-wines" title="White Wines sub category">White Wines</a></li>
							
							
								<li><a role="menuitem" id="sub-menu-9_19" href="http://shop.coles.com.au/online/national/liquor/white-wines/all-white-wines" title="All White Wines">All White Wines</a></li>
							
								<li><a role="menuitem" id="sub-menu-9_20" href="http://shop.coles.com.au/online/national/liquor/white-wines/cask-white-wines" title="Cask White Wines">Cask White Wines</a></li>
							
								<li><a role="menuitem" id="sub-menu-9_21" href="http://shop.coles.com.au/online/national/liquor/white-wines/champagne-sparkling" title="Champagne &amp; Sparkling">Champagne &amp; Sparkling</a></li>
							
								<li><a role="menuitem" id="sub-menu-9_22" href="http://shop.coles.com.au/online/national/liquor/white-wines/chardonnay-blends" title="Chardonnay &amp; Blends">Chardonnay &amp; Blends</a></li>
							
								<li><a role="menuitem" id="sub-menu-9_23" href="http://shop.coles.com.au/online/national/liquor/white-wines/pinot-gris-grigio" title="Pinot Gris &amp; Grigio">Pinot Gris &amp; Grigio</a></li>
							
								<li><a role="menuitem" id="sub-menu-9_24" href="http://shop.coles.com.au/online/national/liquor/white-wines/riesling" title="Riesling">Riesling</a></li>
							
								<li><a role="menuitem" id="sub-menu-9_25" href="http://shop.coles.com.au/online/national/liquor/white-wines/sauvignon-blanc" title="Sauvignon Blanc">Sauvignon Blanc</a></li>
							
								<li><a role="menuitem" id="sub-menu-9_26" href="http://shop.coles.com.au/online/national/liquor/white-wines/semillon-blends" title="Semillon &amp; Blends">Semillon &amp; Blends</a></li>
							
								<li><a role="menuitem" id="sub-menu-9_27" href="http://shop.coles.com.au/online/national/liquor/white-wines/other-white-wine-varieties" title="Other White Wine Varieties">Other White Wine Varieties</a></li>
							
							<li class="section"><a role="menuitem" id="sub-menu-9_28" href="http://shop.coles.com.au/online/national/liquor/spirits" title="Spirits sub category">Spirits</a></li>
							
							
								<li><a role="menuitem" id="sub-menu-9_29" href="http://shop.coles.com.au/online/national/liquor/spirits/all-spirits" title="All Spirits">All Spirits</a></li>
							
								<li><a role="menuitem" id="sub-menu-9_30" href="http://shop.coles.com.au/online/national/liquor/spirits/dark-spirits" title="Dark Spirits">Dark Spirits</a></li>
							
								<li><a role="menuitem" id="sub-menu-9_31" href="http://shop.coles.com.au/online/national/liquor/spirits/white-spirits" title="White Spirits">White Spirits</a></li>
							
								<li><a role="menuitem" id="sub-menu-9_32" href="http://shop.coles.com.au/online/national/liquor/spirits/liqueurs" title="Liqueurs">Liqueurs</a></li>
							
								<li><a role="menuitem" id="sub-menu-9_33" href="http://shop.coles.com.au/online/national/liquor/spirits/aperitif-cocktails" title="Aperitif &amp; Cocktails">Aperitif &amp; Cocktails</a></li>
							
								<li><a role="menuitem" id="sub-menu-9_34" href="http://shop.coles.com.au/online/national/liquor/spirits/bourbon" title="Bourbon">Bourbon</a></li>
							
								<li><a role="menuitem" id="sub-menu-9_35" href="http://shop.coles.com.au/online/national/liquor/spirits/gin" title="Gin">Gin</a></li>
							
								<li><a role="menuitem" id="sub-menu-9_36" href="http://shop.coles.com.au/online/national/liquor/spirits/rum" title="Rum">Rum</a></li>
							
								<li><a role="menuitem" id="sub-menu-9_37" href="http://shop.coles.com.au/online/national/liquor/spirits/scotch-whiskey" title="Scotch &amp; Whiskey">Scotch &amp; Whiskey</a></li>
							
								<li><a role="menuitem" id="sub-menu-9_38" href="http://shop.coles.com.au/online/national/liquor/spirits/vodka" title="Vodka">Vodka</a></li>
							
							<li class="section"><a role="menuitem" id="sub-menu-9_39" href="http://shop.coles.com.au/online/national/liquor/premixed-non-alcoholic" title="Premixed &amp; Non Alcoholic sub category">Premixed &amp; Non Alcoholic</a></li>
							
							
								<li><a role="menuitem" id="sub-menu-9_40" href="http://shop.coles.com.au/online/national/liquor/premixed-non-alcoholic/premixed-drinks" title="Premixed Drinks">Premixed Drinks</a></li>
							
								<li><a role="menuitem" id="sub-menu-9_41" href="http://shop.coles.com.au/online/national/liquor/premixed-non-alcoholic/non-alcoholic-drinks" title="Non-Alcoholic Drinks">Non-Alcoholic Drinks</a></li>
							
							<li class="section"><a role="menuitem" id="sub-menu-9_42" href="http://shop.coles.com.au/online/national/liquor/ice-accessories" title="Ice &amp; Accessories sub category">Ice &amp; Accessories</a></li>
							
							
								<li><a role="menuitem" id="sub-menu-9_43" href="http://shop.coles.com.au/online/national/liquor/ice-accessories/glasses" title="Glasses">Glasses</a></li>
							
								<li><a role="menuitem" id="sub-menu-9_44" href="http://shop.coles.com.au/online/national/liquor/ice-accessories/bagged-ice" title="Bagged Ice">Bagged Ice</a></li>
							
					</ul>
				</div>							
											
			</li>									
		
			
			<li>
				
							
					<a role="menuitem" id="aisleMenu_10" aria-haspopup="true" href="http://shop.coles.com.au/online/national/international-food" class="aisle" title="Browse the International Foods aisle">
						International Foods <span>→</span>
					</a>
					
					<div id="menu-10" class="column-list clearfix" data-rows="22" role="navigation" aria-hidden="true" style="display: none;">
						<h2>
							<a role="menuitem" id="sub-menu-10_0" class="subCatHeader" title="International Foods Category" href="http://shop.coles.com.au/online/national/international-food">
								International Foods
							</a>
							<span class="aisle-search">&nbsp;
								<a role="menuitem" id="sub-menu-10_1" class="browseAllSubCategory" href="http://shop.coles.com.au/online/national/international-food/international-food" title="Browse all items">
								 Browse all items<span>→</span>
								</a>
							</span>
						</h2>
						
						
					<ul role="menu" id="sub-menu-10" data-col-items="menu-10" class="hidden">
						
							<li class="section"><a role="menuitem" id="sub-menu-10_2" href="http://shop.coles.com.au/online/national/international-food/cuisine" title="International Food sub category">International Food</a></li>
							
							
								<li><a role="menuitem" id="sub-menu-10_3" href="http://shop.coles.com.au/online/national/international-food/cuisine/asian" title="Asian">Asian</a></li>
							
								<li><a role="menuitem" id="sub-menu-10_4" href="http://shop.coles.com.au/online/national/international-food/cuisine/italian" title="Italian">Italian</a></li>
							
								<li><a role="menuitem" id="sub-menu-10_5" href="http://shop.coles.com.au/online/national/international-food/cuisine/european" title="European">European</a></li>
							
								<li><a role="menuitem" id="sub-menu-10_6" href="http://shop.coles.com.au/online/national/international-food/cuisine/indian" title="Indian">Indian</a></li>
							
								<li><a role="menuitem" id="sub-menu-10_7" href="http://shop.coles.com.au/online/national/international-food/cuisine/mexican" title="Mexican">Mexican</a></li>
							
								<li><a role="menuitem" id="sub-menu-10_8" href="http://shop.coles.com.au/online/national/international-food/cuisine/middle-eastern" title="Middle Eastern">Middle Eastern</a></li>
							
								<li><a role="menuitem" id="sub-menu-10_9" href="http://shop.coles.com.au/online/national/international-food/cuisine/new-zealand" title="New Zealand">New Zealand</a></li>
							
								<li><a role="menuitem" id="sub-menu-10_10" href="http://shop.coles.com.au/online/national/international-food/cuisine/uk-foods" title="UK Foods">UK Foods</a></li>
							
								<li><a role="menuitem" id="sub-menu-10_11" href="http://shop.coles.com.au/online/national/international-food/cuisine/south-african" title="South African">South African</a></li>
							
							<li class="section"><a role="menuitem" id="sub-menu-10_12" href="http://shop.coles.com.au/online/national/international-food/kosher-foods" title="Kosher sub category">Kosher</a></li>
							
							
								<li><a role="menuitem" id="sub-menu-10_13" href="http://shop.coles.com.au/online/national/international-food/kosher-foods/dairy-kosher" title="Dairy Kosher">Dairy Kosher</a></li>
							
								<li><a role="menuitem" id="sub-menu-10_14" href="http://shop.coles.com.au/online/national/international-food/kosher-foods/drinks-kosher" title="Drinks Kosher">Drinks Kosher</a></li>
							
								<li><a role="menuitem" id="sub-menu-10_15" href="http://shop.coles.com.au/online/national/international-food/kosher-foods/frozen-kosher" title="Frozen Kosher">Frozen Kosher</a></li>
							
								<li><a role="menuitem" id="sub-menu-10_16" href="http://shop.coles.com.au/online/national/international-food/kosher-foods/meat-kosher" title="Meat Kosher">Meat Kosher</a></li>
							
								<li><a role="menuitem" id="sub-menu-10_17" href="http://shop.coles.com.au/online/national/international-food/kosher-foods/pantry-kosher" title="Pantry Kosher">Pantry Kosher</a></li>
							
							<li class="section"><a role="menuitem" id="sub-menu-10_18" href="http://shop.coles.com.au/online/national/international-food/halal-foods" title="Halal sub category">Halal</a></li>
							
							
								<li><a role="menuitem" id="sub-menu-10_19" href="http://shop.coles.com.au/online/national/international-food/halal-foods/dairy-halal" title="Dairy Halal">Dairy Halal</a></li>
							
								<li><a role="menuitem" id="sub-menu-10_20" href="http://shop.coles.com.au/online/national/international-food/halal-foods/drinks-halal" title="Drinks Halal">Drinks Halal</a></li>
							
								<li><a role="menuitem" id="sub-menu-10_21" href="http://shop.coles.com.au/online/national/international-food/halal-foods/frozen-halal" title="Frozen Halal">Frozen Halal</a></li>
							
								<li><a role="menuitem" id="sub-menu-10_22" href="http://shop.coles.com.au/online/national/international-food/halal-foods/meat-halal" title="Meat Halal">Meat Halal</a></li>
							
								<li><a role="menuitem" id="sub-menu-10_23" href="http://shop.coles.com.au/online/national/international-food/halal-foods/pantry-halal" title="Pantry Halal">Pantry Halal</a></li>
							
					</ul>
				</div>							
											
			</li>									
		
			
			<li>
				
							
					<a role="menuitem" id="aisleMenu_11" aria-haspopup="true" href="http://shop.coles.com.au/online/national/healthy-living" class="aisle" title="Browse the Healthy Living aisle">
						Healthy Living <span>→</span>
					</a>
					
					<div id="menu-11" class="column-list clearfix" data-rows="22" role="navigation" aria-hidden="true" style="display: none;">
						<h2>
							<a role="menuitem" id="sub-menu-11_0" class="subCatHeader" title="Healthy Living Category" href="http://shop.coles.com.au/online/national/healthy-living">
								Healthy Living
							</a>
							<span class="aisle-search">&nbsp;
								<a role="menuitem" id="sub-menu-11_1" class="browseAllSubCategory" href="http://shop.coles.com.au/online/national/healthy-living/healthy-living" title="Browse all items">
								 Browse all items<span>→</span>
								</a>
							</span>
						</h2>
						
						
					<ul role="menu" id="sub-menu-11" data-col-items="menu-11" class="hidden">
						
							<li class="section"><a role="menuitem" id="sub-menu-11_2" href="http://shop.coles.com.au/online/national/healthy-living/gluten-free" title="Gluten Free sub category">Gluten Free</a></li>
							
							
								<li><a role="menuitem" id="sub-menu-11_3" href="http://shop.coles.com.au/online/national/healthy-living/gluten-free/gluten-free-bakery" title="Bakery Gluten Free">Bakery Gluten Free</a></li>
							
								<li><a role="menuitem" id="sub-menu-11_4" href="http://shop.coles.com.au/online/national/healthy-living/gluten-free/gluten-free-baby-food" title="Baby Food Gluten Free">Baby Food Gluten Free</a></li>
							
								<li><a role="menuitem" id="sub-menu-11_5" href="http://shop.coles.com.au/online/national/healthy-living/gluten-free/gluten-free-baking" title="Baking Gluten Free">Baking Gluten Free</a></li>
							
								<li><a role="menuitem" id="sub-menu-11_6" href="http://shop.coles.com.au/online/national/healthy-living/gluten-free/gluten-free-dairy" title="Dairy Gluten Free">Dairy Gluten Free</a></li>
							
								<li><a role="menuitem" id="sub-menu-11_7" href="http://shop.coles.com.au/online/national/healthy-living/gluten-free/gluten-free-deli" title="Deli Gluten Free">Deli Gluten Free</a></li>
							
								<li><a role="menuitem" id="sub-menu-11_8" href="http://shop.coles.com.au/online/national/healthy-living/gluten-free/gluten-free-drinks" title="Drinks Gluten Free">Drinks Gluten Free</a></li>
							
								<li><a role="menuitem" id="sub-menu-11_9" href="http://shop.coles.com.au/online/national/healthy-living/gluten-free/gluten-free-frozen" title="Frozen Gluten Free">Frozen Gluten Free</a></li>
							
								<li><a role="menuitem" id="sub-menu-11_10" href="http://shop.coles.com.au/online/national/healthy-living/gluten-free/gluten-free-international-foods" title="International Foods Gluten Free">International Foods Gluten Free</a></li>
							
								<li><a role="menuitem" id="sub-menu-11_11" href="http://shop.coles.com.au/online/national/healthy-living/gluten-free/gluten-free-meals" title="Meals Gluten Free">Meals Gluten Free</a></li>
							
								<li><a role="menuitem" id="sub-menu-11_12" href="http://shop.coles.com.au/online/national/healthy-living/gluten-free/gluten-free-meat" title="Meat Gluten Free">Meat Gluten Free</a></li>
							
								<li><a role="menuitem" id="sub-menu-11_13" href="http://shop.coles.com.au/online/national/healthy-living/gluten-free/gluten-free-pantry" title="Pantry Gluten Free">Pantry Gluten Free</a></li>
							
								<li><a role="menuitem" id="sub-menu-11_14" href="http://shop.coles.com.au/online/national/healthy-living/gluten-free/gluten-free-pasta" title="Pasta Gluten Free">Pasta Gluten Free</a></li>
							
								<li><a role="menuitem" id="sub-menu-11_15" href="http://shop.coles.com.au/online/national/healthy-living/gluten-free/gluten-free-snacks" title="Snacks Gluten Free">Snacks Gluten Free</a></li>
							
								<li><a role="menuitem" id="sub-menu-11_16" href="http://shop.coles.com.au/online/national/healthy-living/gluten-free/gluten-free-medicinal-products" title="Vitamins &amp; Medicinal Gluten Free">Vitamins &amp; Medicinal Gluten Free</a></li>
							
							<li class="section"><a role="menuitem" id="sub-menu-11_17" href="http://shop.coles.com.au/online/national/healthy-living/organic" title="Organic sub category">Organic</a></li>
							
							
								<li><a role="menuitem" id="sub-menu-11_18" href="http://shop.coles.com.au/online/national/healthy-living/organic/bakery-organic" title="Bakery Organic">Bakery Organic</a></li>
							
								<li><a role="menuitem" id="sub-menu-11_19" href="http://shop.coles.com.au/online/national/healthy-living/organic/baby-organic" title="Baby Organic">Baby Organic</a></li>
							
								<li><a role="menuitem" id="sub-menu-11_20" href="http://shop.coles.com.au/online/national/healthy-living/organic/dairy-eggs-organic" title="Dairy &amp; Eggs Organic">Dairy &amp; Eggs Organic</a></li>
							
								<li><a role="menuitem" id="sub-menu-11_21" href="http://shop.coles.com.au/online/national/healthy-living/organic/drinks-organic" title="Drinks Organic">Drinks Organic</a></li>
							
								<li><a role="menuitem" id="sub-menu-11_22" href="http://shop.coles.com.au/online/national/healthy-living/organic/fruit-vegetables-organic" title="Fruit &amp; Vegetables Organic">Fruit &amp; Vegetables Organic</a></li>
							
								<li><a role="menuitem" id="sub-menu-11_23" href="http://shop.coles.com.au/online/national/healthy-living/organic/meals-organic" title="Meals Organic">Meals Organic</a></li>
							
								<li><a role="menuitem" id="sub-menu-11_24" href="http://shop.coles.com.au/online/national/healthy-living/organic/meat-organic" title="Meat Organic">Meat Organic</a></li>
							
								<li><a role="menuitem" id="sub-menu-11_25" href="http://shop.coles.com.au/online/national/healthy-living/organic/pantry-organic" title="Pantry Organic">Pantry Organic</a></li>
							
								<li><a role="menuitem" id="sub-menu-11_26" href="http://shop.coles.com.au/online/national/healthy-living/organic/international-foods-organic" title="International Foods Organic">International Foods Organic</a></li>
							
								<li><a role="menuitem" id="sub-menu-11_27" href="http://shop.coles.com.au/online/national/healthy-living/organic/health-beauty-organic" title="Health &amp; Beauty Organic">Health &amp; Beauty Organic</a></li>
							
							<li class="section"><a role="menuitem" id="sub-menu-11_28" href="http://shop.coles.com.au/online/national/healthy-living/healthier-choices" title="Healthier Choices sub category">Healthier Choices</a></li>
							
							
								<li><a role="menuitem" id="sub-menu-11_29" href="http://shop.coles.com.au/online/national/healthy-living/healthier-choices/bakery-healthier-choices" title="Bakery Healthier Choices">Bakery Healthier Choices</a></li>
							
								<li><a role="menuitem" id="sub-menu-11_30" href="http://shop.coles.com.au/online/national/healthy-living/healthier-choices/breakfast-healthier-choices" title="Breakfast Healthier Choices">Breakfast Healthier Choices</a></li>
							
								<li><a role="menuitem" id="sub-menu-11_31" href="http://shop.coles.com.au/online/national/healthy-living/healthier-choices/canned-fish-healthier-choices" title="Canned Fish Healthier Choices">Canned Fish Healthier Choices</a></li>
							
								<li><a role="menuitem" id="sub-menu-11_32" href="http://shop.coles.com.au/online/national/healthy-living/healthier-choices/canned-fruit-veg-healthier-choices" title="Canned Fruit &amp; Veg Healthier Choices">Canned Fruit &amp; Veg Healthier Choices</a></li>
							
								<li><a role="menuitem" id="sub-menu-11_33" href="http://shop.coles.com.au/online/national/healthy-living/healthier-choices/dairy-eggs-healthier-choices" title="Dairy &amp; Eggs Healthier Choices">Dairy &amp; Eggs Healthier Choices</a></li>
							
								<li><a role="menuitem" id="sub-menu-11_34" href="http://shop.coles.com.au/online/national/healthy-living/healthier-choices/deli-healthier-choices" title="Deli Healthier Choices">Deli Healthier Choices</a></li>
							
								<li><a role="menuitem" id="sub-menu-11_35" href="http://shop.coles.com.au/online/national/healthy-living/healthier-choices/drinks-healthier-choices" title="Drinks Healthier Choices">Drinks Healthier Choices</a></li>
							
								<li><a role="menuitem" id="sub-menu-11_36" href="http://shop.coles.com.au/online/national/healthy-living/healthier-choices/frozen-healthier-choices" title="Frozen Healthier Choices">Frozen Healthier Choices</a></li>
							
								<li><a role="menuitem" id="sub-menu-11_37" href="http://shop.coles.com.au/online/national/healthy-living/healthier-choices/meat-seafood-healthier-choices" title="Meat &amp; Seafood Healthier Choices">Meat &amp; Seafood Healthier Choices</a></li>
							
								<li><a role="menuitem" id="sub-menu-11_38" href="http://shop.coles.com.au/online/national/healthy-living/healthier-choices/oils--rice-pasta-healthier-choices" title="Oils, Rice &amp; Pasta Healthier Choices">Oils, Rice &amp; Pasta Healthier Choices</a></li>
							
								<li><a role="menuitem" id="sub-menu-11_39" href="http://shop.coles.com.au/online/national/healthy-living/healthier-choices/pantry-healthier-choices" title="Pantry Healthier Choices">Pantry Healthier Choices</a></li>
							
								<li><a role="menuitem" id="sub-menu-11_40" href="http://shop.coles.com.au/online/national/healthy-living/healthier-choices/snacks-healthier-choices" title="Snacks Healthier Choices">Snacks Healthier Choices</a></li>
							
							<li class="section"><a role="menuitem" id="sub-menu-11_41" href="http://shop.coles.com.au/online/national/healthy-living/diet-sports-nutrition" title="Diet &amp; Sports Nutrition sub category">Diet &amp; Sports Nutrition</a></li>
							
							
								<li><a role="menuitem" id="sub-menu-11_42" href="http://shop.coles.com.au/online/national/healthy-living/diet-sports-nutrition/diet-weightloss" title="Diet &amp; Weightloss">Diet &amp; Weightloss</a></li>
							
								<li><a role="menuitem" id="sub-menu-11_43" href="http://shop.coles.com.au/online/national/healthy-living/diet-sports-nutrition/sport-nutrition-supplements" title="Sports Nutrition &amp; Supplements">Sports Nutrition &amp; Supplements</a></li>
							
							<li class="section"><a role="menuitem" id="sub-menu-11_44" href="http://shop.coles.com.au/online/national/healthy-living/vegetarian" title="Vegetarian sub category">Vegetarian</a></li>
							
							
								<li><a role="menuitem" id="sub-menu-11_45" href="http://shop.coles.com.au/online/national/healthy-living/vegetarian/baby-food-vegetarian" title="Baby Food Vegetarian">Baby Food Vegetarian</a></li>
							
								<li><a role="menuitem" id="sub-menu-11_46" href="http://shop.coles.com.au/online/national/healthy-living/vegetarian/bakery-vegetarian" title="Bakery Vegetarian">Bakery Vegetarian</a></li>
							
								<li><a role="menuitem" id="sub-menu-11_47" href="http://shop.coles.com.au/online/national/healthy-living/vegetarian/dairy-vegetarian" title="Dairy Vegetarian">Dairy Vegetarian</a></li>
							
								<li><a role="menuitem" id="sub-menu-11_48" href="http://shop.coles.com.au/online/national/healthy-living/vegetarian/frozen-vegetarian" title="Frozen Vegetarian">Frozen Vegetarian</a></li>
							
								<li><a role="menuitem" id="sub-menu-11_49" href="http://shop.coles.com.au/online/national/healthy-living/vegetarian/international-foods-vegetarian" title="International Foods Vegetarian">International Foods Vegetarian</a></li>
							
								<li><a role="menuitem" id="sub-menu-11_50" href="http://shop.coles.com.au/online/national/healthy-living/vegetarian/meals-vegetarian" title="Meals Vegetarian">Meals Vegetarian</a></li>
							
								<li><a role="menuitem" id="sub-menu-11_51" href="http://shop.coles.com.au/online/national/healthy-living/vegetarian/meat-free-vegetarian" title="Meat-Free Vegetarian">Meat-Free Vegetarian</a></li>
							
								<li><a role="menuitem" id="sub-menu-11_52" href="http://shop.coles.com.au/online/national/healthy-living/vegetarian/pantry-vegetarian" title="Pantry Vegetarian">Pantry Vegetarian</a></li>
							
								<li><a role="menuitem" id="sub-menu-11_53" href="http://shop.coles.com.au/online/national/healthy-living/vegetarian/snacks-vegetarian" title="Snacks Vegetarian">Snacks Vegetarian</a></li>
							
							<li class="section"><a role="menuitem" id="sub-menu-11_54" href="http://shop.coles.com.au/online/national/healthy-living/whole-foods" title="Wholefoods sub category">Wholefoods</a></li>
							
							
								<li><a role="menuitem" id="sub-menu-11_55" href="http://shop.coles.com.au/online/national/healthy-living/whole-foods/breakfast-wholefoods" title="Breakfast Wholefoods">Breakfast Wholefoods</a></li>
							
								<li><a role="menuitem" id="sub-menu-11_56" href="http://shop.coles.com.au/online/national/healthy-living/whole-foods/dairy-wholefoods" title="Dairy Wholefoods">Dairy Wholefoods</a></li>
							
								<li><a role="menuitem" id="sub-menu-11_57" href="http://shop.coles.com.au/online/national/healthy-living/whole-foods/drinks-wholefoods" title="Drinks Wholefoods">Drinks Wholefoods</a></li>
							
								<li><a role="menuitem" id="sub-menu-11_58" href="http://shop.coles.com.au/online/national/healthy-living/whole-foods/frozen-wholefoods" title="Frozen Wholefoods">Frozen Wholefoods</a></li>
							
								<li><a role="menuitem" id="sub-menu-11_59" href="http://shop.coles.com.au/online/national/healthy-living/whole-foods/international-wholefoods" title="International Wholefoods">International Wholefoods</a></li>
							
								<li><a role="menuitem" id="sub-menu-11_60" href="http://shop.coles.com.au/online/national/healthy-living/whole-foods/pantry-wholefoods" title="Pantry Wholefoods">Pantry Wholefoods</a></li>
							
								<li><a role="menuitem" id="sub-menu-11_61" href="http://shop.coles.com.au/online/national/healthy-living/whole-foods/snacks-wholefoods" title="Snacks Wholefoods">Snacks Wholefoods</a></li>
							
							<li class="section"><a role="menuitem" id="sub-menu-11_62" href="http://shop.coles.com.au/online/national/healthy-living/vitamins-health-supplements" title="Vitamins sub category">Vitamins</a></li>
							
							
								<li><a role="menuitem" id="sub-menu-11_63" href="http://shop.coles.com.au/online/national/healthy-living/vitamins-health-supplements/arthritis-joints" title="Arthritis &amp; Joints">Arthritis &amp; Joints</a></li>
							
								<li><a role="menuitem" id="sub-menu-11_64" href="http://shop.coles.com.au/online/national/healthy-living/vitamins-health-supplements/bone-muscle-health" title="Bone &amp; Muscle Health">Bone &amp; Muscle Health</a></li>
							
								<li><a role="menuitem" id="sub-menu-11_65" href="http://shop.coles.com.au/online/national/healthy-living/vitamins-health-supplements/brain-heart-health" title="Brain &amp; Heart Health">Brain &amp; Heart Health</a></li>
							
								<li><a role="menuitem" id="sub-menu-11_66" href="http://shop.coles.com.au/online/national/healthy-living/vitamins-health-supplements/cold-flu" title="Cold &amp; Flu">Cold &amp; Flu</a></li>
							
								<li><a role="menuitem" id="sub-menu-11_67" href="http://shop.coles.com.au/online/national/healthy-living/vitamins-health-supplements/detox-digestion" title="Detox &amp; Digestion">Detox &amp; Digestion</a></li>
							
								<li><a role="menuitem" id="sub-menu-11_68" href="http://shop.coles.com.au/online/national/healthy-living/vitamins-health-supplements/eyes-care" title="Eyes Care">Eyes Care</a></li>
							
								<li><a role="menuitem" id="sub-menu-11_69" href="http://shop.coles.com.au/online/national/healthy-living/vitamins-health-supplements/fatigue-stress" title="Fatigue &amp; Stress">Fatigue &amp; Stress</a></li>
							
								<li><a role="menuitem" id="sub-menu-11_70" href="http://shop.coles.com.au/online/national/healthy-living/vitamins-health-supplements/fish-oil-nutritional" title="Fish Oil &amp; Nutritional">Fish Oil &amp; Nutritional</a></li>
							
								<li><a role="menuitem" id="sub-menu-11_71" href="http://shop.coles.com.au/online/national/healthy-living/vitamins-health-supplements/hair--skin-nails" title="Hair, Skin &amp; Nails">Hair, Skin &amp; Nails</a></li>
							
								<li><a role="menuitem" id="sub-menu-11_72" href="http://shop.coles.com.au/online/national/healthy-living/vitamins-health-supplements/iron" title="Iron">Iron</a></li>
							
								<li><a role="menuitem" id="sub-menu-11_73" href="http://shop.coles.com.au/online/national/healthy-living/vitamins-health-supplements/kids-health" title="Kids Health">Kids Health</a></li>
							
								<li><a role="menuitem" id="sub-menu-11_74" href="http://shop.coles.com.au/online/national/healthy-living/vitamins-health-supplements/mens-health" title="Mens Health">Mens Health</a></li>
							
								<li><a role="menuitem" id="sub-menu-11_75" href="http://shop.coles.com.au/online/national/healthy-living/vitamins-health-supplements/multi-vitamins" title="Multi Vitamins">Multi Vitamins</a></li>
							
								<li><a role="menuitem" id="sub-menu-11_76" href="http://shop.coles.com.au/online/national/healthy-living/vitamins-health-supplements/urinary" title="Urinary">Urinary</a></li>
							
								<li><a role="menuitem" id="sub-menu-11_77" href="http://shop.coles.com.au/online/national/healthy-living/vitamins-health-supplements/womens-health" title="Womens Health">Womens Health</a></li>
							
					</ul>
				</div>							
											
			</li>									
		
			
			<li>
				
							
					<a role="menuitem" id="aisleMenu_12" aria-haspopup="true" href="http://shop.coles.com.au/online/national/household" class="aisle" title="Browse the Household aisle">
						Household <span>→</span>
					</a>
					
					<div id="menu-12" class="column-list clearfix" data-rows="22" role="navigation" aria-hidden="true" style="display: none;">
						<h2>
							<a role="menuitem" id="sub-menu-12_0" class="subCatHeader" title="Household Category" href="http://shop.coles.com.au/online/national/household">
								Household
							</a>
							<span class="aisle-search">&nbsp;
								<a role="menuitem" id="sub-menu-12_1" class="browseAllSubCategory" href="http://shop.coles.com.au/online/national/household/household" title="Browse all items">
								 Browse all items<span>→</span>
								</a>
							</span>
						</h2>
						
						
					<ul role="menu" id="sub-menu-12" data-col-items="menu-12" class="hidden">
						
							<li class="section"><a role="menuitem" id="sub-menu-12_2" href="http://shop.coles.com.au/online/national/household/bathroom" title="Bathroom sub category">Bathroom</a></li>
							
							
								<li><a role="menuitem" id="sub-menu-12_3" href="http://shop.coles.com.au/online/national/household/bathroom/bath-towels" title="Bath Towels">Bath Towels</a></li>
							
								<li><a role="menuitem" id="sub-menu-12_4" href="http://shop.coles.com.au/online/national/household/bathroom/shower-bath" title="Shower &amp; Bath">Shower &amp; Bath</a></li>
							
								<li><a role="menuitem" id="sub-menu-12_5" href="http://shop.coles.com.au/online/national/household/bathroom/toilet" title="Toilet Cleaning">Toilet Cleaning</a></li>
							
								<li><a role="menuitem" id="sub-menu-12_6" href="http://shop.coles.com.au/online/national/household/bathroom/toilet-papers" title="Toilet Paper">Toilet Paper</a></li>
							
							<li class="section"><a role="menuitem" id="sub-menu-12_7" href="http://shop.coles.com.au/online/national/household/general-purpose-cleaners" title="Cleaners All Purpose sub category">Cleaners All Purpose</a></li>
							
							
								<li><a role="menuitem" id="sub-menu-12_8" href="http://shop.coles.com.au/online/national/household/general-purpose-cleaners/carpet" title="Carpet">Carpet</a></li>
							
								<li><a role="menuitem" id="sub-menu-12_9" href="http://shop.coles.com.au/online/national/household/general-purpose-cleaners/drain-solvent" title="Drain &amp; Solvent">Drain &amp; Solvent</a></li>
							
								<li><a role="menuitem" id="sub-menu-12_10" href="http://shop.coles.com.au/online/national/household/general-purpose-cleaners/floor" title="Floor">Floor</a></li>
							
								<li><a role="menuitem" id="sub-menu-12_11" href="http://shop.coles.com.au/online/national/household/general-purpose-cleaners/furniture--fabric-metal" title="Furniture, Fabric &amp; Metal">Furniture, Fabric &amp; Metal</a></li>
							
								<li><a role="menuitem" id="sub-menu-12_12" href="http://shop.coles.com.au/online/national/household/general-purpose-cleaners/surface-all-purpose" title="Surface &amp; All-purpose">Surface &amp; All-purpose</a></li>
							
								<li><a role="menuitem" id="sub-menu-12_13" href="http://shop.coles.com.au/online/national/household/general-purpose-cleaners/window-glass" title="Window &amp; Glass">Window &amp; Glass</a></li>
							
							<li class="section"><a role="menuitem" id="sub-menu-12_14" href="http://shop.coles.com.au/online/national/household/cooking-and-baking" title="Cooking and Baking sub category">Cooking and Baking</a></li>
							
							
								<li><a role="menuitem" id="sub-menu-12_15" href="http://shop.coles.com.au/online/national/household/cooking-and-baking/foil--baking-paper-oven-bags" title="Foil, Baking Paper &amp; Oven Bags">Foil, Baking Paper &amp; Oven Bags</a></li>
							
								<li><a role="menuitem" id="sub-menu-12_16" href="http://shop.coles.com.au/online/national/household/cooking-and-baking/kitchen-linen" title="Kitchen Linen">Kitchen Linen</a></li>
							
								<li><a role="menuitem" id="sub-menu-12_17" href="http://shop.coles.com.au/online/national/household/cooking-and-baking/pots-saucepans" title="Pots &amp; Saucepans">Pots &amp; Saucepans</a></li>
							
								<li><a role="menuitem" id="sub-menu-12_18" href="http://shop.coles.com.au/online/national/household/cooking-and-baking/tins-trays" title="Tins &amp; Trays">Tins &amp; Trays</a></li>
							
								<li><a role="menuitem" id="sub-menu-12_19" href="http://shop.coles.com.au/online/national/household/cooking-and-baking/utensils-gadgets" title="Utensils &amp; Gadgets">Utensils &amp; Gadgets</a></li>
							
							<li class="section"><a role="menuitem" id="sub-menu-12_20" href="http://shop.coles.com.au/online/national/household/electrical" title="Electrical sub category">Electrical</a></li>
							
							
								<li><a role="menuitem" id="sub-menu-12_21" href="http://shop.coles.com.au/online/national/household/electrical/audio-visual" title="Audio Visual">Audio Visual</a></li>
							
								<li><a role="menuitem" id="sub-menu-12_22" href="http://shop.coles.com.au/online/national/household/electrical/batteries" title="Batteries">Batteries</a></li>
							
								<li><a role="menuitem" id="sub-menu-12_23" href="http://shop.coles.com.au/online/national/household/electrical/extensions-cords-adapters" title="Extensions Cords &amp; Adapters">Extensions Cords &amp; Adapters</a></li>
							
								<li><a role="menuitem" id="sub-menu-12_24" href="http://shop.coles.com.au/online/national/household/electrical/lighting" title="Lighting">Lighting</a></li>
							
								<li><a role="menuitem" id="sub-menu-12_25" href="http://shop.coles.com.au/online/national/household/electrical/torches" title="Torches">Torches</a></li>
							
							<li class="section"><a role="menuitem" id="sub-menu-12_26" href="http://shop.coles.com.au/online/national/household/food-storage" title="Food Storage sub category">Food Storage</a></li>
							
							
								<li><a role="menuitem" id="sub-menu-12_27" href="http://shop.coles.com.au/online/national/household/food-storage/plastic-wrap-bags" title="Plastic Wrap &amp; Bags">Plastic Wrap &amp; Bags</a></li>
							
								<li><a role="menuitem" id="sub-menu-12_28" href="http://shop.coles.com.au/online/national/household/food-storage/sandwich-freezer-bags" title="Sandwich &amp; Freezer bags">Sandwich &amp; Freezer bags</a></li>
							
								<li><a role="menuitem" id="sub-menu-12_29" href="http://shop.coles.com.au/online/national/household/food-storage/tubs-containers" title="Tubs &amp; Containers">Tubs &amp; Containers</a></li>
							
							<li class="section"><a role="menuitem" id="sub-menu-12_30" href="http://shop.coles.com.au/online/national/household/garden" title="Garden sub category">Garden</a></li>
							
							
								<li><a role="menuitem" id="sub-menu-12_31" href="http://shop.coles.com.au/online/national/household/garden/d%C3%A9cor" title="Décor">Décor</a></li>
							
								<li><a role="menuitem" id="sub-menu-12_32" href="http://shop.coles.com.au/online/national/household/garden/gloves-tools" title="Gloves &amp; Tools">Gloves &amp; Tools</a></li>
							
								<li><a role="menuitem" id="sub-menu-12_33" href="http://shop.coles.com.au/online/national/household/garden/insecticide-weed-control" title="Insecticide &amp; Weed Control">Insecticide &amp; Weed Control</a></li>
							
								<li><a role="menuitem" id="sub-menu-12_34" href="http://shop.coles.com.au/online/national/household/garden/lawncare-plant-food" title="Lawncare &amp; Plant Food">Lawncare &amp; Plant Food</a></li>
							
								<li><a role="menuitem" id="sub-menu-12_35" href="http://shop.coles.com.au/online/national/household/garden/pest-control" title="Pest Control">Pest Control</a></li>
							
								<li><a role="menuitem" id="sub-menu-12_36" href="http://shop.coles.com.au/online/national/household/garden/potting-mix--fertilizer" title="Potting Mix, Fertilizer">Potting Mix, Fertilizer</a></li>
							
								<li><a role="menuitem" id="sub-menu-12_37" href="http://shop.coles.com.au/online/national/household/garden/seeds-plants" title="Seeds &amp; Plants">Seeds &amp; Plants</a></li>
							
								<li><a role="menuitem" id="sub-menu-12_38" href="http://shop.coles.com.au/online/national/household/garden/watering" title="Watering">Watering</a></li>
							
							<li class="section"><a role="menuitem" id="sub-menu-12_39" href="http://shop.coles.com.au/online/national/household/gifting" title="Gifting &amp; Occasions sub category">Gifting &amp; Occasions</a></li>
							
							
								<li><a role="menuitem" id="sub-menu-12_40" href="http://shop.coles.com.au/online/national/household/gifting/easter-992183" title="Easter Gifting">Easter Gifting</a></li>
							
								<li><a role="menuitem" id="sub-menu-12_41" href="http://shop.coles.com.au/online/national/household/gifting/valentines-day-992168" title="Valentines Day">Valentines Day</a></li>
							
							<li class="section"><a role="menuitem" id="sub-menu-12_42" href="http://shop.coles.com.au/online/national/household/hardware" title="Hardware sub category">Hardware</a></li>
							
							
								<li><a role="menuitem" id="sub-menu-12_43" href="http://shop.coles.com.au/online/national/household/hardware/adhesives--glues-tapes" title="Adhesives, Glues &amp; Tapes">Adhesives, Glues &amp; Tapes</a></li>
							
								<li><a role="menuitem" id="sub-menu-12_44" href="http://shop.coles.com.au/online/national/household/hardware/car-care" title="Car Care">Car Care</a></li>
							
								<li><a role="menuitem" id="sub-menu-12_45" href="http://shop.coles.com.au/online/national/household/hardware/hooks-fasteners" title="Hooks &amp; Fasteners">Hooks &amp; Fasteners</a></li>
							
								<li><a role="menuitem" id="sub-menu-12_46" href="http://shop.coles.com.au/online/national/household/hardware/matches-candles" title="Matches &amp; Candles">Matches &amp; Candles</a></li>
							
								<li><a role="menuitem" id="sub-menu-12_47" href="http://shop.coles.com.au/online/national/household/hardware/pest-control-hardware" title="Pest Control Hardware">Pest Control Hardware</a></li>
							
								<li><a role="menuitem" id="sub-menu-12_48" href="http://shop.coles.com.au/online/national/household/hardware/security" title="Security">Security</a></li>
							
							<li class="section"><a role="menuitem" id="sub-menu-12_49" href="http://shop.coles.com.au/online/national/household/homewares" title="Homewares sub category">Homewares</a></li>
							
							
								<li><a role="menuitem" id="sub-menu-12_50" href="http://shop.coles.com.au/online/national/household/homewares/appliances" title="Appliances">Appliances</a></li>
							
								<li><a role="menuitem" id="sub-menu-12_51" href="http://shop.coles.com.au/online/national/household/homewares/bathroom-accessories" title="Bathroom Accessories">Bathroom Accessories</a></li>
							
								<li><a role="menuitem" id="sub-menu-12_52" href="http://shop.coles.com.au/online/national/household/homewares/bed-pillows-linen" title="Bed Pillows &amp; Linen">Bed Pillows &amp; Linen</a></li>
							
								<li><a role="menuitem" id="sub-menu-12_53" href="http://shop.coles.com.au/online/national/household/homewares/cutlery-servingware" title="Cutlery &amp; Servingware">Cutlery &amp; Servingware</a></li>
							
								<li><a role="menuitem" id="sub-menu-12_54" href="http://shop.coles.com.au/online/national/household/homewares/glassware" title="Glassware">Glassware</a></li>
							
								<li><a role="menuitem" id="sub-menu-12_55" href="http://shop.coles.com.au/online/national/household/homewares/storage" title="Home Storage">Home Storage</a></li>
							
								<li><a role="menuitem" id="sub-menu-12_56" href="http://shop.coles.com.au/online/national/household/homewares/mugs-cups" title="Mugs &amp; Cups">Mugs &amp; Cups</a></li>
							
								<li><a role="menuitem" id="sub-menu-12_57" href="http://shop.coles.com.au/online/national/household/homewares/plates-bowls" title="Plates &amp; Bowls">Plates &amp; Bowls</a></li>
							
								<li><a role="menuitem" id="sub-menu-12_58" href="http://shop.coles.com.au/online/national/household/homewares/sewing" title="Sewing">Sewing</a></li>
							
								<li><a role="menuitem" id="sub-menu-12_59" href="http://shop.coles.com.au/online/national/household/homewares/towels" title="Tea Towels &amp; Aprons">Tea Towels &amp; Aprons</a></li>
							
								<li><a role="menuitem" id="sub-menu-12_60" href="http://shop.coles.com.au/online/national/household/homewares/textiles-accessories" title="Textiles &amp; Accessories">Textiles &amp; Accessories</a></li>
							
								<li><a role="menuitem" id="sub-menu-12_61" href="http://shop.coles.com.au/online/national/household/homewares/water-filtration" title="Water Filtration">Water Filtration</a></li>
							
							<li class="section"><a role="menuitem" id="sub-menu-12_62" href="http://shop.coles.com.au/online/national/household/household-accessories" title="Household Accessories sub category">Household Accessories</a></li>
							
							
								<li><a role="menuitem" id="sub-menu-12_63" href="http://shop.coles.com.au/online/national/household/household-accessories/air-fresheners" title="Air Fresheners">Air Fresheners</a></li>
							
								<li><a role="menuitem" id="sub-menu-12_64" href="http://shop.coles.com.au/online/national/household/household-accessories/gloves" title="Gloves">Gloves</a></li>
							
								<li><a role="menuitem" id="sub-menu-12_65" href="http://shop.coles.com.au/online/national/household/household-accessories/mops--buckets-brooms" title="Mops, Buckets &amp; Brooms">Mops, Buckets &amp; Brooms</a></li>
							
								<li><a role="menuitem" id="sub-menu-12_66" href="http://shop.coles.com.au/online/national/household/household-accessories/paper-towels--sponges-and-brushes" title="Paper Towels, Sponges and Brushes">Paper Towels, Sponges and Brushes</a></li>
							
							<li class="section"><a role="menuitem" id="sub-menu-12_67" href="http://shop.coles.com.au/online/national/household/kitchen" title="Kitchen sub category">Kitchen</a></li>
							
							
								<li><a role="menuitem" id="sub-menu-12_68" href="http://shop.coles.com.au/online/national/household/kitchen/dishwashing" title="Dishwashing">Dishwashing</a></li>
							
								<li><a role="menuitem" id="sub-menu-12_69" href="http://shop.coles.com.au/online/national/household/kitchen/oven-stovetop" title="Oven &amp; Stovetop">Oven &amp; Stovetop</a></li>
							
							<li class="section"><a role="menuitem" id="sub-menu-12_70" href="http://shop.coles.com.au/online/national/household/laundry-needs" title="Laundry Needs sub category">Laundry Needs</a></li>
							
							
								<li><a role="menuitem" id="sub-menu-12_71" href="http://shop.coles.com.au/online/national/household/laundry-needs/detergents-soap" title="Detergents &amp; Soap">Detergents &amp; Soap</a></li>
							
								<li><a role="menuitem" id="sub-menu-12_72" href="http://shop.coles.com.au/online/national/household/laundry-needs/drying-racks-wash-bags" title="Drying Racks &amp; Wash Bags">Drying Racks &amp; Wash Bags</a></li>
							
								<li><a role="menuitem" id="sub-menu-12_73" href="http://shop.coles.com.au/online/national/household/laundry-needs/in-wash-treatments-additives" title="In-wash Treatments &amp; Additives">In-wash Treatments &amp; Additives</a></li>
							
								<li><a role="menuitem" id="sub-menu-12_74" href="http://shop.coles.com.au/online/national/household/laundry-needs/ironing" title="Ironing">Ironing</a></li>
							
								<li><a role="menuitem" id="sub-menu-12_75" href="http://shop.coles.com.au/online/national/household/laundry-needs/pegs--baskets-hangers" title="Pegs, Baskets &amp; Hangers">Pegs, Baskets &amp; Hangers</a></li>
							
								<li><a role="menuitem" id="sub-menu-12_76" href="http://shop.coles.com.au/online/national/household/laundry-needs/softeners" title="Softeners">Softeners</a></li>
							
								<li><a role="menuitem" id="sub-menu-12_77" href="http://shop.coles.com.au/online/national/household/laundry-needs/stain-removal-pre-wash" title="Stain Removal &amp; Pre-wash">Stain Removal &amp; Pre-wash</a></li>
							
							<li class="section"><a role="menuitem" id="sub-menu-12_78" href="http://shop.coles.com.au/online/national/household/outdoors" title="Outdoors sub category">Outdoors</a></li>
							
							
								<li><a role="menuitem" id="sub-menu-12_79" href="http://shop.coles.com.au/online/national/household/outdoors/bbq" title="BBQ">BBQ</a></li>
							
								<li><a role="menuitem" id="sub-menu-12_80" href="http://shop.coles.com.au/online/national/household/outdoors/camping-fishing" title="Camping &amp; Fishing">Camping &amp; Fishing</a></li>
							
								<li><a role="menuitem" id="sub-menu-12_81" href="http://shop.coles.com.au/online/national/household/outdoors/matches-lighters" title="Matches &amp; Lighters">Matches &amp; Lighters</a></li>
							
								<li><a role="menuitem" id="sub-menu-12_82" href="http://shop.coles.com.au/online/national/household/outdoors/sports" title="Sports">Sports</a></li>
							
							<li class="section"><a role="menuitem" id="sub-menu-12_83" href="http://shop.coles.com.au/online/national/household/picnic-party" title="Picnic &amp; Party sub category">Picnic &amp; Party</a></li>
							
							
								<li><a role="menuitem" id="sub-menu-12_84" href="http://shop.coles.com.au/online/national/household/picnic-party/candles" title="Candles">Candles</a></li>
							
								<li><a role="menuitem" id="sub-menu-12_85" href="http://shop.coles.com.au/online/national/household/picnic-party/cups-glasses" title="Cups &amp; Glasses">Cups &amp; Glasses</a></li>
							
								<li><a role="menuitem" id="sub-menu-12_86" href="http://shop.coles.com.au/online/national/household/picnic-party/decorations" title="Decorations">Decorations</a></li>
							
								<li><a role="menuitem" id="sub-menu-12_87" href="http://shop.coles.com.au/online/national/household/picnic-party/picnic-plates-bowls" title="Disposable Plates &amp; Bowls">Disposable Plates &amp; Bowls</a></li>
							
								<li><a role="menuitem" id="sub-menu-12_88" href="http://shop.coles.com.au/online/national/household/picnic-party/gift-wrap-bags" title="Gift Wrap &amp; Bags">Gift Wrap &amp; Bags</a></li>
							
								<li><a role="menuitem" id="sub-menu-12_89" href="http://shop.coles.com.au/online/national/household/picnic-party/paper-plastic-cutlery" title="Paper/Plastic Cutlery">Paper/Plastic Cutlery</a></li>
							
								<li><a role="menuitem" id="sub-menu-12_90" href="http://shop.coles.com.au/online/national/household/picnic-party/serviettes-tablecloths" title="Serviettes &amp; Tablecloths">Serviettes &amp; Tablecloths</a></li>
							
							<li class="section"><a role="menuitem" id="sub-menu-12_91" href="http://shop.coles.com.au/online/national/household/charity-donations" title="Charity Donations sub category">Charity Donations</a></li>
							
							
								<li><a role="menuitem" id="sub-menu-12_92" href="http://shop.coles.com.au/online/national/household/charity-donations/donation" title="Donations">Donations</a></li>
							
					</ul>
				</div>							
											
			</li>									
		
			
			<li>
				
							
					<a role="menuitem" id="aisleMenu_13" aria-haspopup="true" href="http://shop.coles.com.au/online/national/health-beauty" class="aisle" title="Browse the Health &amp; Beauty aisle">
						Health &amp; Beauty <span>→</span>
					</a>
					
					<div id="menu-13" class="column-list clearfix" data-rows="22" role="navigation" aria-hidden="true" style="display: none;">
						<h2>
							<a role="menuitem" id="sub-menu-13_0" class="subCatHeader" title="Health &amp; Beauty Category" href="http://shop.coles.com.au/online/national/health-beauty">
								Health &amp; Beauty
							</a>
							<span class="aisle-search">&nbsp;
								<a role="menuitem" id="sub-menu-13_1" class="browseAllSubCategory" href="http://shop.coles.com.au/online/national/health-beauty/health-beauty" title="Browse all items">
								 Browse all items<span>→</span>
								</a>
							</span>
						</h2>
						
						
					<ul role="menu" id="sub-menu-13" data-col-items="menu-13" class="hidden">
						
							<li class="section"><a role="menuitem" id="sub-menu-13_2" href="http://shop.coles.com.au/online/national/health-beauty/cosmetics" title="Cosmetics sub category">Cosmetics</a></li>
							
							
								<li><a role="menuitem" id="sub-menu-13_3" href="http://shop.coles.com.au/online/national/health-beauty/cosmetics/blush" title="Blush">Blush</a></li>
							
								<li><a role="menuitem" id="sub-menu-13_4" href="http://shop.coles.com.au/online/national/health-beauty/cosmetics/concealer" title="Concealer">Concealer</a></li>
							
								<li><a role="menuitem" id="sub-menu-13_5" href="http://shop.coles.com.au/online/national/health-beauty/cosmetics/eye-liner--shadow--mascara" title="Eye Liner, Shadow &amp; Mascara">Eye Liner, Shadow &amp; Mascara</a></li>
							
								<li><a role="menuitem" id="sub-menu-13_6" href="http://shop.coles.com.au/online/national/health-beauty/cosmetics/foundations-powders" title="Foundations &amp; Powders">Foundations &amp; Powders</a></li>
							
								<li><a role="menuitem" id="sub-menu-13_7" href="http://shop.coles.com.au/online/national/health-beauty/cosmetics/lip-balm" title="Lip Balm">Lip Balm</a></li>
							
								<li><a role="menuitem" id="sub-menu-13_8" href="http://shop.coles.com.au/online/national/health-beauty/cosmetics/lipstick-lip-gloss" title="Lipstick &amp; Lip Gloss">Lipstick &amp; Lip Gloss</a></li>
							
								<li><a role="menuitem" id="sub-menu-13_9" href="http://shop.coles.com.au/online/national/health-beauty/cosmetics/nails" title="Nails">Nails</a></li>
							
							<li class="section"><a role="menuitem" id="sub-menu-13_10" href="http://shop.coles.com.au/online/national/health-beauty/dental" title="Dental sub category">Dental</a></li>
							
							
								<li><a role="menuitem" id="sub-menu-13_11" href="http://shop.coles.com.au/online/national/health-beauty/dental/dental-floss-tape" title="Dental Floss &amp; Tape">Dental Floss &amp; Tape</a></li>
							
								<li><a role="menuitem" id="sub-menu-13_12" href="http://shop.coles.com.au/online/national/health-beauty/dental/denture-care" title="Denture Care">Denture Care</a></li>
							
								<li><a role="menuitem" id="sub-menu-13_13" href="http://shop.coles.com.au/online/national/health-beauty/dental/mouthwash" title="Mouthwash">Mouthwash</a></li>
							
								<li><a role="menuitem" id="sub-menu-13_14" href="http://shop.coles.com.au/online/national/health-beauty/dental/toothbrushes" title="Toothbrushes">Toothbrushes</a></li>
							
								<li><a role="menuitem" id="sub-menu-13_15" href="http://shop.coles.com.au/online/national/health-beauty/dental/toothpaste" title="Toothpaste">Toothpaste</a></li>
							
							<li class="section"><a role="menuitem" id="sub-menu-13_16" href="http://shop.coles.com.au/online/national/health-beauty/first-aid" title="First Aid sub category">First Aid</a></li>
							
							
								<li><a role="menuitem" id="sub-menu-13_17" href="http://shop.coles.com.au/online/national/health-beauty/first-aid/bandages-strapping" title="Bandages &amp; Strapping">Bandages &amp; Strapping</a></li>
							
								<li><a role="menuitem" id="sub-menu-13_18" href="http://shop.coles.com.au/online/national/health-beauty/first-aid/bandaids" title="Bandaids">Bandaids</a></li>
							
								<li><a role="menuitem" id="sub-menu-13_19" href="http://shop.coles.com.au/online/national/health-beauty/first-aid/gauze-tape" title="Gauze &amp; Tape">Gauze &amp; Tape</a></li>
							
								<li><a role="menuitem" id="sub-menu-13_20" href="http://shop.coles.com.au/online/national/health-beauty/first-aid/sports-first-aid" title="Sports First Aid">Sports First Aid</a></li>
							
							<li class="section"><a role="menuitem" id="sub-menu-13_21" href="http://shop.coles.com.au/online/national/health-beauty/hair-accessories" title="Hair Accessories sub category">Hair Accessories</a></li>
							
							
								<li><a role="menuitem" id="sub-menu-13_22" href="http://shop.coles.com.au/online/national/health-beauty/hair-accessories/hair-brushes" title="Hair Brushes">Hair Brushes</a></li>
							
								<li><a role="menuitem" id="sub-menu-13_23" href="http://shop.coles.com.au/online/national/health-beauty/hair-accessories/hair-fasteners" title="Hair Fasteners">Hair Fasteners</a></li>
							
							<li class="section"><a role="menuitem" id="sub-menu-13_24" href="http://shop.coles.com.au/online/national/health-beauty/hair-care" title="Hair Care sub category">Hair Care</a></li>
							
							
								<li><a role="menuitem" id="sub-menu-13_25" href="http://shop.coles.com.au/online/national/health-beauty/hair-care/colouring" title="Colouring">Colouring</a></li>
							
								<li><a role="menuitem" id="sub-menu-13_26" href="http://shop.coles.com.au/online/national/health-beauty/hair-care/conditioner" title="Conditioner">Conditioner</a></li>
							
								<li><a role="menuitem" id="sub-menu-13_27" href="http://shop.coles.com.au/online/national/health-beauty/hair-care/gel--mousse-styling" title="Gel, Mousse &amp; Styling">Gel, Mousse &amp; Styling</a></li>
							
								<li><a role="menuitem" id="sub-menu-13_28" href="http://shop.coles.com.au/online/national/health-beauty/hair-care/hair-treatments" title="Hair Treatments">Hair Treatments</a></li>
							
								<li><a role="menuitem" id="sub-menu-13_29" href="http://shop.coles.com.au/online/national/health-beauty/hair-care/shampoo" title="Shampoo">Shampoo</a></li>
							
							<li class="section"><a role="menuitem" id="sub-menu-13_30" href="http://shop.coles.com.au/online/national/health-beauty/hair-removal" title="Hair Removal sub category">Hair Removal</a></li>
							
							
								<li><a role="menuitem" id="sub-menu-13_31" href="http://shop.coles.com.au/online/national/health-beauty/hair-removal/after-shave-care" title="After Shave Care">After Shave Care</a></li>
							
								<li><a role="menuitem" id="sub-menu-13_32" href="http://shop.coles.com.au/online/national/health-beauty/hair-removal/razors-blades" title="Razors &amp; Blades">Razors &amp; Blades</a></li>
							
								<li><a role="menuitem" id="sub-menu-13_33" href="http://shop.coles.com.au/online/national/health-beauty/hair-removal/shave-gel-foam" title="Shave Gel &amp; Foam">Shave Gel &amp; Foam</a></li>
							
								<li><a role="menuitem" id="sub-menu-13_34" href="http://shop.coles.com.au/online/national/health-beauty/hair-removal/wax--cream--bleach" title="Wax, Cream, Bleach">Wax, Cream, Bleach</a></li>
							
							<li class="section"><a role="menuitem" id="sub-menu-13_35" href="http://shop.coles.com.au/online/national/health-beauty/medicinal" title="Medicinal sub category">Medicinal</a></li>
							
							
								<li><a role="menuitem" id="sub-menu-13_36" href="http://shop.coles.com.au/online/national/health-beauty/medicinal/antacid-indigestion" title="Antacid &amp; Indigestion">Antacid &amp; Indigestion</a></li>
							
								<li><a role="menuitem" id="sub-menu-13_37" href="http://shop.coles.com.au/online/national/health-beauty/medicinal/antiseptic" title="Antiseptic">Antiseptic</a></li>
							
								<li><a role="menuitem" id="sub-menu-13_38" href="http://shop.coles.com.au/online/national/health-beauty/medicinal/cold-allergy" title="Cold &amp; Allergy">Cold &amp; Allergy</a></li>
							
								<li><a role="menuitem" id="sub-menu-13_39" href="http://shop.coles.com.au/online/national/health-beauty/medicinal/cotton-wool" title="Cotton Wool">Cotton Wool</a></li>
							
								<li><a role="menuitem" id="sub-menu-13_40" href="http://shop.coles.com.au/online/national/health-beauty/medicinal/eye-care" title="Eye Care">Eye Care</a></li>
							
								<li><a role="menuitem" id="sub-menu-13_41" href="http://shop.coles.com.au/online/national/health-beauty/medicinal/medicinal-oils-ointments" title="Medicinal Oils &amp; Ointments">Medicinal Oils &amp; Ointments</a></li>
							
								<li><a role="menuitem" id="sub-menu-13_42" href="http://shop.coles.com.au/online/national/health-beauty/medicinal/pain-relief" title="Pain Relief">Pain Relief</a></li>
							
								<li><a role="menuitem" id="sub-menu-13_43" href="http://shop.coles.com.au/online/national/health-beauty/medicinal/skincare" title="Skincare">Skincare</a></li>
							
								<li><a role="menuitem" id="sub-menu-13_44" href="http://shop.coles.com.au/online/national/health-beauty/medicinal/vitamins" title="Vitamins">Vitamins</a></li>
							
							<li class="section"><a role="menuitem" id="sub-menu-13_45" href="http://shop.coles.com.au/online/national/health-beauty/personal-care-hygiene" title="Personal Care &amp; Hygiene sub category">Personal Care &amp; Hygiene</a></li>
							
							
								<li><a role="menuitem" id="sub-menu-13_46" href="http://shop.coles.com.au/online/national/health-beauty/personal-care-hygiene/deodorants" title="Deodorants">Deodorants</a></li>
							
								<li><a role="menuitem" id="sub-menu-13_47" href="http://shop.coles.com.au/online/national/health-beauty/personal-care-hygiene/deodorants-for-men" title="Deodorants for Men">Deodorants for Men</a></li>
							
								<li><a role="menuitem" id="sub-menu-13_48" href="http://shop.coles.com.au/online/national/health-beauty/personal-care-hygiene/deodorants-for-women" title="Deodorants for Women">Deodorants for Women</a></li>
							
								<li><a role="menuitem" id="sub-menu-13_49" href="http://shop.coles.com.au/online/national/health-beauty/personal-care-hygiene/feminine-care" title="Feminine Care">Feminine Care</a></li>
							
								<li><a role="menuitem" id="sub-menu-13_50" href="http://shop.coles.com.au/online/national/health-beauty/personal-care-hygiene/footcare" title="Footcare">Footcare</a></li>
							
								<li><a role="menuitem" id="sub-menu-13_51" href="http://shop.coles.com.au/online/national/health-beauty/personal-care-hygiene/incontinence-needs" title="Incontinence Needs">Incontinence Needs</a></li>
							
								<li><a role="menuitem" id="sub-menu-13_52" href="http://shop.coles.com.au/online/national/health-beauty/personal-care-hygiene/nail-care" title="Nail Care">Nail Care</a></li>
							
								<li><a role="menuitem" id="sub-menu-13_53" href="http://shop.coles.com.au/online/national/health-beauty/personal-care-hygiene/skincare-wipes" title="Skincare Wipes">Skincare Wipes</a></li>
							
								<li><a role="menuitem" id="sub-menu-13_54" href="http://shop.coles.com.au/online/national/health-beauty/personal-care-hygiene/sports-supplements" title="Sports Supplements">Sports Supplements</a></li>
							
								<li><a role="menuitem" id="sub-menu-13_55" href="http://shop.coles.com.au/online/national/health-beauty/personal-care-hygiene/tissues" title="Tissues">Tissues</a></li>
							
								<li><a role="menuitem" id="sub-menu-13_56" href="http://shop.coles.com.au/online/national/health-beauty/personal-care-hygiene/toilet-paper" title="Toilet Paper">Toilet Paper</a></li>
							
								<li><a role="menuitem" id="sub-menu-13_57" href="http://shop.coles.com.au/online/national/health-beauty/personal-care-hygiene/weight-loss" title="Weight Loss">Weight Loss</a></li>
							
								<li><a role="menuitem" id="sub-menu-13_58" href="http://shop.coles.com.au/online/national/health-beauty/personal-care-hygiene/help-quit-smoking" title="Help Quit Smoking">Help Quit Smoking</a></li>
							
								<li><a role="menuitem" id="sub-menu-13_59" href="http://shop.coles.com.au/online/national/health-beauty/personal-care-hygiene/contraception-sexual-health" title="Contraception &amp; Sexual Health">Contraception &amp; Sexual Health</a></li>
							
								<li><a role="menuitem" id="sub-menu-13_60" href="http://shop.coles.com.au/online/national/health-beauty/personal-care-hygiene/pregnancy-tests" title="Pregnancy Tests">Pregnancy Tests</a></li>
							
							<li class="section"><a role="menuitem" id="sub-menu-13_61" href="http://shop.coles.com.au/online/national/health-beauty/shower-bath-care" title="Shower &amp; Bath Care sub category">Shower &amp; Bath Care</a></li>
							
							
								<li><a role="menuitem" id="sub-menu-13_62" href="http://shop.coles.com.au/online/national/health-beauty/shower-bath-care/bath-accessories" title="Bath Accessories">Bath Accessories</a></li>
							
								<li><a role="menuitem" id="sub-menu-13_63" href="http://shop.coles.com.au/online/national/health-beauty/shower-bath-care/body-lotion" title="Body Lotion">Body Lotion</a></li>
							
								<li><a role="menuitem" id="sub-menu-13_64" href="http://shop.coles.com.au/online/national/health-beauty/shower-bath-care/body-wash" title="Body Wash">Body Wash</a></li>
							
								<li><a role="menuitem" id="sub-menu-13_65" href="http://shop.coles.com.au/online/national/health-beauty/shower-bath-care/bubble-bath-salts" title="Bubble Bath &amp; Salts">Bubble Bath &amp; Salts</a></li>
							
								<li><a role="menuitem" id="sub-menu-13_66" href="http://shop.coles.com.au/online/national/health-beauty/shower-bath-care/soap" title="Soap and Hand Wash">Soap and Hand Wash</a></li>
							
							<li class="section"><a role="menuitem" id="sub-menu-13_67" href="http://shop.coles.com.au/online/national/health-beauty/skin-care" title="Skin Care sub category">Skin Care</a></li>
							
							
								<li><a role="menuitem" id="sub-menu-13_68" href="http://shop.coles.com.au/online/national/health-beauty/skin-care/aftershave-care" title="Aftershave Care">Aftershave Care</a></li>
							
								<li><a role="menuitem" id="sub-menu-13_69" href="http://shop.coles.com.au/online/national/health-beauty/skin-care/body-moisturizer" title="Body Moisturiser">Body Moisturiser</a></li>
							
								<li><a role="menuitem" id="sub-menu-13_70" href="http://shop.coles.com.au/online/national/health-beauty/skin-care/face-moisturizer" title="Face Moisturiser">Face Moisturiser</a></li>
							
								<li><a role="menuitem" id="sub-menu-13_71" href="http://shop.coles.com.au/online/national/health-beauty/skin-care/cleansers-skin-care-wipes" title="Cleansers &amp; Skin Care Wipes">Cleansers &amp; Skin Care Wipes</a></li>
							
								<li><a role="menuitem" id="sub-menu-13_72" href="http://shop.coles.com.au/online/national/health-beauty/skin-care/hand-moisturizer" title="Hand Moisturiser">Hand Moisturiser</a></li>
							
								<li><a role="menuitem" id="sub-menu-13_73" href="http://shop.coles.com.au/online/national/health-beauty/skin-care/lip-care" title="Lip Care">Lip Care</a></li>
							
								<li><a role="menuitem" id="sub-menu-13_74" href="http://shop.coles.com.au/online/national/health-beauty/skin-care/self-tanning" title="Self-Tanning">Self-Tanning</a></li>
							
								<li><a role="menuitem" id="sub-menu-13_75" href="http://shop.coles.com.au/online/national/health-beauty/skin-care/sunscreen" title="Sunscreen">Sunscreen</a></li>
							
					</ul>
				</div>							
											
			</li>									
		
			
			<li>
				
							
					<a role="menuitem" id="aisleMenu_14" aria-haspopup="true" href="http://shop.coles.com.au/online/national/baby" class="aisle" title="Browse the Baby aisle">
						Baby <span>→</span>
					</a>
					
					<div id="menu-14" class="column-list clearfix" data-rows="22" role="navigation" aria-hidden="true" style="display: none;">
						<h2>
							<a role="menuitem" id="sub-menu-14_0" class="subCatHeader" title="Baby Category" href="http://shop.coles.com.au/online/national/baby">
								Baby
							</a>
							<span class="aisle-search">&nbsp;
								<a role="menuitem" id="sub-menu-14_1" class="browseAllSubCategory" href="http://shop.coles.com.au/online/national/baby/baby" title="Browse all items">
								 Browse all items<span>→</span>
								</a>
							</span>
						</h2>
						
						
					<ul role="menu" id="sub-menu-14" data-col-items="menu-14" class="hidden">
						
							<li class="section"><a role="menuitem" id="sub-menu-14_2" href="http://shop.coles.com.au/online/national/baby/nappies-changing" title="Nappies &amp; Changing sub category">Nappies &amp; Changing</a></li>
							
							
								<li><a role="menuitem" id="sub-menu-14_3" href="http://shop.coles.com.au/online/national/baby/nappies-changing/all-nappies" title="All Nappies">All Nappies</a></li>
							
								<li><a role="menuitem" id="sub-menu-14_4" href="http://shop.coles.com.au/online/national/baby/nappies-changing/nappies-newborn-%283-to-5kg%29" title="Nappies Newborn (3 to 5kg)">Nappies Newborn (3 to 5kg)</a></li>
							
								<li><a role="menuitem" id="sub-menu-14_5" href="http://shop.coles.com.au/online/national/baby/nappies-changing/nappies-3-6-months-%285-to-7kg%29" title="Nappies 3-6 months (5 to 7kg)">Nappies 3-6 months (5 to 7kg)</a></li>
							
								<li><a role="menuitem" id="sub-menu-14_6" href="http://shop.coles.com.au/online/national/baby/nappies-changing/nappies-6-12-months-%287-to-10kg%29" title="Nappies 6-12 months (7 to 10kg)">Nappies 6-12 months (7 to 10kg)</a></li>
							
								<li><a role="menuitem" id="sub-menu-14_7" href="http://shop.coles.com.au/online/national/baby/nappies-changing/nappies-12-18-months-%289-to-12kg%29" title="Nappies 12-18 months (9 to 12kg)">Nappies 12-18 months (9 to 12kg)</a></li>
							
								<li><a role="menuitem" id="sub-menu-14_8" href="http://shop.coles.com.au/online/national/baby/nappies-changing/nappies-18-months-%2810kg-plus%29" title="Nappies 18 months+ (10kg plus)">Nappies 18 months+ (10kg plus)</a></li>
							
								<li><a role="menuitem" id="sub-menu-14_9" href="http://shop.coles.com.au/online/national/baby/nappies-changing/baby-wipe" title="Baby Wipes">Baby Wipes</a></li>
							
								<li><a role="menuitem" id="sub-menu-14_10" href="http://shop.coles.com.au/online/national/baby/nappies-changing/nappy-changing" title="Nappy Changing">Nappy Changing</a></li>
							
							<li class="section"><a role="menuitem" id="sub-menu-14_11" href="http://shop.coles.com.au/online/national/baby/baby-toddler" title="Baby Accessories sub category">Baby Accessories</a></li>
							
							
								<li><a role="menuitem" id="sub-menu-14_12" href="http://shop.coles.com.au/online/national/baby/baby-toddler/bottles-baby-feeding" title="Bottles &amp; Baby Feeding">Bottles &amp; Baby Feeding</a></li>
							
								<li><a role="menuitem" id="sub-menu-14_13" href="http://shop.coles.com.au/online/national/baby/baby-toddler/teething" title="Teething">Teething</a></li>
							
								<li><a role="menuitem" id="sub-menu-14_14" href="http://shop.coles.com.au/online/national/baby/baby-toddler/bath-skincare" title="Bath &amp; Skincare">Bath &amp; Skincare</a></li>
							
								<li><a role="menuitem" id="sub-menu-14_15" href="http://shop.coles.com.au/online/national/baby/baby-toddler/baby-toddler-clothing" title="Baby &amp; Toddler Clothing">Baby &amp; Toddler Clothing</a></li>
							
								<li><a role="menuitem" id="sub-menu-14_16" href="http://shop.coles.com.au/online/national/baby/baby-toddler/baby-health-safety" title="Baby Health &amp; Safety">Baby Health &amp; Safety</a></li>
							
							<li class="section"><a role="menuitem" id="sub-menu-14_17" href="http://shop.coles.com.au/online/national/baby/food" title="Food sub category">Food</a></li>
							
							
								<li><a role="menuitem" id="sub-menu-14_18" href="http://shop.coles.com.au/online/national/baby/food/all-food" title="All Food">All Food</a></li>
							
								<li><a role="menuitem" id="sub-menu-14_19" href="http://shop.coles.com.au/online/national/baby/food/4-to-6-months" title="4 to 6 months">4 to 6 months</a></li>
							
								<li><a role="menuitem" id="sub-menu-14_20" href="http://shop.coles.com.au/online/national/baby/food/6-to-9-months" title="6 to 9 months">6 to 9 months</a></li>
							
								<li><a role="menuitem" id="sub-menu-14_21" href="http://shop.coles.com.au/online/national/baby/food/9--months" title="9 + months">9 + months</a></li>
							
								<li><a role="menuitem" id="sub-menu-14_22" href="http://shop.coles.com.au/online/national/baby/food/1-year-to-3-years" title="1 year to 3 years">1 year to 3 years</a></li>
							
								<li><a role="menuitem" id="sub-menu-14_23" href="http://shop.coles.com.au/online/national/baby/food/infant-drinks" title="Infant Drinks">Infant Drinks</a></li>
							
							<li class="section"><a role="menuitem" id="sub-menu-14_24" href="http://shop.coles.com.au/online/national/baby/formula" title="Formula sub category">Formula</a></li>
							
							
								<li><a role="menuitem" id="sub-menu-14_25" href="http://shop.coles.com.au/online/national/baby/formula/newborn" title="Newborn">Newborn</a></li>
							
								<li><a role="menuitem" id="sub-menu-14_26" href="http://shop.coles.com.au/online/national/baby/formula/infant" title="Infant">Infant</a></li>
							
								<li><a role="menuitem" id="sub-menu-14_27" href="http://shop.coles.com.au/online/national/baby/formula/specialty" title="Specialty">Specialty</a></li>
							
								<li><a role="menuitem" id="sub-menu-14_28" href="http://shop.coles.com.au/online/national/baby/formula/toddler" title="Toddler">Toddler</a></li>
							
					</ul>
				</div>							
											
			</li>									
		
			
			<li>
				
							
					<a role="menuitem" id="aisleMenu_15" aria-haspopup="true" href="http://shop.coles.com.au/online/national/pet" class="aisle" title="Browse the Pet aisle">
						Pet <span>→</span>
					</a>
					
					<div id="menu-15" class="column-list clearfix" data-rows="22" role="navigation" aria-hidden="true" style="display: none;">
						<h2>
							<a role="menuitem" id="sub-menu-15_0" class="subCatHeader" title="Pet Category" href="http://shop.coles.com.au/online/national/pet">
								Pet
							</a>
							<span class="aisle-search">&nbsp;
								<a role="menuitem" id="sub-menu-15_1" class="browseAllSubCategory" href="http://shop.coles.com.au/online/national/pet/pet" title="Browse all items">
								 Browse all items<span>→</span>
								</a>
							</span>
						</h2>
						
						
					<ul role="menu" id="sub-menu-15" data-col-items="menu-15" class="hidden">
						
							<li class="section"><a role="menuitem" id="sub-menu-15_2" href="http://shop.coles.com.au/online/national/pet/cat-kitten" title="Cat &amp; Kitten sub category">Cat &amp; Kitten</a></li>
							
							
								<li><a role="menuitem" id="sub-menu-15_3" href="http://shop.coles.com.au/online/national/pet/cat-kitten/dry-cat-food" title="Dry Cat Food">Dry Cat Food</a></li>
							
								<li><a role="menuitem" id="sub-menu-15_4" href="http://shop.coles.com.au/online/national/pet/cat-kitten/chilled-cat-food" title="Chilled Cat Food">Chilled Cat Food</a></li>
							
								<li><a role="menuitem" id="sub-menu-15_5" href="http://shop.coles.com.au/online/national/pet/cat-kitten/trays-cans-cat-food" title="Trays &amp; Cans Cat Food">Trays &amp; Cans Cat Food</a></li>
							
								<li><a role="menuitem" id="sub-menu-15_6" href="http://shop.coles.com.au/online/national/pet/cat-kitten/cat-accessories" title="Cat Accessories">Cat Accessories</a></li>
							
								<li><a role="menuitem" id="sub-menu-15_7" href="http://shop.coles.com.au/online/national/pet/cat-kitten/cat-grooming" title="Cat Grooming">Cat Grooming</a></li>
							
								<li><a role="menuitem" id="sub-menu-15_8" href="http://shop.coles.com.au/online/national/pet/cat-kitten/cat-healthcare" title="Cat Healthcare">Cat Healthcare</a></li>
							
								<li><a role="menuitem" id="sub-menu-15_9" href="http://shop.coles.com.au/online/national/pet/cat-kitten/cat-litter" title="Cat Litter">Cat Litter</a></li>
							
								<li><a role="menuitem" id="sub-menu-15_10" href="http://shop.coles.com.au/online/national/pet/cat-kitten/cat-toys" title="Cat Toys">Cat Toys</a></li>
							
								<li><a role="menuitem" id="sub-menu-15_11" href="http://shop.coles.com.au/online/national/pet/cat-kitten/cat-treats-milk" title="Cat Treats &amp; Milk">Cat Treats &amp; Milk</a></li>
							
							<li class="section"><a role="menuitem" id="sub-menu-15_12" href="http://shop.coles.com.au/online/national/pet/dog-puppy" title="Dog &amp; Puppy sub category">Dog &amp; Puppy</a></li>
							
							
								<li><a role="menuitem" id="sub-menu-15_13" href="http://shop.coles.com.au/online/national/pet/dog-puppy/dry-dog-food" title="Dry Dog Food">Dry Dog Food</a></li>
							
								<li><a role="menuitem" id="sub-menu-15_14" href="http://shop.coles.com.au/online/national/pet/dog-puppy/chilled-dog-food" title="Chilled Dog Food">Chilled Dog Food</a></li>
							
								<li><a role="menuitem" id="sub-menu-15_15" href="http://shop.coles.com.au/online/national/pet/dog-puppy/trays-cans-dog-food" title="Trays &amp; Cans Dog Food">Trays &amp; Cans Dog Food</a></li>
							
								<li><a role="menuitem" id="sub-menu-15_16" href="http://shop.coles.com.au/online/national/pet/dog-puppy/dog-accessories" title="Dog Accessories">Dog Accessories</a></li>
							
								<li><a role="menuitem" id="sub-menu-15_17" href="http://shop.coles.com.au/online/national/pet/dog-puppy/dog-collars-leads" title="Dog Collars &amp; Leads">Dog Collars &amp; Leads</a></li>
							
								<li><a role="menuitem" id="sub-menu-15_18" href="http://shop.coles.com.au/online/national/pet/dog-puppy/dog-grooming" title="Dog Grooming">Dog Grooming</a></li>
							
								<li><a role="menuitem" id="sub-menu-15_19" href="http://shop.coles.com.au/online/national/pet/dog-puppy/dog-healthcare" title="Dog Healthcare">Dog Healthcare</a></li>
							
								<li><a role="menuitem" id="sub-menu-15_20" href="http://shop.coles.com.au/online/national/pet/dog-puppy/dog-treats-milk" title="Dog Treats &amp; Milk">Dog Treats &amp; Milk</a></li>
							
							<li class="section"><a role="menuitem" id="sub-menu-15_21" href="http://shop.coles.com.au/online/national/pet/birds" title="Birds sub category">Birds</a></li>
							
							
								<li><a role="menuitem" id="sub-menu-15_22" href="http://shop.coles.com.au/online/national/pet/birds/bird-food" title="Bird Food">Bird Food</a></li>
							
								<li><a role="menuitem" id="sub-menu-15_23" href="http://shop.coles.com.au/online/national/pet/birds/bird-treats" title="Bird Treats">Bird Treats</a></li>
							
							<li class="section"><a role="menuitem" id="sub-menu-15_24" href="http://shop.coles.com.au/online/national/pet/fish-1074626" title="Fish sub category">Fish</a></li>
							
							
								<li><a role="menuitem" id="sub-menu-15_25" href="http://shop.coles.com.au/online/national/pet/fish-1074626/fish-food" title="Fish Food">Fish Food</a></li>
							
							<li class="section"><a role="menuitem" id="sub-menu-15_26" href="http://shop.coles.com.au/online/national/pet/small-pets" title="Small Pets sub category">Small Pets</a></li>
							
							
								<li><a role="menuitem" id="sub-menu-15_27" href="http://shop.coles.com.au/online/national/pet/small-pets/small-pets-food" title="Small Pets Food">Small Pets Food</a></li>
							
					</ul>
				</div>							
											
			</li>									
		
			
			<li>
				
							
					<a role="menuitem" id="aisleMenu_16" aria-haspopup="true" href="http://shop.coles.com.au/online/national/business-orders" class="aisle" title="Browse the Business Orders aisle">
						Business Orders <span>→</span>
					</a>
					
					<div id="menu-16" class="column-list clearfix" data-rows="22" role="navigation" aria-hidden="true" style="display: none;">
						<h2>
							<a role="menuitem" id="sub-menu-16_0" class="subCatHeader" title="Business Orders Category" href="http://shop.coles.com.au/online/national/business-orders">
								Business Orders
							</a>
							<span class="aisle-search">&nbsp;
								<a role="menuitem" id="sub-menu-16_1" class="browseAllSubCategory" href="http://shop.coles.com.au/online/national/business-orders/business-orders" title="Browse all items">
								 Browse all items<span>→</span>
								</a>
							</span>
						</h2>
						
						
					<ul role="menu" id="sub-menu-16" data-col-items="menu-16" class="hidden">
						
							<li class="section"><a role="menuitem" id="sub-menu-16_2" href="http://shop.coles.com.au/online/national/business-orders/all-businesses" title="All Businesses sub category">All Businesses</a></li>
							
							
								<li><a role="menuitem" id="sub-menu-16_3" href="http://shop.coles.com.au/online/national/business-orders/all-businesses/childcare" title="Childcare">Childcare</a></li>
							
								<li><a role="menuitem" id="sub-menu-16_4" href="http://shop.coles.com.au/online/national/business-orders/all-businesses/disability-aged-care" title="Disability &amp; Aged Care">Disability &amp; Aged Care</a></li>
							
								<li><a role="menuitem" id="sub-menu-16_5" href="http://shop.coles.com.au/online/national/business-orders/all-businesses/offices" title="Offices">Offices</a></li>
							
								<li><a role="menuitem" id="sub-menu-16_6" href="http://shop.coles.com.au/online/national/business-orders/all-businesses/schools" title="Schools">Schools</a></li>
							
					</ul>
				</div>							
											
			</li>									
		
			
			<li>
				
							
					<a role="menuitem" id="aisleMenu_17" aria-haspopup="true" href="http://shop.coles.com.au/online/national/stationery-media" class="aisle" title="Browse the Stationery &amp; Media aisle">
						Stationery &amp; Media <span>→</span>
					</a>
					
					<div id="menu-17" class="column-list clearfix" data-rows="22" role="navigation" aria-hidden="true" style="display: none;">
						<h2>
							<a role="menuitem" id="sub-menu-17_0" class="subCatHeader" title="Stationery &amp; Media Category" href="http://shop.coles.com.au/online/national/stationery-media">
								Stationery &amp; Media
							</a>
							<span class="aisle-search">&nbsp;
								<a role="menuitem" id="sub-menu-17_1" class="browseAllSubCategory" href="http://shop.coles.com.au/online/national/stationery-media/stationery-media" title="Browse all items">
								 Browse all items<span>→</span>
								</a>
							</span>
						</h2>
						
						
					<ul role="menu" id="sub-menu-17" data-col-items="menu-17" class="hidden">
						
							<li class="section"><a role="menuitem" id="sub-menu-17_2" href="http://shop.coles.com.au/online/national/stationery-media/books-section" title="Books sub category">Books</a></li>
							
							
								<li><a role="menuitem" id="sub-menu-17_3" href="http://shop.coles.com.au/online/national/stationery-media/books-section/childrens-books" title="Childrens Books">Childrens Books</a></li>
							
								<li><a role="menuitem" id="sub-menu-17_4" href="http://shop.coles.com.au/online/national/stationery-media/books-section/fiction-books" title="Fiction Books">Fiction Books</a></li>
							
								<li><a role="menuitem" id="sub-menu-17_5" href="http://shop.coles.com.au/online/national/stationery-media/books-section/non-fiction-books" title="Non-fiction Books">Non-fiction Books</a></li>
							
							<li class="section"><a role="menuitem" id="sub-menu-17_6" href="http://shop.coles.com.au/online/national/stationery-media/tv-shows-movies-section" title="Cds, Dvds &amp; Blu Rays sub category">Cds, Dvds &amp; Blu Rays</a></li>
							
							
								<li><a role="menuitem" id="sub-menu-17_7" href="http://shop.coles.com.au/online/national/stationery-media/tv-shows-movies-section/blu-rays" title="Blu Rays">Blu Rays</a></li>
							
								<li><a role="menuitem" id="sub-menu-17_8" href="http://shop.coles.com.au/online/national/stationery-media/tv-shows-movies-section/cds-music-dvds" title="CDs &amp; Music Dvds">CDs &amp; Music Dvds</a></li>
							
								<li><a role="menuitem" id="sub-menu-17_9" href="http://shop.coles.com.au/online/national/stationery-media/tv-shows-movies-section/childrens-tv-movies" title="Childrens TV &amp; Movies">Childrens TV &amp; Movies</a></li>
							
								<li><a role="menuitem" id="sub-menu-17_10" href="http://shop.coles.com.au/online/national/stationery-media/tv-shows-movies-section/family-child" title="Family &amp; Child">Family &amp; Child</a></li>
							
								<li><a role="menuitem" id="sub-menu-17_11" href="http://shop.coles.com.au/online/national/stationery-media/tv-shows-movies-section/feature-films-section" title="Feature Films">Feature Films</a></li>
							
								<li><a role="menuitem" id="sub-menu-17_12" href="http://shop.coles.com.au/online/national/stationery-media/tv-shows-movies-section/tv-shows-movies" title="TV Shows &amp; Movies">TV Shows &amp; Movies</a></li>
							
							<li class="section"><a role="menuitem" id="sub-menu-17_13" href="http://shop.coles.com.au/online/national/stationery-media/computer-photo" title="Computer &amp; Photo sub category">Computer &amp; Photo</a></li>
							
							
								<li><a role="menuitem" id="sub-menu-17_14" href="http://shop.coles.com.au/online/national/stationery-media/computer-photo/accessories" title="Accessories">Accessories</a></li>
							
								<li><a role="menuitem" id="sub-menu-17_15" href="http://shop.coles.com.au/online/national/stationery-media/computer-photo/paper" title="Paper">Paper</a></li>
							
								<li><a role="menuitem" id="sub-menu-17_16" href="http://shop.coles.com.au/online/national/stationery-media/computer-photo/recordable-media" title="Recordable Media">Recordable Media</a></li>
							
							<li class="section"><a role="menuitem" id="sub-menu-17_17" href="http://shop.coles.com.au/online/national/stationery-media/magazines-section" title="Magazines sub category">Magazines</a></li>
							
							
								<li><a role="menuitem" id="sub-menu-17_18" href="http://shop.coles.com.au/online/national/stationery-media/magazines-section/childrens-teens" title="Childrens &amp; Teens">Childrens &amp; Teens</a></li>
							
								<li><a role="menuitem" id="sub-menu-17_19" href="http://shop.coles.com.au/online/national/stationery-media/magazines-section/computers" title="Computers">Computers</a></li>
							
								<li><a role="menuitem" id="sub-menu-17_20" href="http://shop.coles.com.au/online/national/stationery-media/magazines-section/cooking-magazines" title="Cooking Magazines">Cooking Magazines</a></li>
							
								<li><a role="menuitem" id="sub-menu-17_21" href="http://shop.coles.com.au/online/national/stationery-media/magazines-section/crafts-hobbies" title="Crafts &amp; Hobbies">Crafts &amp; Hobbies</a></li>
							
								<li><a role="menuitem" id="sub-menu-17_22" href="http://shop.coles.com.au/online/national/stationery-media/magazines-section/fashion-lifestyle" title="Fashion &amp; Lifestyle">Fashion &amp; Lifestyle</a></li>
							
								<li><a role="menuitem" id="sub-menu-17_23" href="http://shop.coles.com.au/online/national/stationery-media/magazines-section/fashion-lifestyle-magazines" title="Fashion &amp; Lifestyle Magazines">Fashion &amp; Lifestyle Magazines</a></li>
							
								<li><a role="menuitem" id="sub-menu-17_24" href="http://shop.coles.com.au/online/national/stationery-media/magazines-section/general-interest" title="General Interest">General Interest</a></li>
							
								<li><a role="menuitem" id="sub-menu-17_25" href="http://shop.coles.com.au/online/national/stationery-media/magazines-section/general-interest-magazines" title="General Interest Magazines">General Interest Magazines</a></li>
							
								<li><a role="menuitem" id="sub-menu-17_26" href="http://shop.coles.com.au/online/national/stationery-media/magazines-section/home-magazines" title="Home Magazines">Home Magazines</a></li>
							
								<li><a role="menuitem" id="sub-menu-17_27" href="http://shop.coles.com.au/online/national/stationery-media/magazines-section/motoring-magazines" title="Motoring Magazines">Motoring Magazines</a></li>
							
								<li><a role="menuitem" id="sub-menu-17_28" href="http://shop.coles.com.au/online/national/stationery-media/magazines-section/sport" title="Sport">Sport</a></li>
							
								<li><a role="menuitem" id="sub-menu-17_29" href="http://shop.coles.com.au/online/national/stationery-media/magazines-section/sports-magazines" title="Sports Magazines">Sports Magazines</a></li>
							
								<li><a role="menuitem" id="sub-menu-17_30" href="http://shop.coles.com.au/online/national/stationery-media/magazines-section/tv-magazines" title="TV Magazines">TV Magazines</a></li>
							
							<li class="section"><a role="menuitem" id="sub-menu-17_31" href="http://shop.coles.com.au/online/national/stationery-media/stationery" title="Stationery sub category">Stationery</a></li>
							
							
								<li><a role="menuitem" id="sub-menu-17_32" href="http://shop.coles.com.au/online/national/stationery-media/stationery/cards" title="Cards">Cards</a></li>
							
								<li><a role="menuitem" id="sub-menu-17_33" href="http://shop.coles.com.au/online/national/stationery-media/stationery/diaries-notebooks" title="Diaries &amp; Notebooks">Diaries &amp; Notebooks</a></li>
							
								<li><a role="menuitem" id="sub-menu-17_34" href="http://shop.coles.com.au/online/national/stationery-media/stationery/folders-binders" title="Folders &amp; Binders">Folders &amp; Binders</a></li>
							
								<li><a role="menuitem" id="sub-menu-17_35" href="http://shop.coles.com.au/online/national/stationery-media/stationery/paper-books" title="Paper &amp; Books">Paper &amp; Books</a></li>
							
								<li><a role="menuitem" id="sub-menu-17_36" href="http://shop.coles.com.au/online/national/stationery-media/stationery/pencil-cases" title="Pencil Cases">Pencil Cases</a></li>
							
								<li><a role="menuitem" id="sub-menu-17_37" href="http://shop.coles.com.au/online/national/stationery-media/stationery/refills" title="Refills">Refills</a></li>
							
								<li><a role="menuitem" id="sub-menu-17_38" href="http://shop.coles.com.au/online/national/stationery-media/stationery/rulers-calculators" title="Rulers &amp; Calculators">Rulers &amp; Calculators</a></li>
							
								<li><a role="menuitem" id="sub-menu-17_39" href="http://shop.coles.com.au/online/national/stationery-media/stationery/writing" title="Writing">Writing</a></li>
							
							<li class="section"><a role="menuitem" id="sub-menu-17_40" href="http://shop.coles.com.au/online/national/stationery-media/toys-games-section" title="Toys &amp; Games sub category">Toys &amp; Games</a></li>
							
							
								<li><a role="menuitem" id="sub-menu-17_41" href="http://shop.coles.com.au/online/national/stationery-media/toys-games-section/games-section" title="Games">Games</a></li>
							
								<li><a role="menuitem" id="sub-menu-17_42" href="http://shop.coles.com.au/online/national/stationery-media/toys-games-section/sports-outdoors-section" title="Sports &amp; Outdoors">Sports &amp; Outdoors</a></li>
							
								<li><a role="menuitem" id="sub-menu-17_43" href="http://shop.coles.com.au/online/national/stationery-media/toys-games-section/toys-section" title="Toys">Toys</a></li>
							
					</ul>
				</div>							
											
			</li>									
		
			
			<li>
				
							
					<a role="menuitem" id="aisleMenu_18" aria-haspopup="true" href="http://shop.coles.com.au/online/national/clothing" class="aisle" title="Browse the Clothing aisle">
						Clothing <span>→</span>
					</a>
					
					<div id="menu-18" class="column-list clearfix" data-rows="22" role="navigation" aria-hidden="true" style="display: none;">
						<h2>
							<a role="menuitem" id="sub-menu-18_0" class="subCatHeader" title="Clothing Category" href="http://shop.coles.com.au/online/national/clothing">
								Clothing
							</a>
							<span class="aisle-search">&nbsp;
								<a role="menuitem" id="sub-menu-18_1" class="browseAllSubCategory" href="http://shop.coles.com.au/online/national/clothing/clothing" title="Browse all items">
								 Browse all items<span>→</span>
								</a>
							</span>
						</h2>
						
						
					<ul role="menu" id="sub-menu-18" data-col-items="menu-18" class="hidden">
						
							<li class="section"><a role="menuitem" id="sub-menu-18_2" href="http://shop.coles.com.au/online/national/clothing/baby-stuff" title="Baby &amp; Child sub category">Baby &amp; Child</a></li>
							
							
								<li><a role="menuitem" id="sub-menu-18_3" href="http://shop.coles.com.au/online/national/clothing/baby-stuff/baby-socks" title="Baby Socks">Baby Socks</a></li>
							
								<li><a role="menuitem" id="sub-menu-18_4" href="http://shop.coles.com.au/online/national/clothing/baby-stuff/bibs" title="Bibs &amp; Accessories">Bibs &amp; Accessories</a></li>
							
								<li><a role="menuitem" id="sub-menu-18_5" href="http://shop.coles.com.au/online/national/clothing/baby-stuff/boys-girls-socks" title="Boys &amp; Girls Socks">Boys &amp; Girls Socks</a></li>
							
								<li><a role="menuitem" id="sub-menu-18_6" href="http://shop.coles.com.au/online/national/clothing/baby-stuff/boys-girls-underwear" title="Boys &amp; Girls Underwear">Boys &amp; Girls Underwear</a></li>
							
							<li class="section"><a role="menuitem" id="sub-menu-18_7" href="http://shop.coles.com.au/online/national/clothing/footwear" title="Footwear sub category">Footwear</a></li>
							
							
								<li><a role="menuitem" id="sub-menu-18_8" href="http://shop.coles.com.au/online/national/clothing/footwear/brushes-accessories" title="Brushes &amp; Accessories">Brushes &amp; Accessories</a></li>
							
								<li><a role="menuitem" id="sub-menu-18_9" href="http://shop.coles.com.au/online/national/clothing/footwear/insoles" title="Insoles">Insoles</a></li>
							
								<li><a role="menuitem" id="sub-menu-18_10" href="http://shop.coles.com.au/online/national/clothing/footwear/odour-control" title="Odour Control">Odour Control</a></li>
							
								<li><a role="menuitem" id="sub-menu-18_11" href="http://shop.coles.com.au/online/national/clothing/footwear/shoe-laces" title="Shoe Laces">Shoe Laces</a></li>
							
								<li><a role="menuitem" id="sub-menu-18_12" href="http://shop.coles.com.au/online/national/clothing/footwear/shoe-polish" title="Shoe Polish">Shoe Polish</a></li>
							
							<li class="section"><a role="menuitem" id="sub-menu-18_13" href="http://shop.coles.com.au/online/national/clothing/hosiery" title="Hosiery sub category">Hosiery</a></li>
							
							
								<li><a role="menuitem" id="sub-menu-18_14" href="http://shop.coles.com.au/online/national/clothing/hosiery/anklets" title="Anklets">Anklets</a></li>
							
								<li><a role="menuitem" id="sub-menu-18_15" href="http://shop.coles.com.au/online/national/clothing/hosiery/knee-highs" title="Knee Highs">Knee Highs</a></li>
							
								<li><a role="menuitem" id="sub-menu-18_16" href="http://shop.coles.com.au/online/national/clothing/hosiery/opaques-tights" title="Opaques &amp; Tights">Opaques &amp; Tights</a></li>
							
								<li><a role="menuitem" id="sub-menu-18_17" href="http://shop.coles.com.au/online/national/clothing/hosiery/pantyhose" title="Pantyhose">Pantyhose</a></li>
							
							<li class="section"><a role="menuitem" id="sub-menu-18_18" href="http://shop.coles.com.au/online/national/clothing/mens" title="Mens sub category">Mens</a></li>
							
							
								<li><a role="menuitem" id="sub-menu-18_19" href="http://shop.coles.com.au/online/national/clothing/mens/mens-socks" title="Men&#39;s Socks">Men's Socks</a></li>
							
								<li><a role="menuitem" id="sub-menu-18_20" href="http://shop.coles.com.au/online/national/clothing/mens/mens-underwear" title="Men&#39;s Underwear">Men's Underwear</a></li>
							
							<li class="section"><a role="menuitem" id="sub-menu-18_21" href="http://shop.coles.com.au/online/national/clothing/womens" title="Womens sub category">Womens</a></li>
							
							
								<li><a role="menuitem" id="sub-menu-18_22" href="http://shop.coles.com.au/online/national/clothing/womens/womens-accessories" title="Women&#39;s Accessories">Women's Accessories</a></li>
							
								<li><a role="menuitem" id="sub-menu-18_23" href="http://shop.coles.com.au/online/national/clothing/womens/womens-briefs" title="Women&#39;s Briefs">Women's Briefs</a></li>
							
								<li><a role="menuitem" id="sub-menu-18_24" href="http://shop.coles.com.au/online/national/clothing/womens/hoisery" title="Women&#39;s Hosiery">Women's Hosiery</a></li>
							
								<li><a role="menuitem" id="sub-menu-18_25" href="http://shop.coles.com.au/online/national/clothing/womens/womens-socks" title="Women&#39;s Socks">Women's Socks</a></li>
							
					</ul>
				</div>							
											
			</li>									
		
			
			<li>
				
							
					<a role="menuitem" id="aisleMenu_19" aria-haspopup="true" href="http://shop.coles.com.au/online/national/tobacco" class="aisle" title="Browse the Tobacco aisle">
						Tobacco <span>→</span>
					</a>
					
					<div id="menu-19" class="column-list clearfix" data-rows="22" role="navigation" aria-hidden="true" style="display: none;">
						<h2>
							<a role="menuitem" id="sub-menu-19_0" class="subCatHeader" title="Tobacco Category" href="http://shop.coles.com.au/online/national/tobacco">
								Tobacco
							</a>
							<span class="aisle-search">&nbsp;
								<a role="menuitem" id="sub-menu-19_1" class="browseAllSubCategory" href="http://shop.coles.com.au/online/national/tobacco/tobacco" title="Browse all items">
								 Browse all items<span>→</span>
								</a>
							</span>
						</h2>
						
						
					<ul role="menu" id="sub-menu-19" data-col-items="menu-19" class="hidden">
						
							<li class="section"><a role="menuitem" id="sub-menu-19_2" href="http://shop.coles.com.au/online/national/tobacco/tobacco--cigarettes-cigars" title="Tobacco, Cigarettes &amp; Cigars sub category">Tobacco, Cigarettes &amp; Cigars</a></li>
							
							
								<li><a role="menuitem" id="sub-menu-19_3" href="http://shop.coles.com.au/online/national/tobacco/tobacco--cigarettes-cigars/cigarettes" title="Cigarettes">Cigarettes</a></li>
							
								<li><a role="menuitem" id="sub-menu-19_4" href="http://shop.coles.com.au/online/national/tobacco/tobacco--cigarettes-cigars/papers-filters" title="Papers &amp; Filters">Papers &amp; Filters</a></li>
							
								<li><a role="menuitem" id="sub-menu-19_5" href="http://shop.coles.com.au/online/national/tobacco/tobacco--cigarettes-cigars/cigars" title="Cigars">Cigars</a></li>
							
								<li><a role="menuitem" id="sub-menu-19_6" href="http://shop.coles.com.au/online/national/tobacco/tobacco--cigarettes-cigars/loose-tobacco" title="Loose Tobacco">Loose Tobacco</a></li>
							
								<li><a role="menuitem" id="sub-menu-19_7" href="http://shop.coles.com.au/online/national/tobacco/tobacco--cigarettes-cigars/quit-smoking" title="Quit Smoking">Quit Smoking</a></li>
							
								<li><a role="menuitem" id="sub-menu-19_8" href="http://shop.coles.com.au/online/national/tobacco/tobacco--cigarettes-cigars/lighters-matches" title="Lighters &amp; Matches">Lighters &amp; Matches</a></li>
							
					</ul>
				</div>							
											
			</li>									
		
	</ul>
</div>

		<form id="search" name="search" action="http://shop.coles.com.au/online/SearchDisplay?pageView=image&catalogId=10576&beginIndex=0&langId=-1&storeId=10601" method="get" role="search">
			<input type="hidden" name="storeId" value="10601" id="WC_CachedHeaderDisplay_FormInput_storeId_In_CatalogSearchForm_1">
			<input type="hidden" name="catalogId" value="10576" id="WC_CachedHeaderDisplay_FormInput_catalogId_In_CatalogSearchForm_1">
			<input type="hidden" name="langId" value="-1" id="WC_CachedHeaderDisplay_FormInput_langId_In_CatalogSearchForm_1">
			<input type="hidden" name="beginIndex" value="0" id="WC_CachedHeaderDisplay_FormInput_beginIndex_In_CatalogSearchForm_1">
			<input type="hidden" name="browseView" value="false" id="WC_CachedHeaderDisplay_FormInput_browseView_In_CatalogSearchForm_1">
			<input type="hidden" name="searchSource" value="Q" id="WC_CachedHeaderDisplay_FormInput_searchSource_In_CatalogSearchForm_1">
			<input type="hidden" name="sType" value="SimpleSearch" id="WC_CachedHeaderDisplay_FormInput_sType_In_CatalogSearchForm_1">
			<input type="hidden" name="resultCatEntryType" value="2" id="WC_CachedHeaderDisplay_FormInput_resultType_In_CatalogSearchForm_1">
			<input type="hidden" name="showResultsPage" value="true" id="WC_CachedHeaderDisplay_input_1">
			<input type="hidden" name="pageView" value="image" id="WC_CachedHeaderDisplay_input_2">
			<fieldset>
				<legend class="off-left">Search products form</legend>
				<div class="inputContainer" id="inputContainer" data-suggestionsview="" data-searchurl="http://shop.coles.com.au/online/SearchDisplay?pageView=image&amp;catalogId=10576&amp;beginIndex=0&amp;langId=-1&amp;storeId=10601" data-corename="MC_10001_CatalogEntry_en_US" data-serverurl="http://solrprd.cmltd.net.au:27920/solr/MC_10001_CatalogEntry_en_US" data-catalogid="10576" data-storeid="10601" data-langid="-1">
					<div class="v-holder">
						<label for="searchTerm" class="off-left">Search</label>
						<input id="searchTerm" class="keyword pred-search rounded" type="text" placeholder="Search for..." name="searchTerm" value="" size="40" maxlength="65" autocomplete="off"><div class="pred-menu hidden" aria-hidden="true"><ul></ul></div>
					</div>
				</div>
				<input class="btn-search btn-grey pred-search btn-disabled" type="submit" role="button" title="Search" value="Search" disabled="disabled">
			</fieldset>
		</form>
		

<div id="myAccount">
	
			<button href="#register" role="button" class="btn-grey popup-launch action-register" title="Register">Register</button>
			<button href="#logIn" role="button" class="btn-grey popup-launch action-login" title="Log in">Log in</button>
		
</div>

	</div>
</div>	

<form method="post" name="SubHeaderData" id="SubHeaderData" class="hidden" aria-hidden="true">
		
	<input type="hidden" name="suburb" value="">	
	<input type="hidden" name="postcode" value="">
	<input type="hidden" name="state" value="">	
	
</form>



<div id="statusBarContainer">
	<ul id="statusBar" class="rounded grad-aqua1">
		
		
						<li id="statusGuest">
							<p><a role="button" href="http://shop.coles.com.au/online/SearchDisplay?searchTermScope=&multiSearch=&searchType=2&maxPrice=&showResultsPage=true&langId=-1&beginIndex=0&sType=SimpleSearch&browseView=true&metaData=&manufacturer=&resultCatEntryType=&catalogId=10576&pageView=image&minPrice=&urlLangId=-1&categoryId=28164&storeId=10601#localisation" class="btn-grey-dbl popup-launch action-localise" title="Tell us your location and get started!">Tell us your location and get started!</a></p>
						</li>
					

<li id="statusItems" class="grad-aqua2" data-refresh="{refreshNode:&#39;statusBar&#39;,refreshId:&#39;miniShopCart&#39;,storeId:&#39;10601&#39;,urlLangId:&#39;-1&#39;,catalogId:&#39;10576&#39;, orderId:&#39;&#39;}">
    
    <div id="statusItemsContent">
		
				<div class="title">No items:</div>
				<div class="statusItemsIcon"></div>
				<p>Your trolley is empty</p>
				
				<input id="lpCartQuantity" type="hidden" value="0">
				
	</div>
	<p>
		
	    <a href="http://shop.coles.com.au/online/SearchDisplay?searchTermScope=&multiSearch=&searchType=2&maxPrice=&showResultsPage=true&langId=-1&beginIndex=0&sType=SimpleSearch&browseView=true&metaData=&manufacturer=&resultCatEntryType=&catalogId=10576&pageView=image&minPrice=&urlLangId=-1&categoryId=28164&storeId=10601#" id="viewTrolley" class="arrow action-show-viewTrolley" title="View trolley">View trolley</a>
	    
	</p>
</li>
<li id="statusItemsAdding" class="hidden" aria-hidden="true" data-refresh="{refreshNode:&#39;statusBar&#39;,refreshId:&#39;miniShopCart&#39;,storeId:&#39;10601&#39;,urlLangId:&#39;-1&#39;,catalogId:&#39;10576&#39;,orderId:&#39;&#39;}">
	<div class="statusItemsIcon"></div>
	<div class="loader">
		<div class="title">Adding to trolley</div>
	</div>
</li>
<li id="statusTotal" class="grad-aqua3" data-refresh="{refreshNode:&#39;statusBar&#39;,refreshId:&#39;miniShopCart&#39;,storeId:&#39;10601&#39;,urlLangId:&#39;-1&#39;,catalogId:&#39;10576&#39;,orderId:&#39;&#39;}" aria-live="polite">
	<div class="title">Total:</div>
	
			<p id="price" class="currency">
				<span>$</span>0.00
			</p>
			
			<input id="lpCartTotal" type="hidden" value="0">	
			
</li>
<li id="statusCheckout" class="rounded grad-aqua3" data-refresh="{refreshNode:&#39;statusBar&#39;,refreshId:&#39;miniShopCart&#39;,storeId:&#39;10601&#39;,urlLangId:&#39;-1&#39;,catalogId:&#39;10576&#39;,orderId:&#39;&#39;}">
	<p>
		<a role="button" href="http://shop.coles.com.au/online/TraditionalAjaxShippingDetailsURL?cmdStoreId=10401&channel=BeginDesktopCheckout&calculationUsageId=-1&calculationUsageId=-7&updatePrices=1&catalogId=10576&errorViewName=TraditionalAjaxShippingDetailsURL&orderId=&langId=-1&storeId=10601&flow=BeginCheckout&doPrice=N&URL=TraditionalAjaxShippingDetailsURL" class="btn-grey-dbl" id="ribbonCheckout" title=""><span>Go to checkout</span></a>
	</p>
	<div class="clear"></div>
</li>

<li id="LiStatusItemsMU" class="hidden" data-refresh="{refreshNode:&#39;statusBar&#39;,refreshId:&#39;miniShopCart&#39;,storeId:&#39;10601&#39;,urlLangId:&#39;-1&#39;,catalogId:&#39;10576&#39;,orderId:&#39;&#39;}">
	<div id="statusItemsMU">
		
	</div>
</li>

<li id="rightHandSideTrolley" class="accessibility" data-refresh="{refreshNode:&#39;statusBar&#39;,refreshId:&#39;miniShopCart&#39;,storeId:&#39;10601&#39;,urlLangId:&#39;-1&#39;,catalogId:&#39;10576&#39;,orderId:&#39;&#39;}">
	<!-- TODO: The value to be given by business -->


 
    <div role="presentation" aria-hidden="true" class="trolleyTab">
		<a role="button" href="http://shop.coles.com.au/online/SearchDisplay?searchTermScope=&multiSearch=&searchType=2&maxPrice=&showResultsPage=true&langId=-1&beginIndex=0&sType=SimpleSearch&browseView=true&metaData=&manufacturer=&resultCatEntryType=&catalogId=10576&pageView=image&minPrice=&urlLangId=-1&categoryId=28164&storeId=10601#" id="viewTrolleyTab" tabindex="-1" class="action-show-viewTrolley">
			trolley
		</a>		
	</div>
</li>

	</ul>
</div>

	</div>
    <div class="headerBottom"><div class="pageBottom"><div></div></div></div>
</div>

		<div id="MessageArea" class="globalMessageArea" data-urls="{contactUsURL: &#39;http://shop.coles.com.au/online/national/contact-us&#39;, startShoppingURL: &#39;http://shop.coles.com.au/online/national&#39;, clickAndCollectURL: &#39;http://shop.coles.com.au/online/national/info/click-collect-locations&#39;}">
			
		</div>
	
<div id="compare" class="panel" tabindex="-1" aria-hidden="true" style="height: 7px; min-height: 219px; top: 4917px;">
	<div class="compareZone clearfix" style="display: block;">
		

<div data-refresh="{refreshId: &#39;compareZone&#39;, catalogId: &#39;10576&#39;, storeId: &#39;10601&#39;, langId: &#39;-1&#39;}" aria-live="polite">
	

	<div class="compareContent" style="max-height: none;">
		<div class="close"><a href="http://shop.coles.com.au/online/SearchDisplay?searchTermScope=&multiSearch=&searchType=2&maxPrice=&showResultsPage=true&langId=-1&beginIndex=0&sType=SimpleSearch&browseView=true&metaData=&manufacturer=&resultCatEntryType=&catalogId=10576&pageView=image&minPrice=&urlLangId=-1&categoryId=28164&storeId=10601#" class="linotype" title="Return to shopping">Close</a></div>
		
	</div>
</div>

	</div>
	<div class="compareShadow"></div>
	<a href="http://shop.coles.com.au/online/SearchDisplay?searchTermScope=&multiSearch=&searchType=2&maxPrice=&showResultsPage=true&langId=-1&beginIndex=0&sType=SimpleSearch&browseView=true&metaData=&manufacturer=&resultCatEntryType=&catalogId=10576&pageView=image&minPrice=&urlLangId=-1&categoryId=28164&storeId=10601#" class="panelTab grad-aqua1 unopenable" title="Show/hide the product comparison panel"><span>Compare items <span class="counter">0</span></span></a>
</div>

				<div id="contentPane" class="clearfix" role="main">
					 

<div id="searchDisplay" class="" data-refresh="{refreshId:&#39;searchView&#39;, productView:&#39;list&#39;, orderBy:&#39;10601_6&#39;, beginIndex:&#39;0&#39;, pageSize:&#39;100&#39;, storeId:&#39;10601&#39;, catalogId:&#39;10576&#39;, categoryId:&#39;28164&#39;,topcategoryId:&#39;&#39;,browseView:&#39;true&#39;}">
	
	<div id="pageHead" class="clearfix">
		

<div class="floatLeft">
<ul class="breadcrumb">
    
    <li><a href="http://shop.coles.com.au/online/national" title="Navigate to the homepage">Home</a> <span>→</span></li>
    
</ul>
</div>
<div class="clear"></div>

		<div class="floatLeft">
			<h1 id="page-heading">
    			Beef

			</h1>
		</div>
	
			<div class="floatRight pageInfoRight">
				<label for="orderBy" class="label">Sort by:</label>
				<div class="sortOrder rounded">
					<select id="orderBy" title="Product sort order" name="orderBy">
						<option selected="selected" value="10601_6">Top products</option>
						<option value="10601_5">Specials first</option>
						<option value="10601_3">Lowest price first</option>
						<option value="10601_4">Lowest unit price first</option>
						<option value="1">A-Z (Brand)</option>
						<option value="2">A-Z (Product Name)</option>
					</select>
				</div>
				
                 
				<ul id="productView">
					<li class="grid viewSwitcher" data-view="grid">
						<a href="http://shop.coles.com.au/online/SearchDisplay?searchTermScope=&multiSearch=&searchType=2&maxPrice=&showResultsPage=true&langId=-1&beginIndex=0&sType=SimpleSearch&browseView=true&metaData=&manufacturer=&resultCatEntryType=&catalogId=10576&pageView=image&minPrice=&urlLangId=-1&categoryId=28164&storeId=10601#" title="Display products in grid view">
							<span class="viewInfo ir">Switch to grid view</span>
						</a>
					</li>
					<li class="list viewSwitcher" data-view="list">
						<a href="http://shop.coles.com.au/online/SearchDisplay?searchTermScope=&multiSearch=&searchType=2&maxPrice=&showResultsPage=true&langId=-1&beginIndex=0&sType=SimpleSearch&browseView=true&metaData=&manufacturer=&resultCatEntryType=&catalogId=10576&pageView=image&minPrice=&urlLangId=-1&categoryId=28164&storeId=10601#" title="Display products in list view" class="selected">
							<span class="viewInfo ir">Switch to list view</span>
						</a>
					</li>
					<li class="text viewSwitcher" data-view="text">
						<a href="http://shop.coles.com.au/online/SearchDisplay?searchTermScope=&multiSearch=&searchType=2&maxPrice=&showResultsPage=true&langId=-1&beginIndex=0&sType=SimpleSearch&browseView=true&metaData=&manufacturer=&resultCatEntryType=&catalogId=10576&pageView=image&minPrice=&urlLangId=-1&categoryId=28164&storeId=10601#" title="Display products in text view">
							<span class="viewInfo ir">Switch to text view</span>
						</a>
					</li>
				</ul>
			</div>
		
	</div>

	<div class="messageArea"></div>
	
	
	<div class="localisation-disclaimer msg-warning">
		Prices and range may differ from region to region. <a href="http://shop.coles.com.au/online/SearchDisplay?searchTermScope=&multiSearch=&searchType=2&maxPrice=&showResultsPage=true&langId=-1&beginIndex=0&sType=SimpleSearch&browseView=true&metaData=&manufacturer=&resultCatEntryType=&catalogId=10576&pageView=image&minPrice=&urlLangId=-1&categoryId=28164&storeId=10601#localisation" class="popup-launch" title="Tell us your location to see your local prices">Tell us your location to see your local prices</a>	
	</div>
	
			<div class="layout-20-80 clearfix">
				<div class="column-1">
					
<div class="plain-box">
	
	
	<h2 class="keywords">Narrow your search:</h2>
	<ul id="keywords" role="presentation">
		<li><a href="http://shop.coles.com.au/online/SearchDisplay?multiSearch=&showResultsPage=true&langId=-1&beginIndex=0&sType=SimpleSearch&browseView=true&pageSize=100&resultCatEntryType=&catalogId=10576&pageView=image&urlLangId=-1&categoryId=25988&storeId=10601" title="Reset all">Reset all</a></li>
		<li>
			<ul role="presentation">
			
		<li role="presentation">
			<h3>Brand</h3>
			
					<a class="2" href="http://shop.coles.com.au/online/SearchDisplay?multiSearch=&showResultsPage=true&langId=-1&beginIndex=0&sType=SimpleSearch&browseView=true&pageSize=100&resultCatEntryType=&catalogId=10576&pageView=image&urlLangId=-1&categoryId=25988&storeId=10601" name="type-Brand" title=""><span class="cat-facet">Show all</span>&nbsp;<span role="presentation" aria-hidden="true" class="cat-count">(76)</span><span class="cat-count accessibility">(76items)</span></a>
				
  			<ul>
	     		
							<li>
								
										<a href="http://shop.coles.com.au/online/SearchDisplay?searchTermScope=&multiSearch=&searchType=2&maxPrice=&showResultsPage=true&langId=-1&beginIndex=0&sType=SimpleSearch&metaData=&browseView=true&manufacturer=&resultCatEntryType=&catalogId=10576&pageView=&facet=mfName_ntk_cs%253ACleavers%2BOrganic&minPrice=&categoryId=28164&storeId=10601" name="type-Brand" title=""><span class="cat-facet">Cleavers Organic</span>&nbsp;<span role="presentation" aria-hidden="true" class="cat-count">(8)</span><span class="cat-count accessibility">(8items)</span></a>
									
							</li>
			     		
							<li>
								
										<a href="http://shop.coles.com.au/online/SearchDisplay?searchTermScope=&multiSearch=&searchType=2&maxPrice=&showResultsPage=true&langId=-1&beginIndex=0&sType=SimpleSearch&metaData=&browseView=true&manufacturer=&resultCatEntryType=&catalogId=10576&pageView=&facet=mfName_ntk_cs%253AColes&minPrice=&categoryId=28164&storeId=10601" name="type-Brand" title=""><span class="cat-facet">Coles</span>&nbsp;<span role="presentation" aria-hidden="true" class="cat-count">(38)</span><span class="cat-count accessibility">(38items)</span></a>
									
							</li>
			     		
							<li>
								
										<a href="http://shop.coles.com.au/online/SearchDisplay?searchTermScope=&multiSearch=&searchType=2&maxPrice=&showResultsPage=true&langId=-1&beginIndex=0&sType=SimpleSearch&metaData=&browseView=true&manufacturer=&resultCatEntryType=&catalogId=10576&pageView=&facet=mfName_ntk_cs%253AColes%2BBeef&minPrice=&categoryId=28164&storeId=10601" name="type-Brand" title=""><span class="cat-facet">Coles Beef</span>&nbsp;<span role="presentation" aria-hidden="true" class="cat-count">(1)</span><span class="cat-count accessibility">(1items)</span></a>
									
							</li>
			     		
							<li>
								
										<a href="http://shop.coles.com.au/online/SearchDisplay?searchTermScope=&multiSearch=&searchType=2&maxPrice=&showResultsPage=true&langId=-1&beginIndex=0&sType=SimpleSearch&metaData=&browseView=true&manufacturer=&resultCatEntryType=&catalogId=10576&pageView=&facet=mfName_ntk_cs%253AColes%2BFinest&minPrice=&categoryId=28164&storeId=10601" name="type-Brand" title=""><span class="cat-facet">Coles Finest</span>&nbsp;<span role="presentation" aria-hidden="true" class="cat-count">(4)</span><span class="cat-count accessibility">(4items)</span></a>
									
							</li>
			     		
							<li>
								
										<a href="http://shop.coles.com.au/online/SearchDisplay?searchTermScope=&multiSearch=&searchType=2&maxPrice=&showResultsPage=true&langId=-1&beginIndex=0&sType=SimpleSearch&metaData=&browseView=true&manufacturer=&resultCatEntryType=&catalogId=10576&pageView=&facet=mfName_ntk_cs%253AColes%2BGrill&minPrice=&categoryId=28164&storeId=10601" name="type-Brand" title=""><span class="cat-facet">Coles Grill</span>&nbsp;<span role="presentation" aria-hidden="true" class="cat-count">(3)</span><span class="cat-count accessibility">(3items)</span></a>
									
							</li>
			     		
							<li>
								
										<a href="http://shop.coles.com.au/online/SearchDisplay?searchTermScope=&multiSearch=&searchType=2&maxPrice=&showResultsPage=true&langId=-1&beginIndex=0&sType=SimpleSearch&metaData=&browseView=true&manufacturer=&resultCatEntryType=&catalogId=10576&pageView=&facet=mfName_ntk_cs%253AColes%2BMade%2BEasy&minPrice=&categoryId=28164&storeId=10601" name="type-Brand" title=""><span class="cat-facet">Coles Made Easy</span>&nbsp;<span role="presentation" aria-hidden="true" class="cat-count">(1)</span><span class="cat-count accessibility">(1items)</span></a>
									
							</li>
			     		
							<li>
								
										<a href="http://shop.coles.com.au/online/SearchDisplay?searchTermScope=&multiSearch=&searchType=2&maxPrice=&showResultsPage=true&langId=-1&beginIndex=0&sType=SimpleSearch&metaData=&browseView=true&manufacturer=&resultCatEntryType=&catalogId=10576&pageView=&facet=mfName_ntk_cs%253AColes%2BMade%2BEasy%2BSlow%2BCook&minPrice=&categoryId=28164&storeId=10601" name="type-Brand" title=""><span class="cat-facet">Coles Made Easy Slow Cook</span>&nbsp;<span role="presentation" aria-hidden="true" class="cat-count">(1)</span><span class="cat-count accessibility">(1items)</span></a>
									
							</li>
			     		
							<li>
								
										<a href="http://shop.coles.com.au/online/SearchDisplay?searchTermScope=&multiSearch=&searchType=2&maxPrice=&showResultsPage=true&langId=-1&beginIndex=0&sType=SimpleSearch&metaData=&browseView=true&manufacturer=&resultCatEntryType=&catalogId=10576&pageView=&facet=mfName_ntk_cs%253AColes%2BSmart%2BBuy&minPrice=&categoryId=28164&storeId=10601" name="type-Brand" title=""><span class="cat-facet">Coles Smart Buy</span>&nbsp;<span role="presentation" aria-hidden="true" class="cat-count">(4)</span><span class="cat-count accessibility">(4items)</span></a>
									
							</li>
			     		
							<li>
								
										<a href="http://shop.coles.com.au/online/SearchDisplay?searchTermScope=&multiSearch=&searchType=2&maxPrice=&showResultsPage=true&langId=-1&beginIndex=0&sType=SimpleSearch&metaData=&browseView=true&manufacturer=&resultCatEntryType=&catalogId=10576&pageView=&facet=mfName_ntk_cs%253AContinental%2BKosher&minPrice=&categoryId=28164&storeId=10601" name="type-Brand" title=""><span class="cat-facet">Continental Kosher</span>&nbsp;<span role="presentation" aria-hidden="true" class="cat-count">(4)</span><span class="cat-count accessibility">(4items)</span></a>
									
							</li>
			     		
							<li>
								
										<a href="http://shop.coles.com.au/online/SearchDisplay?searchTermScope=&multiSearch=&searchType=2&maxPrice=&showResultsPage=true&langId=-1&beginIndex=0&sType=SimpleSearch&metaData=&browseView=true&manufacturer=&resultCatEntryType=&catalogId=10576&pageView=&facet=mfName_ntk_cs%253AGraze&minPrice=&categoryId=28164&storeId=10601" name="type-Brand" title=""><span class="cat-facet">Graze</span>&nbsp;<span role="presentation" aria-hidden="true" class="cat-count">(6)</span><span class="cat-count accessibility">(6items)</span></a>
									
							</li>
			     		
				<li><a href="http://shop.coles.com.au/online/SearchDisplay?searchTermScope=&multiSearch=&searchType=2&maxPrice=&showResultsPage=true&langId=-1&beginIndex=0&sType=SimpleSearch&browseView=true&metaData=&manufacturer=&resultCatEntryType=&catalogId=10576&pageView=image&minPrice=&urlLangId=-1&categoryId=28164&storeId=10601#" class="more" data-hidden-facets="{&quot;type&quot;:&quot;Brand&quot;,&quot;facets&quot;:[{&quot;url&quot;:&quot;http://shop.coles.com.au/online/SearchDisplay?searchTermScope=&amp;multiSearch=&amp;searchType=2&amp;maxPrice=&amp;showResultsPage=true&amp;langId=-1&amp;beginIndex=0&amp;sType=SimpleSearch&amp;metaData=&amp;browseView=true&amp;manufacturer=&amp;resultCatEntryType=&amp;catalogId=10576&amp;pageView=&amp;facet=mfName_ntk_cs%253AKing%2BIsland&amp;minPrice=&amp;categoryId=28164&amp;storeId=10601&quot;,&quot;name&quot;:&quot;King Island&quot;,&quot;count&quot;:&quot;5&quot;,&quot;className&quot;:&quot;&quot;},{&quot;url&quot;:&quot;http://shop.coles.com.au/online/SearchDisplay?searchTermScope=&amp;multiSearch=&amp;searchType=2&amp;maxPrice=&amp;showResultsPage=true&amp;langId=-1&amp;beginIndex=0&amp;sType=SimpleSearch&amp;metaData=&amp;browseView=true&amp;manufacturer=&amp;resultCatEntryType=&amp;catalogId=10576&amp;pageView=&amp;facet=mfName_ntk_cs%253ANorfolk%2BFoods&amp;minPrice=&amp;categoryId=28164&amp;storeId=10601&quot;,&quot;name&quot;:&quot;Norfolk Foods&quot;,&quot;count&quot;:&quot;1&quot;,&quot;className&quot;:&quot;&quot;}]}" title="View other types">+  view 2 other types</a></li>
	     		
    		</ul>
		</li>
		
		<li role="presentation">
			<h3>Type</h3>
			
					<a class="2" href="http://shop.coles.com.au/online/SearchDisplay?multiSearch=&showResultsPage=true&langId=-1&beginIndex=0&sType=SimpleSearch&browseView=true&pageSize=100&resultCatEntryType=&catalogId=10576&pageView=image&urlLangId=-1&categoryId=25988&storeId=10601" name="type-Type" title=""><span class="cat-facet">Show all</span>&nbsp;<span role="presentation" aria-hidden="true" class="cat-count">(76)</span><span class="cat-count accessibility">(76items)</span></a>
				
  			<ul>
	     		
							<li>
								
										<a href="http://shop.coles.com.au/online/SearchDisplay?searchTermScope=&multiSearch=&searchType=2&maxPrice=&showResultsPage=true&langId=-1&beginIndex=0&sType=SimpleSearch&metaData=&browseView=true&manufacturer=&resultCatEntryType=&catalogId=10576&pageView=&facet=ads_f8_ntk_cs%253ACasserole&minPrice=&categoryId=28164&storeId=10601" name="type-Type" title=""><span class="cat-facet">Casserole</span>&nbsp;<span role="presentation" aria-hidden="true" class="cat-count">(5)</span><span class="cat-count accessibility">(5items)</span></a>
									
							</li>
			     		
							<li>
								
										<a href="http://shop.coles.com.au/online/SearchDisplay?searchTermScope=&multiSearch=&searchType=2&maxPrice=&showResultsPage=true&langId=-1&beginIndex=0&sType=SimpleSearch&metaData=&browseView=true&manufacturer=&resultCatEntryType=&catalogId=10576&pageView=&facet=ads_f8_ntk_cs%253AChops%252C%2BCutlets%2B%2526%2BRibs&minPrice=&categoryId=28164&storeId=10601" name="type-Type" title=""><span class="cat-facet">Chops, Cutlets &amp; Ribs</span>&nbsp;<span role="presentation" aria-hidden="true" class="cat-count">(1)</span><span class="cat-count accessibility">(1items)</span></a>
									
							</li>
			     		
							<li>
								
										<a href="http://shop.coles.com.au/online/SearchDisplay?searchTermScope=&multiSearch=&searchType=2&maxPrice=&showResultsPage=true&langId=-1&beginIndex=0&sType=SimpleSearch&metaData=&browseView=true&manufacturer=&resultCatEntryType=&catalogId=10576&pageView=&facet=ads_f8_ntk_cs%253ADiced%2B%2526%2BStir-fry&minPrice=&categoryId=28164&storeId=10601" name="type-Type" title=""><span class="cat-facet">Diced &amp; Stir-fry</span>&nbsp;<span role="presentation" aria-hidden="true" class="cat-count">(7)</span><span class="cat-count accessibility">(7items)</span></a>
									
							</li>
			     		
							<li>
								
										<a href="http://shop.coles.com.au/online/SearchDisplay?searchTermScope=&multiSearch=&searchType=2&maxPrice=&showResultsPage=true&langId=-1&beginIndex=0&sType=SimpleSearch&metaData=&browseView=true&manufacturer=&resultCatEntryType=&catalogId=10576&pageView=&facet=ads_f8_ntk_cs%253AMince&minPrice=&categoryId=28164&storeId=10601" name="type-Type" title=""><span class="cat-facet">Mince</span>&nbsp;<span role="presentation" aria-hidden="true" class="cat-count">(8)</span><span class="cat-count accessibility">(8items)</span></a>
									
							</li>
			     		
							<li>
								
										<a href="http://shop.coles.com.au/online/SearchDisplay?searchTermScope=&multiSearch=&searchType=2&maxPrice=&showResultsPage=true&langId=-1&beginIndex=0&sType=SimpleSearch&metaData=&browseView=true&manufacturer=&resultCatEntryType=&catalogId=10576&pageView=&facet=ads_f8_ntk_cs%253AOffal%2B%2526%2BBones&minPrice=&categoryId=28164&storeId=10601" name="type-Type" title=""><span class="cat-facet">Offal &amp; Bones</span>&nbsp;<span role="presentation" aria-hidden="true" class="cat-count">(5)</span><span class="cat-count accessibility">(5items)</span></a>
									
							</li>
			     		
							<li>
								
										<a href="http://shop.coles.com.au/online/SearchDisplay?searchTermScope=&multiSearch=&searchType=2&maxPrice=&showResultsPage=true&langId=-1&beginIndex=0&sType=SimpleSearch&metaData=&browseView=true&manufacturer=&resultCatEntryType=&catalogId=10576&pageView=&facet=ads_f8_ntk_cs%253ARoasts&minPrice=&categoryId=28164&storeId=10601" name="type-Type" title=""><span class="cat-facet">Roasts</span>&nbsp;<span role="presentation" aria-hidden="true" class="cat-count">(8)</span><span class="cat-count accessibility">(8items)</span></a>
									
							</li>
			     		
							<li>
								
										<a href="http://shop.coles.com.au/online/SearchDisplay?searchTermScope=&multiSearch=&searchType=2&maxPrice=&showResultsPage=true&langId=-1&beginIndex=0&sType=SimpleSearch&metaData=&browseView=true&manufacturer=&resultCatEntryType=&catalogId=10576&pageView=&facet=ads_f8_ntk_cs%253ASteak&minPrice=&categoryId=28164&storeId=10601" name="type-Type" title=""><span class="cat-facet">Steak</span>&nbsp;<span role="presentation" aria-hidden="true" class="cat-count">(31)</span><span class="cat-count accessibility">(31items)</span></a>
									
							</li>
			     		
    		</ul>
		</li>
		
		<li role="presentation">
			<h3>Lifestyle</h3>
			
					<a class="2" href="http://shop.coles.com.au/online/SearchDisplay?multiSearch=&showResultsPage=true&langId=-1&beginIndex=0&sType=SimpleSearch&browseView=true&pageSize=100&resultCatEntryType=&catalogId=10576&pageView=image&urlLangId=-1&categoryId=25988&storeId=10601" name="type-Lifestyle" title=""><span class="cat-facet">Show all</span>&nbsp;<span role="presentation" aria-hidden="true" class="cat-count">(76)</span><span class="cat-count accessibility">(76items)</span></a>
				
  			<ul>
	     		
							<li>
								
										<a href="http://shop.coles.com.au/online/SearchDisplay?searchTermScope=&multiSearch=&searchType=2&maxPrice=&showResultsPage=true&langId=-1&beginIndex=0&sType=SimpleSearch&metaData=&browseView=true&manufacturer=&resultCatEntryType=&catalogId=10576&pageView=&facet=ads_f1_ntk_cs%253AHormone%2BFree&minPrice=&categoryId=28164&storeId=10601" name="type-Lifestyle" title=""><span class="cat-facet">Hormone Free</span>&nbsp;<span role="presentation" aria-hidden="true" class="cat-count">(1)</span><span class="cat-count accessibility">(1items)</span></a>
									
							</li>
			     		
							<li>
								
										<a href="http://shop.coles.com.au/online/SearchDisplay?searchTermScope=&multiSearch=&searchType=2&maxPrice=&showResultsPage=true&langId=-1&beginIndex=0&sType=SimpleSearch&metaData=&browseView=true&manufacturer=&resultCatEntryType=&catalogId=10576&pageView=&facet=ads_f1_ntk_cs%253AKosher&minPrice=&categoryId=28164&storeId=10601" name="type-Lifestyle" title=""><span class="cat-facet">Kosher</span>&nbsp;<span role="presentation" aria-hidden="true" class="cat-count">(4)</span><span class="cat-count accessibility">(4items)</span></a>
									
							</li>
			     		
							<li>
								
										<a href="http://shop.coles.com.au/online/SearchDisplay?searchTermScope=&multiSearch=&searchType=2&maxPrice=&showResultsPage=true&langId=-1&beginIndex=0&sType=SimpleSearch&metaData=&browseView=true&manufacturer=&resultCatEntryType=&catalogId=10576&pageView=&facet=ads_f1_ntk_cs%253AOrganic&minPrice=&categoryId=28164&storeId=10601" name="type-Lifestyle" title=""><span class="cat-facet">Organic</span>&nbsp;<span role="presentation" aria-hidden="true" class="cat-count">(8)</span><span class="cat-count accessibility">(8items)</span></a>
									
							</li>
			     		
    		</ul>
		</li>
		
			</ul>
		</li>
	</ul>
	<button type="submit" class="hidden" title="Refine results">Refine results</button>
</div>

				</div>
				

<div id="searchResults" class="column-2">
	
		<div class="column-100 clearfix">
			<div class="espot searchEspot">
				

<div data-analytics="center-top" class="genericESpot" id="WC_ContentAreaESpot_div_1_28651" style="width: 768px; min-height: -1px;">
	
	    <p class="caption" style="display:none" id="WC_ContentAreaESpot_div_2_28651">[CAT_All_Product_1]</p>   
	
        <h2><span>Featured</span> products </h2>
    
	<div class="billboard-view">
		

<span class="available hidden"></span>


<div class="outer-prod prodtile" data-refresh="{
					catalogId: &quot;10576&quot;,
					doInventory: &quot;N&quot;,
					fulfillmentCenterId: &quot;11576&quot;,
					forStoreId: &quot;10401&quot;,
					catEntryOverlayPrefix:&quot;CAT_All_Product_1_&quot;,
					productDisplayURL: &quot;http://shop.coles.com.au/online/national/coles-beef-scotch-fillet-steak-434146p&quot;				
			}">
	<form id="CAT_All_Product_1_catEntryForm_16649" name="catEntryForm_16649" action="http://shop.coles.com.au/online/AjaxOrderChangeServiceItemAdd">
		
<div class="promo save " data-catentry="catEntry_16649" data-refresh="{
				addCalculationUsage: &quot;-1&quot;,
				langId: &quot;-1&quot;,
				storeId: &quot;10601&quot;, 
				catEntryId: &quot;16649&quot;, 
				catEntryName: &quot;Beef Scotch Fillet Steak 2-3 Pieces&quot;, 
				productView: &quot;billboard&quot;,
				productId: &quot;16649&quot;,
				itemId: &quot;37573&quot;,
				hideMultibuy: &quot;false&quot;,
                ticketType: &quot;S&quot;,
                partNumber: &quot;434146&quot;,
                offerCode: &quot;107599415&quot;
		}">
   	<div class="wrapper clearfix">   	
		

<h4 class="accessibility" id="heading_16649" tabindex="-1">
		Coles&nbsp;Beef Scotch Fillet Steak 2-3 Pieces&nbsp;
		approx. 500g&nbsp;
		On special 
</h4> 

<div class="offer-icon"></div>
<a role="presentation" aria-hidden="true" class="product-url" href="http://shop.coles.com.au/online/national/coles-beef-scotch-fillet-steak-434146p">
	    <img role="presentation" aria-hidden="true" class="photo" src="./beef_files/434146-th.jpg" onerror="this.src=&#39;/wcsstore/ColesStorefrontAssetStore/dist/e0a775baf05f/images/spacer.gif&#39;" alt="Beef Scotch Fillet Steak 2-3 Pieces" width="110" height="110">
	</a>

<div class="detail">	
    <span role="presentation" aria-hidden="true" class="brand">Coles</span>
    <span class="item" role="presentation" aria-hidden="true">
        <a role="presentation" aria-hidden="true" class="product-url" href="http://shop.coles.com.au/online/national/coles-beef-scotch-fillet-steak-434146p">
        	Beef Scotch Fillet Steak 2-3 Pieces&nbsp;
        	approx. 500g
        </a>
    </span>
	<span class="size">
		Indicated price based on approx. weight. Weight may vary between 450g and 550g.	
 	</span>
</div>


	<div class="purchasing">	    
	    <div class="saving">
	    	
	    		<span class="accessibility">Original price</span> was $15.00 
	    		<span><span class="accessibility">You can</span> save $3.00</span>
	    	
	    </div>
	   	
	    		<div class="price"><span class="accessibility">Purchase price </span><small>$</small>12.00</div>
	    	
	    <div class="unit-price"><span class="accessibility">Unit price </span>$24.00 per 1Kg</div>
	    <div class="special-offer">	    	
	    	
	    </div> 
	    <div class="availability">Temporarily unavailable</div>
	    <div class="purchase">
		
			<input type="number" title="Add Quantity for Coles Beef Scotch Fillet Steak 2-3 Pieces approx. 500g" name="quantity" id="catEntry_16649_qty" value="1" maxlength="2" size="2" class="v-mandatory v-numeric v-minval-1">
	        <button role="button" type="submit" title="Add to trolley Coles Beef Scotch Fillet Steak 2-3 Pieces approx. 500g" class="btn-red action-addToTrolley"><span role="presentation" aria-hidden="true">Add to trolley</span></button>
		
		</div>
	</div>
	<div class="lists">
		
	</div>


	    <div class="actions">
	        			
			   <div class="MUItemForTrolleyDiv MUItemForTrolley_37573" data-catentry="37573">
		         <div class="MUul_37573"><div class="MUli_37573 hidden" aria-hidden="true"><span class="inTrolley"><span class="MUSpan_37573">0</span> in trolley</span></div></div>
		       </div>
		        <p class="clear"></p>
			 
			<div class="member-usuals-remove">
				<a href="http://shop.coles.com.au/online/SearchDisplay?searchTermScope=&multiSearch=&searchType=2&maxPrice=&showResultsPage=true&langId=-1&beginIndex=0&sType=SimpleSearch&browseView=true&metaData=&manufacturer=&resultCatEntryType=&catalogId=10576&pageView=image&minPrice=&urlLangId=-1&categoryId=28164&storeId=10601#" class="action-removeFromUsuals usuals-remove">Remove from list <span class="accessibility">Coles Beef Scotch Fillet Steak 2-3 Pieces approx. 500g</span></a>			
			</div>
			
				<div class="list">
					<a href="http://shop.coles.com.au/online/SearchDisplay?searchTermScope=&multiSearch=&searchType=2&maxPrice=&showResultsPage=true&langId=-1&beginIndex=0&sType=SimpleSearch&browseView=true&metaData=&manufacturer=&resultCatEntryType=&catalogId=10576&pageView=image&minPrice=&urlLangId=-1&categoryId=28164&storeId=10601#" class="action-addToList action-list-add">Add to list <span class="accessibility">Coles Beef Scotch Fillet Steak 2-3 Pieces approx. 500g</span></a> 
				</div>
				<div class="member-list-add">
					<a href="http://shop.coles.com.au/online/SearchDisplay?searchTermScope=&multiSearch=&searchType=2&maxPrice=&showResultsPage=true&langId=-1&beginIndex=0&sType=SimpleSearch&browseView=true&metaData=&manufacturer=&resultCatEntryType=&catalogId=10576&pageView=image&minPrice=&urlLangId=-1&categoryId=28164&storeId=10601#" class="action-addToList action-list-add">Add to another list <span class="accessibility">Coles Beef Scotch Fillet Steak 2-3 Pieces approx. 500g</span></a>
				</div>
			
			<div class="member-list-remove">
				 <a href="http://shop.coles.com.au/online/SearchDisplay?searchTermScope=&multiSearch=&searchType=2&maxPrice=&showResultsPage=true&langId=-1&beginIndex=0&sType=SimpleSearch&browseView=true&metaData=&manufacturer=&resultCatEntryType=&catalogId=10576&pageView=image&minPrice=&urlLangId=-1&categoryId=28164&storeId=10601#" class="action-removeFromList">Remove from list <span class="accessibility">Coles Beef Scotch Fillet Steak 2-3 Pieces approx. 500g</span></a> 
			</div>
			
				<div class="compareProd" role="presentation" aria-hidden="true">
					<a href="http://shop.coles.com.au/online/SearchDisplay?searchTermScope=&multiSearch=&searchType=2&maxPrice=&showResultsPage=true&langId=-1&beginIndex=0&sType=SimpleSearch&browseView=true&metaData=&manufacturer=&resultCatEntryType=&catalogId=10576&pageView=image&minPrice=&urlLangId=-1&categoryId=28164&storeId=10601#" class="compare compare-add">Compare</a>
				</div>
			
				<a href="http://shop.coles.com.au/online/national/coles-beef-scotch-fillet-steak-434146p" class="product-url accessibility">More details for Coles&nbsp;Beef Scotch Fillet Steak 2-3 Pieces</a>
			
		</div>  
      

       	
		    <div role="presentation" aria-hidden="true" id="share" class="share" data-social="{productImgUrl:&#39;http://shop.coles.com.au:27900/wcsstore/Coles-CAS/images/4/3/4/434146-th.jpg&#39;
	                                               ,productDisplayUrl:&#39;http://shop.coles.com.au/online/national/coles-beef-scotch-fillet-steak-434146p&#39;
	                                               ,title:&#39;Coles Beef Scotch Fillet Steak 2-3 Pieces Indicated price based on approx. weight. Weight may vary between 450g and 550g.&#39;
	                                               ,description:&#39;&#39;}">
		 	</div>
 		
	</div>
</div>


	</form>
</div>


<span class="available hidden"></span>


<div class="outer-prod prodtile" data-refresh="{
					catalogId: &quot;10576&quot;,
					doInventory: &quot;N&quot;,
					fulfillmentCenterId: &quot;11576&quot;,
					forStoreId: &quot;10401&quot;,
					catEntryOverlayPrefix:&quot;CAT_All_Product_1_&quot;,
					productDisplayURL: &quot;http://shop.coles.com.au/online/national/coles-beef-mince-4-star-lean&quot;				
			}">
	<form id="CAT_All_Product_1_catEntryForm_102422" name="catEntryForm_102422" action="http://shop.coles.com.au/online/AjaxOrderChangeServiceItemAdd">
		
<div class="promo multiBuy " data-catentry="catEntry_102422" data-refresh="{
				addCalculationUsage: &quot;-1&quot;,
				langId: &quot;-1&quot;,
				storeId: &quot;10601&quot;, 
				catEntryId: &quot;102422&quot;, 
				catEntryName: &quot;4 Star Lean Beef Mince&quot;, 
				productView: &quot;list&quot;,
				productId: &quot;102422&quot;,
				itemId: &quot;157873&quot;,
				hideMultibuy: &quot;false&quot;,
                ticketType: &quot;M&quot;,
                partNumber: &quot;8850450&quot;,
                offerCode: &quot;20140723&quot;
		}">
   	<div class="wrapper clearfix">   	
		

<h4 class="accessibility" id="heading_102422" tabindex="-1">
		Coles&nbsp;4 Star Lean Beef Mince&nbsp;
		500g&nbsp;
		On special 
</h4> 

<div class="offer-icon"></div>
<a role="presentation" aria-hidden="true" class="product-url" href="http://shop.coles.com.au/online/national/coles-beef-mince-4-star-lean">
	    <img role="presentation" aria-hidden="true" class="photo" src="./beef_files/8850450-th.jpg" onerror="this.src=&#39;/wcsstore/ColesStorefrontAssetStore/dist/e0a775baf05f/images/spacer.gif&#39;" alt="4 Star Lean Beef Mince" width="110" height="110">
	</a>

<div class="detail">	
    <span role="presentation" aria-hidden="true" class="brand">Coles</span>
    <span class="item" role="presentation" aria-hidden="true">
        <a role="presentation" aria-hidden="true" class="product-url" href="http://shop.coles.com.au/online/national/coles-beef-mince-4-star-lean">
        	4 Star Lean Beef Mince&nbsp;
        	500g
        </a>
    </span>
	<span class="size">
			
 	</span>
</div>


	<div class="purchasing" data-promotion="{qualifier: &quot;2&quot;,promotionId: &quot;10080090&quot;,catEntryIds: &quot;19344,102422&quot;}">
	    <div class="offer-detail">2 for $11</div>
	    <div class="offer-price">SAVE&nbsp;$1.00 / $11.00 per 1Kg</div>
	    <div class="availability">Temporarily unavailable</div>
	    <div class="offer-purchase">
	       <button type="submit" value="Choose any 2" class="btn-red action-addMultibuyToTrolley">Choose any 2</button> 	       
	    </div>
	    <div class="or"><span>OR</span></div>
	    <div class="std-price">1 for $6.00&nbsp;/&nbsp;$12.00 per 1Kg</div>
	    <div class="availability">Temporarily unavailable</div>
	    <div class="std-purchase">
	        <input type="number" title="Add Quantity for Coles 4 Star Lean Beef Mince 500g" name="quantity" id="catEntry_102422_qty" value="1" maxlength="2" size="2" class="v-mandatory v-numeric v-minval-1">
	        <button role="button" type="submit" title="Add to trolley Coles 4 Star Lean Beef Mince 500g" class="btn-red action-addToTrolley"><span role="presentation" aria-hidden="true">Add to trolley</span></button>	        
	    </div>
	</div>


	    <div class="actions">
	        			
			   <div class="MUItemForTrolleyDiv MUItemForTrolley_157873" data-catentry="157873">
		         <div class="MUul_157873"><div class="MUli_157873 hidden" aria-hidden="true"><span class="inTrolley"><span class="MUSpan_157873">0</span> in trolley</span></div></div>
		       </div>
		        <p class="clear"></p>
			 
			<div class="member-usuals-remove">
				<a href="http://shop.coles.com.au/online/SearchDisplay?searchTermScope=&multiSearch=&searchType=2&maxPrice=&showResultsPage=true&langId=-1&beginIndex=0&sType=SimpleSearch&browseView=true&metaData=&manufacturer=&resultCatEntryType=&catalogId=10576&pageView=image&minPrice=&urlLangId=-1&categoryId=28164&storeId=10601#" class="action-removeFromUsuals usuals-remove">Remove from list <span class="accessibility">Coles 4 Star Lean Beef Mince 500g</span></a>			
			</div>
			
				<div class="list">
					<a href="http://shop.coles.com.au/online/SearchDisplay?searchTermScope=&multiSearch=&searchType=2&maxPrice=&showResultsPage=true&langId=-1&beginIndex=0&sType=SimpleSearch&browseView=true&metaData=&manufacturer=&resultCatEntryType=&catalogId=10576&pageView=image&minPrice=&urlLangId=-1&categoryId=28164&storeId=10601#" class="action-addToList action-list-add">Add to list <span class="accessibility">Coles 4 Star Lean Beef Mince 500g</span></a> 
				</div>
				<div class="member-list-add">
					<a href="http://shop.coles.com.au/online/SearchDisplay?searchTermScope=&multiSearch=&searchType=2&maxPrice=&showResultsPage=true&langId=-1&beginIndex=0&sType=SimpleSearch&browseView=true&metaData=&manufacturer=&resultCatEntryType=&catalogId=10576&pageView=image&minPrice=&urlLangId=-1&categoryId=28164&storeId=10601#" class="action-addToList action-list-add">Add to another list <span class="accessibility">Coles 4 Star Lean Beef Mince 500g</span></a>
				</div>
			
			<div class="member-list-remove">
				 <a href="http://shop.coles.com.au/online/SearchDisplay?searchTermScope=&multiSearch=&searchType=2&maxPrice=&showResultsPage=true&langId=-1&beginIndex=0&sType=SimpleSearch&browseView=true&metaData=&manufacturer=&resultCatEntryType=&catalogId=10576&pageView=image&minPrice=&urlLangId=-1&categoryId=28164&storeId=10601#" class="action-removeFromList">Remove from list <span class="accessibility">Coles 4 Star Lean Beef Mince 500g</span></a> 
			</div>
			
				<div class="compareProd" role="presentation" aria-hidden="true">
					<a href="http://shop.coles.com.au/online/SearchDisplay?searchTermScope=&multiSearch=&searchType=2&maxPrice=&showResultsPage=true&langId=-1&beginIndex=0&sType=SimpleSearch&browseView=true&metaData=&manufacturer=&resultCatEntryType=&catalogId=10576&pageView=image&minPrice=&urlLangId=-1&categoryId=28164&storeId=10601#" class="compare compare-add">Compare</a>
				</div>
			
				<a href="http://shop.coles.com.au/online/national/coles-beef-mince-4-star-lean" class="product-url accessibility">More details for Coles&nbsp;4 Star Lean Beef Mince</a>
			
		</div>  
      

       	
		    <div role="presentation" aria-hidden="true" id="share" class="share" data-social="{productImgUrl:&#39;http://shop.coles.com.au:27900/wcsstore/Coles-CAS/images/8/8/5/8850450-th.jpg&#39;
	                                               ,productDisplayUrl:&#39;http://shop.coles.com.au/online/national/coles-beef-mince-4-star-lean&#39;
	                                               ,title:&#39;Coles 4 Star Lean Beef Mince  &#39;
	                                               ,description:&#39;4 Star Lean Beef Mince 500g 9x7&#39;}">
		 	</div>
 		
	</div>
</div>


	</form>
</div>

	</div>



</div>


			</div>
		</div>
        

<div data-analytics="center-middle" class="genericESpot" style="width: 768px; min-height: 0px;">
	
	    <p class="caption" style="display:none" id="WC_MarketProductContentAreaESpot_div_2_72851">[VENDOR_Marketing_1]</p>   
	
</div>

    <div class="list-view viewContainer clearfix searchEspot">
<p id="skip-to-products" class="accessibility">Product list for Beef</p>	 


<span class="available hidden"></span>


<div class="outer-prod prodtile" data-refresh="{
					catalogId: &quot;10576&quot;,
					doInventory: &quot;N&quot;,
					fulfillmentCenterId: &quot;11576&quot;,
					forStoreId: &quot;10401&quot;,
					
					productDisplayURL: &quot;http://shop.coles.com.au/online/national/coles-beef-mince-4-star-lean&quot;				
			}">
	<form id="catEntryForm_102422" name="catEntryForm_102422" action="http://shop.coles.com.au/online/AjaxOrderChangeServiceItemAdd">
		
<div class="promo multiBuy " data-catentry="catEntry_102422" data-refresh="{
				addCalculationUsage: &quot;-1&quot;,
				langId: &quot;-1&quot;,
				storeId: &quot;10601&quot;, 
				catEntryId: &quot;102422&quot;, 
				catEntryName: &quot;4 Star Lean Beef Mince&quot;, 
				productView: &quot;list&quot;,
				productId: &quot;102422&quot;,
				itemId: &quot;157873&quot;,
				hideMultibuy: &quot;false&quot;,
                ticketType: &quot;M&quot;,
                partNumber: &quot;8850450&quot;,
                offerCode: &quot;20140723&quot;
		}">
   	<div class="wrapper clearfix">   	
		

<h4 class="accessibility" id="heading_102422" tabindex="-1">
		Coles&nbsp;4 Star Lean Beef Mince&nbsp;
		500g&nbsp;
		On special 
</h4> 

<div class="offer-icon"></div>
<a role="presentation" aria-hidden="true" class="product-url" href="http://shop.coles.com.au/online/national/coles-beef-mince-4-star-lean">
	    <img role="presentation" aria-hidden="true" class="photo" src="./beef_files/8850450-th.jpg" onerror="this.src=&#39;/wcsstore/ColesStorefrontAssetStore/dist/e0a775baf05f/images/spacer.gif&#39;" alt="4 Star Lean Beef Mince" width="110" height="110">
	</a>

<div class="detail">	
    <span role="presentation" aria-hidden="true" class="brand">Coles</span>
    <span class="item" role="presentation" aria-hidden="true">
        <a role="presentation" aria-hidden="true" class="product-url" href="http://shop.coles.com.au/online/national/coles-beef-mince-4-star-lean">
        	4 Star Lean Beef Mince&nbsp;
        	500g
        </a>
    </span>
	<span class="size">
			
 	</span>
</div>


	<div class="purchasing" data-promotion="{qualifier: &quot;2&quot;,promotionId: &quot;10080090&quot;,catEntryIds: &quot;19344,102422&quot;}">
	    <div class="offer-detail">2 for $11</div>
	    <div class="offer-price">SAVE&nbsp;$1.00 / $11.00 per 1Kg</div>
	    <div class="availability">Temporarily unavailable</div>
	    <div class="offer-purchase">
	       <button type="submit" value="Choose any 2" class="btn-red action-addMultibuyToTrolley">Choose any 2</button> 	       
	    </div>
	    <div class="or"><span>OR</span></div>
	    <div class="std-price">1 for $6.00&nbsp;/&nbsp;$12.00 per 1Kg</div>
	    <div class="availability">Temporarily unavailable</div>
	    <div class="std-purchase">
	        <input type="number" title="Add Quantity for Coles 4 Star Lean Beef Mince 500g" name="quantity" id="catEntry_102422_qty" value="1" maxlength="2" size="2" class="v-mandatory v-numeric v-minval-1">
	        <button role="button" type="submit" title="Add to trolley Coles 4 Star Lean Beef Mince 500g" class="btn-red action-addToTrolley"><span role="presentation" aria-hidden="true">Add to trolley</span></button>	        
	    </div>
	</div>


	    <div class="actions">
	        			
			   <div class="MUItemForTrolleyDiv MUItemForTrolley_157873" data-catentry="157873">
		         <div class="MUul_157873"><div class="MUli_157873 hidden" aria-hidden="true"><span class="inTrolley"><span class="MUSpan_157873">0</span> in trolley</span></div></div>
		       </div>
		        <p class="clear"></p>
			 
			<div class="member-usuals-remove">
				<a href="http://shop.coles.com.au/online/SearchDisplay?searchTermScope=&multiSearch=&searchType=2&maxPrice=&showResultsPage=true&langId=-1&beginIndex=0&sType=SimpleSearch&browseView=true&metaData=&manufacturer=&resultCatEntryType=&catalogId=10576&pageView=image&minPrice=&urlLangId=-1&categoryId=28164&storeId=10601#" class="action-removeFromUsuals usuals-remove">Remove from list <span class="accessibility">Coles 4 Star Lean Beef Mince 500g</span></a>			
			</div>
			
				<div class="list">
					<a href="http://shop.coles.com.au/online/SearchDisplay?searchTermScope=&multiSearch=&searchType=2&maxPrice=&showResultsPage=true&langId=-1&beginIndex=0&sType=SimpleSearch&browseView=true&metaData=&manufacturer=&resultCatEntryType=&catalogId=10576&pageView=image&minPrice=&urlLangId=-1&categoryId=28164&storeId=10601#" class="action-addToList action-list-add">Add to list <span class="accessibility">Coles 4 Star Lean Beef Mince 500g</span></a> 
				</div>
				<div class="member-list-add">
					<a href="http://shop.coles.com.au/online/SearchDisplay?searchTermScope=&multiSearch=&searchType=2&maxPrice=&showResultsPage=true&langId=-1&beginIndex=0&sType=SimpleSearch&browseView=true&metaData=&manufacturer=&resultCatEntryType=&catalogId=10576&pageView=image&minPrice=&urlLangId=-1&categoryId=28164&storeId=10601#" class="action-addToList action-list-add">Add to another list <span class="accessibility">Coles 4 Star Lean Beef Mince 500g</span></a>
				</div>
			
			<div class="member-list-remove">
				 <a href="http://shop.coles.com.au/online/SearchDisplay?searchTermScope=&multiSearch=&searchType=2&maxPrice=&showResultsPage=true&langId=-1&beginIndex=0&sType=SimpleSearch&browseView=true&metaData=&manufacturer=&resultCatEntryType=&catalogId=10576&pageView=image&minPrice=&urlLangId=-1&categoryId=28164&storeId=10601#" class="action-removeFromList">Remove from list <span class="accessibility">Coles 4 Star Lean Beef Mince 500g</span></a> 
			</div>
			
				<div class="compareProd" role="presentation" aria-hidden="true">
					<a href="http://shop.coles.com.au/online/SearchDisplay?searchTermScope=&multiSearch=&searchType=2&maxPrice=&showResultsPage=true&langId=-1&beginIndex=0&sType=SimpleSearch&browseView=true&metaData=&manufacturer=&resultCatEntryType=&catalogId=10576&pageView=image&minPrice=&urlLangId=-1&categoryId=28164&storeId=10601#" class="compare compare-add">Compare</a>
				</div>
			
				<a href="http://shop.coles.com.au/online/national/coles-beef-mince-4-star-lean" class="product-url accessibility">More details for Coles&nbsp;4 Star Lean Beef Mince</a>
			
		</div>  
      

       	
		    <div role="presentation" aria-hidden="true" id="share" class="share" data-social="{productImgUrl:&#39;http://shop.coles.com.au:27900/wcsstore/Coles-CAS/images/8/8/5/8850450-th.jpg&#39;
	                                               ,productDisplayUrl:&#39;http://shop.coles.com.au/online/national/coles-beef-mince-4-star-lean&#39;
	                                               ,title:&#39;Coles 4 Star Lean Beef Mince  &#39;
	                                               ,description:&#39;4 Star Lean Beef Mince 500g 9x7&#39;}">
		 	</div>
 		
	</div>
</div>


	</form>
</div>


<span class="available hidden"></span>


<div class="outer-prod prodtile" data-refresh="{
					catalogId: &quot;10576&quot;,
					doInventory: &quot;N&quot;,
					fulfillmentCenterId: &quot;11576&quot;,
					forStoreId: &quot;10401&quot;,
					
					productDisplayURL: &quot;http://shop.coles.com.au/online/national/coles-beef-lean-5-star-mince&quot;				
			}">
	<form id="catEntryForm_102417" name="catEntryForm_102417" action="http://shop.coles.com.au/online/AjaxOrderChangeServiceItemAdd">
		
<div class=" " data-catentry="catEntry_102417" data-refresh="{
				addCalculationUsage: &quot;-1&quot;,
				langId: &quot;-1&quot;,
				storeId: &quot;10601&quot;, 
				catEntryId: &quot;102417&quot;, 
				catEntryName: &quot;5 Star Lean Beef Mince&quot;, 
				productView: &quot;list&quot;,
				productId: &quot;102417&quot;,
				itemId: &quot;164210&quot;,
				hideMultibuy: &quot;false&quot;,
                ticketType: &quot;&quot;,
                partNumber: &quot;8850654&quot;,
                offerCode: &quot;20140723&quot;
		}">
   	<div class="wrapper clearfix">   	
		

<h4 class="accessibility" id="heading_102417" tabindex="-1">
		Coles&nbsp;5 Star Lean Beef Mince&nbsp;
		500g&nbsp;
		 
</h4> 

<div class="offer-icon"></div>
<a role="presentation" aria-hidden="true" class="product-url" href="http://shop.coles.com.au/online/national/coles-beef-lean-5-star-mince">
	    <img role="presentation" aria-hidden="true" class="photo" src="./beef_files/8850654-th.jpg" onerror="this.src=&#39;/wcsstore/ColesStorefrontAssetStore/dist/e0a775baf05f/images/spacer.gif&#39;" alt="5 Star Lean Beef Mince" width="110" height="110">
	</a>

<div class="detail">	
    <span role="presentation" aria-hidden="true" class="brand">Coles</span>
    <span class="item" role="presentation" aria-hidden="true">
        <a role="presentation" aria-hidden="true" class="product-url" href="http://shop.coles.com.au/online/national/coles-beef-lean-5-star-mince">
        	5 Star Lean Beef Mince&nbsp;
        	500g
        </a>
    </span>
	<span class="size">
			
 	</span>
</div>


	<div class="purchasing">	    
	    <div class="saving">
	    	
	    </div>
	   	
	    		<div class="price"><span class="accessibility">Purchase price </span><small>$</small>7.00</div>
	    	
	    <div class="unit-price"><span class="accessibility">Unit price </span>$14.00 per 1Kg</div>
	    <div class="special-offer">	    	
	    	
	    </div> 
	    <div class="availability">Temporarily unavailable</div>
	    <div class="purchase">
		
			<input type="number" title="Add Quantity for Coles 5 Star Lean Beef Mince 500g" name="quantity" id="catEntry_102417_qty" value="1" maxlength="2" size="2" class="v-mandatory v-numeric v-minval-1">
	        <button role="button" type="submit" title="Add to trolley Coles 5 Star Lean Beef Mince 500g" class="btn-red action-addToTrolley"><span role="presentation" aria-hidden="true">Add to trolley</span></button>
		
		</div>
	</div>
	<div class="lists">
		
	</div>


	    <div class="actions">
	        			
			   <div class="MUItemForTrolleyDiv MUItemForTrolley_164210" data-catentry="164210">
		         <div class="MUul_164210"><div class="MUli_164210 hidden" aria-hidden="true"><span class="inTrolley"><span class="MUSpan_164210">0</span> in trolley</span></div></div>
		       </div>
		        <p class="clear"></p>
			 
			<div class="member-usuals-remove">
				<a href="http://shop.coles.com.au/online/SearchDisplay?searchTermScope=&multiSearch=&searchType=2&maxPrice=&showResultsPage=true&langId=-1&beginIndex=0&sType=SimpleSearch&browseView=true&metaData=&manufacturer=&resultCatEntryType=&catalogId=10576&pageView=image&minPrice=&urlLangId=-1&categoryId=28164&storeId=10601#" class="action-removeFromUsuals usuals-remove">Remove from list <span class="accessibility">Coles 5 Star Lean Beef Mince 500g</span></a>			
			</div>
			
				<div class="list">
					<a href="http://shop.coles.com.au/online/SearchDisplay?searchTermScope=&multiSearch=&searchType=2&maxPrice=&showResultsPage=true&langId=-1&beginIndex=0&sType=SimpleSearch&browseView=true&metaData=&manufacturer=&resultCatEntryType=&catalogId=10576&pageView=image&minPrice=&urlLangId=-1&categoryId=28164&storeId=10601#" class="action-addToList action-list-add">Add to list <span class="accessibility">Coles 5 Star Lean Beef Mince 500g</span></a> 
				</div>
				<div class="member-list-add">
					<a href="http://shop.coles.com.au/online/SearchDisplay?searchTermScope=&multiSearch=&searchType=2&maxPrice=&showResultsPage=true&langId=-1&beginIndex=0&sType=SimpleSearch&browseView=true&metaData=&manufacturer=&resultCatEntryType=&catalogId=10576&pageView=image&minPrice=&urlLangId=-1&categoryId=28164&storeId=10601#" class="action-addToList action-list-add">Add to another list <span class="accessibility">Coles 5 Star Lean Beef Mince 500g</span></a>
				</div>
			
			<div class="member-list-remove">
				 <a href="http://shop.coles.com.au/online/SearchDisplay?searchTermScope=&multiSearch=&searchType=2&maxPrice=&showResultsPage=true&langId=-1&beginIndex=0&sType=SimpleSearch&browseView=true&metaData=&manufacturer=&resultCatEntryType=&catalogId=10576&pageView=image&minPrice=&urlLangId=-1&categoryId=28164&storeId=10601#" class="action-removeFromList">Remove from list <span class="accessibility">Coles 5 Star Lean Beef Mince 500g</span></a> 
			</div>
			
				<div class="compareProd" role="presentation" aria-hidden="true">
					<a href="http://shop.coles.com.au/online/SearchDisplay?searchTermScope=&multiSearch=&searchType=2&maxPrice=&showResultsPage=true&langId=-1&beginIndex=0&sType=SimpleSearch&browseView=true&metaData=&manufacturer=&resultCatEntryType=&catalogId=10576&pageView=image&minPrice=&urlLangId=-1&categoryId=28164&storeId=10601#" class="compare compare-add">Compare</a>
				</div>
			
				<a href="http://shop.coles.com.au/online/national/coles-beef-lean-5-star-mince" class="product-url accessibility">More details for Coles&nbsp;5 Star Lean Beef Mince</a>
			
		</div>  
      

       	
		    <div role="presentation" aria-hidden="true" id="share" class="share" data-social="{productImgUrl:&#39;http://shop.coles.com.au:27900/wcsstore/Coles-CAS/images/8/8/5/8850654-th.jpg&#39;
	                                               ,productDisplayUrl:&#39;http://shop.coles.com.au/online/national/coles-beef-lean-5-star-mince&#39;
	                                               ,title:&#39;Coles 5 Star Lean Beef Mince  &#39;
	                                               ,description:&#39;5 Star Extra Lean Beef Mince 500g 9x7&#39;}">
		 	</div>
 		
	</div>
</div>


	</form>
</div>

					<div class="espot marketed-eSpot">
						
					</div>
					

<span class="available hidden"></span>


<div class="outer-prod prodtile" data-refresh="{
					catalogId: &quot;10576&quot;,
					doInventory: &quot;N&quot;,
					fulfillmentCenterId: &quot;11576&quot;,
					forStoreId: &quot;10401&quot;,
					
					productDisplayURL: &quot;http://shop.coles.com.au/online/national/coles-beef-mince-3-star&quot;				
			}">
	<form id="catEntryForm_10380" name="catEntryForm_10380" action="http://shop.coles.com.au/online/AjaxOrderChangeServiceItemAdd">
		
<div class=" " data-catentry="catEntry_10380" data-refresh="{
				addCalculationUsage: &quot;-1&quot;,
				langId: &quot;-1&quot;,
				storeId: &quot;10601&quot;, 
				catEntryId: &quot;10380&quot;, 
				catEntryName: &quot;3 Star Beef Mince&quot;, 
				productView: &quot;list&quot;,
				productId: &quot;10380&quot;,
				itemId: &quot;29143&quot;,
				hideMultibuy: &quot;false&quot;,
                ticketType: &quot;&quot;,
                partNumber: &quot;8850814&quot;,
                offerCode: &quot;20150130&quot;
		}">
   	<div class="wrapper clearfix">   	
		

<h4 class="accessibility" id="heading_10380" tabindex="-1">
		Coles&nbsp;3 Star Beef Mince&nbsp;
		1kg&nbsp;
		 
</h4> 

<div class="offer-icon"></div>
<a role="presentation" aria-hidden="true" class="product-url" href="http://shop.coles.com.au/online/national/coles-beef-mince-3-star">
	    <img role="presentation" aria-hidden="true" class="photo" src="./beef_files/8850814-th.jpg" onerror="this.src=&#39;/wcsstore/ColesStorefrontAssetStore/dist/e0a775baf05f/images/spacer.gif&#39;" alt="3 Star Beef Mince" width="110" height="110">
	</a>

<div class="detail">	
    <span role="presentation" aria-hidden="true" class="brand">Coles</span>
    <span class="item" role="presentation" aria-hidden="true">
        <a role="presentation" aria-hidden="true" class="product-url" href="http://shop.coles.com.au/online/national/coles-beef-mince-3-star">
        	3 Star Beef Mince&nbsp;
        	1kg
        </a>
    </span>
	<span class="size">
			
 	</span>
</div>


	<div class="purchasing">	    
	    <div class="saving">
	    	
	    </div>
	   	
	    		<div class="price"><span class="accessibility">Purchase price </span><small>$</small>6.00</div>
	    	
	    <div class="unit-price"><span class="accessibility">Unit price </span>$6.00 per 1Kg</div>
	    <div class="special-offer">	    	
	    	
	    </div> 
	    <div class="availability">Temporarily unavailable</div>
	    <div class="purchase">
		
			<input type="number" title="Add Quantity for Coles 3 Star Beef Mince 1kg" name="quantity" id="catEntry_10380_qty" value="1" maxlength="2" size="2" class="v-mandatory v-numeric v-minval-1">
	        <button role="button" type="submit" title="Add to trolley Coles 3 Star Beef Mince 1kg" class="btn-red action-addToTrolley"><span role="presentation" aria-hidden="true">Add to trolley</span></button>
		
		</div>
	</div>
	<div class="lists">
		
	</div>


	    <div class="actions">
	        			
			   <div class="MUItemForTrolleyDiv MUItemForTrolley_29143" data-catentry="29143">
		         <div class="MUul_29143"><div class="MUli_29143 hidden" aria-hidden="true"><span class="inTrolley"><span class="MUSpan_29143">0</span> in trolley</span></div></div>
		       </div>
		        <p class="clear"></p>
			 
			<div class="member-usuals-remove">
				<a href="http://shop.coles.com.au/online/SearchDisplay?searchTermScope=&multiSearch=&searchType=2&maxPrice=&showResultsPage=true&langId=-1&beginIndex=0&sType=SimpleSearch&browseView=true&metaData=&manufacturer=&resultCatEntryType=&catalogId=10576&pageView=image&minPrice=&urlLangId=-1&categoryId=28164&storeId=10601#" class="action-removeFromUsuals usuals-remove">Remove from list <span class="accessibility">Coles 3 Star Beef Mince 1kg</span></a>			
			</div>
			
				<div class="list">
					<a href="http://shop.coles.com.au/online/SearchDisplay?searchTermScope=&multiSearch=&searchType=2&maxPrice=&showResultsPage=true&langId=-1&beginIndex=0&sType=SimpleSearch&browseView=true&metaData=&manufacturer=&resultCatEntryType=&catalogId=10576&pageView=image&minPrice=&urlLangId=-1&categoryId=28164&storeId=10601#" class="action-addToList action-list-add">Add to list <span class="accessibility">Coles 3 Star Beef Mince 1kg</span></a> 
				</div>
				<div class="member-list-add">
					<a href="http://shop.coles.com.au/online/SearchDisplay?searchTermScope=&multiSearch=&searchType=2&maxPrice=&showResultsPage=true&langId=-1&beginIndex=0&sType=SimpleSearch&browseView=true&metaData=&manufacturer=&resultCatEntryType=&catalogId=10576&pageView=image&minPrice=&urlLangId=-1&categoryId=28164&storeId=10601#" class="action-addToList action-list-add">Add to another list <span class="accessibility">Coles 3 Star Beef Mince 1kg</span></a>
				</div>
			
			<div class="member-list-remove">
				 <a href="http://shop.coles.com.au/online/SearchDisplay?searchTermScope=&multiSearch=&searchType=2&maxPrice=&showResultsPage=true&langId=-1&beginIndex=0&sType=SimpleSearch&browseView=true&metaData=&manufacturer=&resultCatEntryType=&catalogId=10576&pageView=image&minPrice=&urlLangId=-1&categoryId=28164&storeId=10601#" class="action-removeFromList">Remove from list <span class="accessibility">Coles 3 Star Beef Mince 1kg</span></a> 
			</div>
			
				<div class="compareProd" role="presentation" aria-hidden="true">
					<a href="http://shop.coles.com.au/online/SearchDisplay?searchTermScope=&multiSearch=&searchType=2&maxPrice=&showResultsPage=true&langId=-1&beginIndex=0&sType=SimpleSearch&browseView=true&metaData=&manufacturer=&resultCatEntryType=&catalogId=10576&pageView=image&minPrice=&urlLangId=-1&categoryId=28164&storeId=10601#" class="compare compare-add">Compare</a>
				</div>
			
				<a href="http://shop.coles.com.au/online/national/coles-beef-mince-3-star" class="product-url accessibility">More details for Coles&nbsp;3 Star Beef Mince</a>
			
		</div>  
      

       	
		    <div role="presentation" aria-hidden="true" id="share" class="share" data-social="{productImgUrl:&#39;http://shop.coles.com.au:27900/wcsstore/Coles-CAS/images/8/8/5/8850814-th.jpg&#39;
	                                               ,productDisplayUrl:&#39;http://shop.coles.com.au/online/national/coles-beef-mince-3-star&#39;
	                                               ,title:&#39;Coles 3 Star Beef Mince  &#39;
	                                               ,description:&#39;3 Star Regular Beef Mince set weight 1kg&#39;}">
		 	</div>
 		
	</div>
</div>


	</form>
</div>


<span class="available hidden"></span>


<div class="outer-prod prodtile" data-refresh="{
					catalogId: &quot;10576&quot;,
					doInventory: &quot;N&quot;,
					fulfillmentCenterId: &quot;11576&quot;,
					forStoreId: &quot;10401&quot;,
					
					productDisplayURL: &quot;http://shop.coles.com.au/online/national/coles-beef-mince-3-star-8850188p&quot;				
			}">
	<form id="catEntryForm_51898" name="catEntryForm_51898" action="http://shop.coles.com.au/online/AjaxOrderChangeServiceItemAdd">
		
<div class=" " data-catentry="catEntry_51898" data-refresh="{
				addCalculationUsage: &quot;-1&quot;,
				langId: &quot;-1&quot;,
				storeId: &quot;10601&quot;, 
				catEntryId: &quot;51898&quot;, 
				catEntryName: &quot;3 Star Beef Mince&quot;, 
				productView: &quot;list&quot;,
				productId: &quot;51898&quot;,
				itemId: &quot;168722&quot;,
				hideMultibuy: &quot;false&quot;,
                ticketType: &quot;&quot;,
                partNumber: &quot;8850188&quot;,
                offerCode: &quot;20150130&quot;
		}">
   	<div class="wrapper clearfix">   	
		

<h4 class="accessibility" id="heading_51898" tabindex="-1">
		Coles&nbsp;3 Star Beef Mince&nbsp;
		500g&nbsp;
		 
</h4> 

<div class="offer-icon"></div>
<a role="presentation" aria-hidden="true" class="product-url" href="http://shop.coles.com.au/online/national/coles-beef-mince-3-star-8850188p">
	    <img role="presentation" aria-hidden="true" class="photo" src="./beef_files/8850188-th.jpg" onerror="this.src=&#39;/wcsstore/ColesStorefrontAssetStore/dist/e0a775baf05f/images/spacer.gif&#39;" alt="3 Star Beef Mince" width="110" height="110">
	</a>

<div class="detail">	
    <span role="presentation" aria-hidden="true" class="brand">Coles</span>
    <span class="item" role="presentation" aria-hidden="true">
        <a role="presentation" aria-hidden="true" class="product-url" href="http://shop.coles.com.au/online/national/coles-beef-mince-3-star-8850188p">
        	3 Star Beef Mince&nbsp;
        	500g
        </a>
    </span>
	<span class="size">
			
 	</span>
</div>


	<div class="purchasing">	    
	    <div class="saving">
	    	
	    </div>
	   	
	    		<div class="price"><span class="accessibility">Purchase price </span><small>$</small>3.50</div>
	    	
	    <div class="unit-price"><span class="accessibility">Unit price </span>$7.00 per 1Kg</div>
	    <div class="special-offer">	    	
	    	
	    </div> 
	    <div class="availability">Temporarily unavailable</div>
	    <div class="purchase">
		
			<input type="number" title="Add Quantity for Coles 3 Star Beef Mince 500g" name="quantity" id="catEntry_51898_qty" value="1" maxlength="2" size="2" class="v-mandatory v-numeric v-minval-1">
	        <button role="button" type="submit" title="Add to trolley Coles 3 Star Beef Mince 500g" class="btn-red action-addToTrolley"><span role="presentation" aria-hidden="true">Add to trolley</span></button>
		
		</div>
	</div>
	<div class="lists">
		
	</div>


	    <div class="actions">
	        			
			   <div class="MUItemForTrolleyDiv MUItemForTrolley_168722" data-catentry="168722">
		         <div class="MUul_168722"><div class="MUli_168722 hidden" aria-hidden="true"><span class="inTrolley"><span class="MUSpan_168722">0</span> in trolley</span></div></div>
		       </div>
		        <p class="clear"></p>
			 
			<div class="member-usuals-remove">
				<a href="http://shop.coles.com.au/online/SearchDisplay?searchTermScope=&multiSearch=&searchType=2&maxPrice=&showResultsPage=true&langId=-1&beginIndex=0&sType=SimpleSearch&browseView=true&metaData=&manufacturer=&resultCatEntryType=&catalogId=10576&pageView=image&minPrice=&urlLangId=-1&categoryId=28164&storeId=10601#" class="action-removeFromUsuals usuals-remove">Remove from list <span class="accessibility">Coles 3 Star Beef Mince 500g</span></a>			
			</div>
			
				<div class="list">
					<a href="http://shop.coles.com.au/online/SearchDisplay?searchTermScope=&multiSearch=&searchType=2&maxPrice=&showResultsPage=true&langId=-1&beginIndex=0&sType=SimpleSearch&browseView=true&metaData=&manufacturer=&resultCatEntryType=&catalogId=10576&pageView=image&minPrice=&urlLangId=-1&categoryId=28164&storeId=10601#" class="action-addToList action-list-add">Add to list <span class="accessibility">Coles 3 Star Beef Mince 500g</span></a> 
				</div>
				<div class="member-list-add">
					<a href="http://shop.coles.com.au/online/SearchDisplay?searchTermScope=&multiSearch=&searchType=2&maxPrice=&showResultsPage=true&langId=-1&beginIndex=0&sType=SimpleSearch&browseView=true&metaData=&manufacturer=&resultCatEntryType=&catalogId=10576&pageView=image&minPrice=&urlLangId=-1&categoryId=28164&storeId=10601#" class="action-addToList action-list-add">Add to another list <span class="accessibility">Coles 3 Star Beef Mince 500g</span></a>
				</div>
			
			<div class="member-list-remove">
				 <a href="http://shop.coles.com.au/online/SearchDisplay?searchTermScope=&multiSearch=&searchType=2&maxPrice=&showResultsPage=true&langId=-1&beginIndex=0&sType=SimpleSearch&browseView=true&metaData=&manufacturer=&resultCatEntryType=&catalogId=10576&pageView=image&minPrice=&urlLangId=-1&categoryId=28164&storeId=10601#" class="action-removeFromList">Remove from list <span class="accessibility">Coles 3 Star Beef Mince 500g</span></a> 
			</div>
			
				<div class="compareProd" role="presentation" aria-hidden="true">
					<a href="http://shop.coles.com.au/online/SearchDisplay?searchTermScope=&multiSearch=&searchType=2&maxPrice=&showResultsPage=true&langId=-1&beginIndex=0&sType=SimpleSearch&browseView=true&metaData=&manufacturer=&resultCatEntryType=&catalogId=10576&pageView=image&minPrice=&urlLangId=-1&categoryId=28164&storeId=10601#" class="compare compare-add">Compare</a>
				</div>
			
				<a href="http://shop.coles.com.au/online/national/coles-beef-mince-3-star-8850188p" class="product-url accessibility">More details for Coles&nbsp;3 Star Beef Mince</a>
			
		</div>  
      

       	
		    <div role="presentation" aria-hidden="true" id="share" class="share" data-social="{productImgUrl:&#39;http://shop.coles.com.au:27900/wcsstore/Coles-CAS/images/8/8/5/8850188-th.jpg&#39;
	                                               ,productDisplayUrl:&#39;http://shop.coles.com.au/online/national/coles-beef-mince-3-star-8850188p&#39;
	                                               ,title:&#39;Coles 3 Star Beef Mince  &#39;
	                                               ,description:&#39;3 Star Regular Beef Mince set weight  9x7 500g&#39;}">
		 	</div>
 		
	</div>
</div>


	</form>
</div>


<span class="available hidden"></span>


<div class="outer-prod prodtile" data-refresh="{
					catalogId: &quot;10576&quot;,
					doInventory: &quot;N&quot;,
					fulfillmentCenterId: &quot;11576&quot;,
					forStoreId: &quot;10401&quot;,
					
					productDisplayURL: &quot;http://shop.coles.com.au/online/national/coles-beef-stir-fry-9990965p&quot;				
			}">
	<form id="catEntryForm_93936" name="catEntryForm_93936" action="http://shop.coles.com.au/online/AjaxOrderChangeServiceItemAdd">
		
<div class=" " data-catentry="catEntry_93936" data-refresh="{
				addCalculationUsage: &quot;-1&quot;,
				langId: &quot;-1&quot;,
				storeId: &quot;10601&quot;, 
				catEntryId: &quot;93936&quot;, 
				catEntryName: &quot;Beef Stir Fry Strips&quot;, 
				productView: &quot;list&quot;,
				productId: &quot;93936&quot;,
				itemId: &quot;154661&quot;,
				hideMultibuy: &quot;false&quot;,
                ticketType: &quot;&quot;,
                partNumber: &quot;9990965&quot;,
                offerCode: &quot;20140813&quot;
		}">
   	<div class="wrapper clearfix">   	
		

<h4 class="accessibility" id="heading_93936" tabindex="-1">
		Coles&nbsp;Beef Stir Fry Strips&nbsp;
		500g&nbsp;
		 
</h4> 

<div class="offer-icon"></div>
<a role="presentation" aria-hidden="true" class="product-url" href="http://shop.coles.com.au/online/national/coles-beef-stir-fry-9990965p">
	    <img role="presentation" aria-hidden="true" class="photo" src="./beef_files/9990965-th.jpg" onerror="this.src=&#39;/wcsstore/ColesStorefrontAssetStore/dist/e0a775baf05f/images/spacer.gif&#39;" alt="Beef Stir Fry Strips" width="110" height="110">
	</a>

<div class="detail">	
    <span role="presentation" aria-hidden="true" class="brand">Coles</span>
    <span class="item" role="presentation" aria-hidden="true">
        <a role="presentation" aria-hidden="true" class="product-url" href="http://shop.coles.com.au/online/national/coles-beef-stir-fry-9990965p">
        	Beef Stir Fry Strips&nbsp;
        	500g
        </a>
    </span>
	<span class="size">
			
 	</span>
</div>


	<div class="purchasing">	    
	    <div class="saving">
	    	
	    </div>
	   	
	    		<div class="price"><span class="accessibility">Purchase price </span><small>$</small>8.50</div>
	    	
	    <div class="unit-price"><span class="accessibility">Unit price </span>$17.00 per 1Kg</div>
	    <div class="special-offer">	    	
	    	
	    </div> 
	    <div class="availability">Temporarily unavailable</div>
	    <div class="purchase">
		
			<input type="number" title="Add Quantity for Coles Beef Stir Fry Strips 500g" name="quantity" id="catEntry_93936_qty" value="1" maxlength="2" size="2" class="v-mandatory v-numeric v-minval-1">
	        <button role="button" type="submit" title="Add to trolley Coles Beef Stir Fry Strips 500g" class="btn-red action-addToTrolley"><span role="presentation" aria-hidden="true">Add to trolley</span></button>
		
		</div>
	</div>
	<div class="lists">
		
	</div>


	    <div class="actions">
	        			
			   <div class="MUItemForTrolleyDiv MUItemForTrolley_154661" data-catentry="154661">
		         <div class="MUul_154661"><div class="MUli_154661 hidden" aria-hidden="true"><span class="inTrolley"><span class="MUSpan_154661">0</span> in trolley</span></div></div>
		       </div>
		        <p class="clear"></p>
			 
			<div class="member-usuals-remove">
				<a href="http://shop.coles.com.au/online/SearchDisplay?searchTermScope=&multiSearch=&searchType=2&maxPrice=&showResultsPage=true&langId=-1&beginIndex=0&sType=SimpleSearch&browseView=true&metaData=&manufacturer=&resultCatEntryType=&catalogId=10576&pageView=image&minPrice=&urlLangId=-1&categoryId=28164&storeId=10601#" class="action-removeFromUsuals usuals-remove">Remove from list <span class="accessibility">Coles Beef Stir Fry Strips 500g</span></a>			
			</div>
			
				<div class="list">
					<a href="http://shop.coles.com.au/online/SearchDisplay?searchTermScope=&multiSearch=&searchType=2&maxPrice=&showResultsPage=true&langId=-1&beginIndex=0&sType=SimpleSearch&browseView=true&metaData=&manufacturer=&resultCatEntryType=&catalogId=10576&pageView=image&minPrice=&urlLangId=-1&categoryId=28164&storeId=10601#" class="action-addToList action-list-add">Add to list <span class="accessibility">Coles Beef Stir Fry Strips 500g</span></a> 
				</div>
				<div class="member-list-add">
					<a href="http://shop.coles.com.au/online/SearchDisplay?searchTermScope=&multiSearch=&searchType=2&maxPrice=&showResultsPage=true&langId=-1&beginIndex=0&sType=SimpleSearch&browseView=true&metaData=&manufacturer=&resultCatEntryType=&catalogId=10576&pageView=image&minPrice=&urlLangId=-1&categoryId=28164&storeId=10601#" class="action-addToList action-list-add">Add to another list <span class="accessibility">Coles Beef Stir Fry Strips 500g</span></a>
				</div>
			
			<div class="member-list-remove">
				 <a href="http://shop.coles.com.au/online/SearchDisplay?searchTermScope=&multiSearch=&searchType=2&maxPrice=&showResultsPage=true&langId=-1&beginIndex=0&sType=SimpleSearch&browseView=true&metaData=&manufacturer=&resultCatEntryType=&catalogId=10576&pageView=image&minPrice=&urlLangId=-1&categoryId=28164&storeId=10601#" class="action-removeFromList">Remove from list <span class="accessibility">Coles Beef Stir Fry Strips 500g</span></a> 
			</div>
			
				<div class="compareProd" role="presentation" aria-hidden="true">
					<a href="http://shop.coles.com.au/online/SearchDisplay?searchTermScope=&multiSearch=&searchType=2&maxPrice=&showResultsPage=true&langId=-1&beginIndex=0&sType=SimpleSearch&browseView=true&metaData=&manufacturer=&resultCatEntryType=&catalogId=10576&pageView=image&minPrice=&urlLangId=-1&categoryId=28164&storeId=10601#" class="compare compare-add">Compare</a>
				</div>
			
				<a href="http://shop.coles.com.au/online/national/coles-beef-stir-fry-9990965p" class="product-url accessibility">More details for Coles&nbsp;Beef Stir Fry Strips</a>
			
		</div>  
      

       	
		    <div role="presentation" aria-hidden="true" id="share" class="share" data-social="{productImgUrl:&#39;http://shop.coles.com.au:27900/wcsstore/Coles-CAS/images/9/9/9/9990965-th.jpg&#39;
	                                               ,productDisplayUrl:&#39;http://shop.coles.com.au/online/national/coles-beef-stir-fry-9990965p&#39;
	                                               ,title:&#39;Coles Beef Stir Fry Strips  &#39;
	                                               ,description:&#39;Beef Stir Fry 500g&#39;}">
		 	</div>
 		
	</div>
</div>


	</form>
</div>


<span class="available hidden"></span>


<div class="outer-prod prodtile" data-refresh="{
					catalogId: &quot;10576&quot;,
					doInventory: &quot;N&quot;,
					fulfillmentCenterId: &quot;11576&quot;,
					forStoreId: &quot;10401&quot;,
					
					productDisplayURL: &quot;http://shop.coles.com.au/online/national/coles-beef-corned-silverside&quot;				
			}">
	<form id="catEntryForm_82886" name="catEntryForm_82886" action="http://shop.coles.com.au/online/AjaxOrderChangeServiceItemAdd">
		
<div class=" " data-catentry="catEntry_82886" data-refresh="{
				addCalculationUsage: &quot;-1&quot;,
				langId: &quot;-1&quot;,
				storeId: &quot;10601&quot;, 
				catEntryId: &quot;82886&quot;, 
				catEntryName: &quot;Corned Beef Silverside&quot;, 
				productView: &quot;list&quot;,
				productId: &quot;82886&quot;,
				itemId: &quot;145440&quot;,
				hideMultibuy: &quot;false&quot;,
                ticketType: &quot;&quot;,
                partNumber: &quot;434703&quot;,
                offerCode: &quot;20150114&quot;
		}">
   	<div class="wrapper clearfix">   	
		

<h4 class="accessibility" id="heading_82886" tabindex="-1">
		Coles&nbsp;Corned Beef Silverside&nbsp;
		approx. 1.45kg&nbsp;
		 
</h4> 

<div class="offer-icon"></div>
<a role="presentation" aria-hidden="true" class="product-url" href="http://shop.coles.com.au/online/national/coles-beef-corned-silverside">
	    <img role="presentation" aria-hidden="true" class="photo" src="./beef_files/434703-th.jpg" onerror="this.src=&#39;/wcsstore/ColesStorefrontAssetStore/dist/e0a775baf05f/images/spacer.gif&#39;" alt="Corned Beef Silverside" width="110" height="110">
	</a>

<div class="detail">	
    <span role="presentation" aria-hidden="true" class="brand">Coles</span>
    <span class="item" role="presentation" aria-hidden="true">
        <a role="presentation" aria-hidden="true" class="product-url" href="http://shop.coles.com.au/online/national/coles-beef-corned-silverside">
        	Corned Beef Silverside&nbsp;
        	approx. 1.45kg
        </a>
    </span>
	<span class="size">
		Indicated price based on approx. weight. Weight may vary between 1kg and 1.7kg.	
 	</span>
</div>


	<div class="purchasing">	    
	    <div class="saving">
	    	
	    </div>
	   	
	    		<div class="price"><span class="accessibility">Purchase price </span><small>$</small>10.15</div>
	    	
	    <div class="unit-price"><span class="accessibility">Unit price </span>$7.00 per 1Kg</div>
	    <div class="special-offer">	    	
	    	
	    </div> 
	    <div class="availability">Temporarily unavailable</div>
	    <div class="purchase">
		
			<input type="number" title="Add Quantity for Coles Corned Beef Silverside approx. 1.45kg" name="quantity" id="catEntry_82886_qty" value="1" maxlength="2" size="2" class="v-mandatory v-numeric v-minval-1">
	        <button role="button" type="submit" title="Add to trolley Coles Corned Beef Silverside approx. 1.45kg" class="btn-red action-addToTrolley"><span role="presentation" aria-hidden="true">Add to trolley</span></button>
		
		</div>
	</div>
	<div class="lists">
		
	</div>


	    <div class="actions">
	        			
			   <div class="MUItemForTrolleyDiv MUItemForTrolley_145440" data-catentry="145440">
		         <div class="MUul_145440"><div class="MUli_145440 hidden" aria-hidden="true"><span class="inTrolley"><span class="MUSpan_145440">0</span> in trolley</span></div></div>
		       </div>
		        <p class="clear"></p>
			 
			<div class="member-usuals-remove">
				<a href="http://shop.coles.com.au/online/SearchDisplay?searchTermScope=&multiSearch=&searchType=2&maxPrice=&showResultsPage=true&langId=-1&beginIndex=0&sType=SimpleSearch&browseView=true&metaData=&manufacturer=&resultCatEntryType=&catalogId=10576&pageView=image&minPrice=&urlLangId=-1&categoryId=28164&storeId=10601#" class="action-removeFromUsuals usuals-remove">Remove from list <span class="accessibility">Coles Corned Beef Silverside approx. 1.45kg</span></a>			
			</div>
			
				<div class="list">
					<a href="http://shop.coles.com.au/online/SearchDisplay?searchTermScope=&multiSearch=&searchType=2&maxPrice=&showResultsPage=true&langId=-1&beginIndex=0&sType=SimpleSearch&browseView=true&metaData=&manufacturer=&resultCatEntryType=&catalogId=10576&pageView=image&minPrice=&urlLangId=-1&categoryId=28164&storeId=10601#" class="action-addToList action-list-add">Add to list <span class="accessibility">Coles Corned Beef Silverside approx. 1.45kg</span></a> 
				</div>
				<div class="member-list-add">
					<a href="http://shop.coles.com.au/online/SearchDisplay?searchTermScope=&multiSearch=&searchType=2&maxPrice=&showResultsPage=true&langId=-1&beginIndex=0&sType=SimpleSearch&browseView=true&metaData=&manufacturer=&resultCatEntryType=&catalogId=10576&pageView=image&minPrice=&urlLangId=-1&categoryId=28164&storeId=10601#" class="action-addToList action-list-add">Add to another list <span class="accessibility">Coles Corned Beef Silverside approx. 1.45kg</span></a>
				</div>
			
			<div class="member-list-remove">
				 <a href="http://shop.coles.com.au/online/SearchDisplay?searchTermScope=&multiSearch=&searchType=2&maxPrice=&showResultsPage=true&langId=-1&beginIndex=0&sType=SimpleSearch&browseView=true&metaData=&manufacturer=&resultCatEntryType=&catalogId=10576&pageView=image&minPrice=&urlLangId=-1&categoryId=28164&storeId=10601#" class="action-removeFromList">Remove from list <span class="accessibility">Coles Corned Beef Silverside approx. 1.45kg</span></a> 
			</div>
			
				<div class="compareProd" role="presentation" aria-hidden="true">
					<a href="http://shop.coles.com.au/online/SearchDisplay?searchTermScope=&multiSearch=&searchType=2&maxPrice=&showResultsPage=true&langId=-1&beginIndex=0&sType=SimpleSearch&browseView=true&metaData=&manufacturer=&resultCatEntryType=&catalogId=10576&pageView=image&minPrice=&urlLangId=-1&categoryId=28164&storeId=10601#" class="compare compare-add">Compare</a>
				</div>
			
				<a href="http://shop.coles.com.au/online/national/coles-beef-corned-silverside" class="product-url accessibility">More details for Coles&nbsp;Corned Beef Silverside</a>
			
		</div>  
      

       	
		    <div role="presentation" aria-hidden="true" id="share" class="share" data-social="{productImgUrl:&#39;http://shop.coles.com.au:27900/wcsstore/Coles-CAS/images/4/3/4/434703-th.jpg&#39;
	                                               ,productDisplayUrl:&#39;http://shop.coles.com.au/online/national/coles-beef-corned-silverside&#39;
	                                               ,title:&#39;Coles Corned Beef Silverside Indicated price based on approx. weight. Weight may vary between 1kg and 1.7kg.&#39;
	                                               ,description:&#39;This is a beef product which is processed from the outside (silverside) muscles, cut into portion controlled pieces and pickled with a pineapple flavour cure, and vaccum packed in barrier bags&#39;}">
		 	</div>
 		
	</div>
</div>


	</form>
</div>


<span class="available hidden"></span>


<div class="outer-prod prodtile" data-refresh="{
					catalogId: &quot;10576&quot;,
					doInventory: &quot;N&quot;,
					fulfillmentCenterId: &quot;11576&quot;,
					forStoreId: &quot;10401&quot;,
					
					productDisplayURL: &quot;http://shop.coles.com.au/online/national/coles-beef-scotch-fillet-steak-434146p&quot;				
			}">
	<form id="catEntryForm_16649" name="catEntryForm_16649" action="http://shop.coles.com.au/online/AjaxOrderChangeServiceItemAdd">
		
<div class="promo save " data-catentry="catEntry_16649" data-refresh="{
				addCalculationUsage: &quot;-1&quot;,
				langId: &quot;-1&quot;,
				storeId: &quot;10601&quot;, 
				catEntryId: &quot;16649&quot;, 
				catEntryName: &quot;Beef Scotch Fillet Steak 2-3 Pieces&quot;, 
				productView: &quot;billboard&quot;,
				productId: &quot;16649&quot;,
				itemId: &quot;37573&quot;,
				hideMultibuy: &quot;false&quot;,
                ticketType: &quot;S&quot;,
                partNumber: &quot;434146&quot;,
                offerCode: &quot;107599415&quot;
		}">
   	<div class="wrapper clearfix">   	
		

<h4 class="accessibility" id="heading_16649" tabindex="-1">
		Coles&nbsp;Beef Scotch Fillet Steak 2-3 Pieces&nbsp;
		approx. 500g&nbsp;
		On special 
</h4> 

<div class="offer-icon"></div>
<a role="presentation" aria-hidden="true" class="product-url" href="http://shop.coles.com.au/online/national/coles-beef-scotch-fillet-steak-434146p">
	    <img role="presentation" aria-hidden="true" class="photo" src="./beef_files/434146-th.jpg" onerror="this.src=&#39;/wcsstore/ColesStorefrontAssetStore/dist/e0a775baf05f/images/spacer.gif&#39;" alt="Beef Scotch Fillet Steak 2-3 Pieces" width="110" height="110">
	</a>

<div class="detail">	
    <span role="presentation" aria-hidden="true" class="brand">Coles</span>
    <span class="item" role="presentation" aria-hidden="true">
        <a role="presentation" aria-hidden="true" class="product-url" href="http://shop.coles.com.au/online/national/coles-beef-scotch-fillet-steak-434146p">
        	Beef Scotch Fillet Steak 2-3 Pieces&nbsp;
        	approx. 500g
        </a>
    </span>
	<span class="size">
		Indicated price based on approx. weight. Weight may vary between 450g and 550g.	
 	</span>
</div>


	<div class="purchasing">	    
	    <div class="saving">
	    	
	    		<span class="accessibility">Original price</span> was $15.00 
	    		<span><span class="accessibility">You can</span> save $3.00</span>
	    	
	    </div>
	   	
	    		<div class="price"><span class="accessibility">Purchase price </span><small>$</small>12.00</div>
	    	
	    <div class="unit-price"><span class="accessibility">Unit price </span>$24.00 per 1Kg</div>
	    <div class="special-offer">	    	
	    	
	    </div> 
	    <div class="availability">Temporarily unavailable</div>
	    <div class="purchase">
		
			<input type="number" title="Add Quantity for Coles Beef Scotch Fillet Steak 2-3 Pieces approx. 500g" name="quantity" id="catEntry_16649_qty" value="1" maxlength="2" size="2" class="v-mandatory v-numeric v-minval-1">
	        <button role="button" type="submit" title="Add to trolley Coles Beef Scotch Fillet Steak 2-3 Pieces approx. 500g" class="btn-red action-addToTrolley"><span role="presentation" aria-hidden="true">Add to trolley</span></button>
		
		</div>
	</div>
	<div class="lists">
		
	</div>


	    <div class="actions">
	        			
			   <div class="MUItemForTrolleyDiv MUItemForTrolley_37573" data-catentry="37573">
		         <div class="MUul_37573"><div class="MUli_37573 hidden" aria-hidden="true"><span class="inTrolley"><span class="MUSpan_37573">0</span> in trolley</span></div></div>
		       </div>
		        <p class="clear"></p>
			 
			<div class="member-usuals-remove">
				<a href="http://shop.coles.com.au/online/SearchDisplay?searchTermScope=&multiSearch=&searchType=2&maxPrice=&showResultsPage=true&langId=-1&beginIndex=0&sType=SimpleSearch&browseView=true&metaData=&manufacturer=&resultCatEntryType=&catalogId=10576&pageView=image&minPrice=&urlLangId=-1&categoryId=28164&storeId=10601#" class="action-removeFromUsuals usuals-remove">Remove from list <span class="accessibility">Coles Beef Scotch Fillet Steak 2-3 Pieces approx. 500g</span></a>			
			</div>
			
				<div class="list">
					<a href="http://shop.coles.com.au/online/SearchDisplay?searchTermScope=&multiSearch=&searchType=2&maxPrice=&showResultsPage=true&langId=-1&beginIndex=0&sType=SimpleSearch&browseView=true&metaData=&manufacturer=&resultCatEntryType=&catalogId=10576&pageView=image&minPrice=&urlLangId=-1&categoryId=28164&storeId=10601#" class="action-addToList action-list-add">Add to list <span class="accessibility">Coles Beef Scotch Fillet Steak 2-3 Pieces approx. 500g</span></a> 
				</div>
				<div class="member-list-add">
					<a href="http://shop.coles.com.au/online/SearchDisplay?searchTermScope=&multiSearch=&searchType=2&maxPrice=&showResultsPage=true&langId=-1&beginIndex=0&sType=SimpleSearch&browseView=true&metaData=&manufacturer=&resultCatEntryType=&catalogId=10576&pageView=image&minPrice=&urlLangId=-1&categoryId=28164&storeId=10601#" class="action-addToList action-list-add">Add to another list <span class="accessibility">Coles Beef Scotch Fillet Steak 2-3 Pieces approx. 500g</span></a>
				</div>
			
			<div class="member-list-remove">
				 <a href="http://shop.coles.com.au/online/SearchDisplay?searchTermScope=&multiSearch=&searchType=2&maxPrice=&showResultsPage=true&langId=-1&beginIndex=0&sType=SimpleSearch&browseView=true&metaData=&manufacturer=&resultCatEntryType=&catalogId=10576&pageView=image&minPrice=&urlLangId=-1&categoryId=28164&storeId=10601#" class="action-removeFromList">Remove from list <span class="accessibility">Coles Beef Scotch Fillet Steak 2-3 Pieces approx. 500g</span></a> 
			</div>
			
				<div class="compareProd" role="presentation" aria-hidden="true">
					<a href="http://shop.coles.com.au/online/SearchDisplay?searchTermScope=&multiSearch=&searchType=2&maxPrice=&showResultsPage=true&langId=-1&beginIndex=0&sType=SimpleSearch&browseView=true&metaData=&manufacturer=&resultCatEntryType=&catalogId=10576&pageView=image&minPrice=&urlLangId=-1&categoryId=28164&storeId=10601#" class="compare compare-add">Compare</a>
				</div>
			
				<a href="http://shop.coles.com.au/online/national/coles-beef-scotch-fillet-steak-434146p" class="product-url accessibility">More details for Coles&nbsp;Beef Scotch Fillet Steak 2-3 Pieces</a>
			
		</div>  
      

       	
		    <div role="presentation" aria-hidden="true" id="share" class="share" data-social="{productImgUrl:&#39;http://shop.coles.com.au:27900/wcsstore/Coles-CAS/images/4/3/4/434146-th.jpg&#39;
	                                               ,productDisplayUrl:&#39;http://shop.coles.com.au/online/national/coles-beef-scotch-fillet-steak-434146p&#39;
	                                               ,title:&#39;Coles Beef Scotch Fillet Steak 2-3 Pieces Indicated price based on approx. weight. Weight may vary between 450g and 550g.&#39;
	                                               ,description:&#39;&#39;}">
		 	</div>
 		
	</div>
</div>


	</form>
</div>


<span class="available hidden"></span>


<div class="outer-prod prodtile" data-refresh="{
					catalogId: &quot;10576&quot;,
					doInventory: &quot;N&quot;,
					fulfillmentCenterId: &quot;11576&quot;,
					forStoreId: &quot;10401&quot;,
					
					productDisplayURL: &quot;http://shop.coles.com.au/online/national/coles-beef-porterhouse-steak&quot;				
			}">
	<form id="catEntryForm_14931" name="catEntryForm_14931" action="http://shop.coles.com.au/online/AjaxOrderChangeServiceItemAdd">
		
<div class=" " data-catentry="catEntry_14931" data-refresh="{
				addCalculationUsage: &quot;-1&quot;,
				langId: &quot;-1&quot;,
				storeId: &quot;10601&quot;, 
				catEntryId: &quot;14931&quot;, 
				catEntryName: &quot;Beef Porterhouse Steak 2-3 Pieces&quot;, 
				productView: &quot;list&quot;,
				productId: &quot;14931&quot;,
				itemId: &quot;28590&quot;,
				hideMultibuy: &quot;false&quot;,
                ticketType: &quot;&quot;,
                partNumber: &quot;9169634&quot;,
                offerCode: &quot;20150204&quot;
		}">
   	<div class="wrapper clearfix">   	
		

<h4 class="accessibility" id="heading_14931" tabindex="-1">
		Coles&nbsp;Beef Porterhouse Steak 2-3 Pieces&nbsp;
		approx. 400g&nbsp;
		 
</h4> 

<div class="offer-icon"></div>
<a role="presentation" aria-hidden="true" class="product-url" href="http://shop.coles.com.au/online/national/coles-beef-porterhouse-steak">
	    <img role="presentation" aria-hidden="true" class="photo" src="./beef_files/9169634-th.jpg" onerror="this.src=&#39;/wcsstore/ColesStorefrontAssetStore/dist/e0a775baf05f/images/spacer.gif&#39;" alt="Beef Porterhouse Steak 2-3 Pieces" width="110" height="110">
	</a>

<div class="detail">	
    <span role="presentation" aria-hidden="true" class="brand">Coles</span>
    <span class="item" role="presentation" aria-hidden="true">
        <a role="presentation" aria-hidden="true" class="product-url" href="http://shop.coles.com.au/online/national/coles-beef-porterhouse-steak">
        	Beef Porterhouse Steak 2-3 Pieces&nbsp;
        	approx. 400g
        </a>
    </span>
	<span class="size">
		Indicated price based on approx. weight. Weight may vary between 350g and 450g.	
 	</span>
</div>


	<div class="purchasing">	    
	    <div class="saving">
	    	
	    </div>
	   	
	    		<div class="price"><span class="accessibility">Purchase price </span><small>$</small>11.60</div>
	    	
	    <div class="unit-price"><span class="accessibility">Unit price </span>$29.00 per 1Kg</div>
	    <div class="special-offer">	    	
	    	
	    </div> 
	    <div class="availability">Temporarily unavailable</div>
	    <div class="purchase">
		
			<input type="number" title="Add Quantity for Coles Beef Porterhouse Steak 2-3 Pieces approx. 400g" name="quantity" id="catEntry_14931_qty" value="1" maxlength="2" size="2" class="v-mandatory v-numeric v-minval-1">
	        <button role="button" type="submit" title="Add to trolley Coles Beef Porterhouse Steak 2-3 Pieces approx. 400g" class="btn-red action-addToTrolley"><span role="presentation" aria-hidden="true">Add to trolley</span></button>
		
		</div>
	</div>
	<div class="lists">
		
	</div>


	    <div class="actions">
	        			
			   <div class="MUItemForTrolleyDiv MUItemForTrolley_28590" data-catentry="28590">
		         <div class="MUul_28590"><div class="MUli_28590 hidden" aria-hidden="true"><span class="inTrolley"><span class="MUSpan_28590">0</span> in trolley</span></div></div>
		       </div>
		        <p class="clear"></p>
			 
			<div class="member-usuals-remove">
				<a href="http://shop.coles.com.au/online/SearchDisplay?searchTermScope=&multiSearch=&searchType=2&maxPrice=&showResultsPage=true&langId=-1&beginIndex=0&sType=SimpleSearch&browseView=true&metaData=&manufacturer=&resultCatEntryType=&catalogId=10576&pageView=image&minPrice=&urlLangId=-1&categoryId=28164&storeId=10601#" class="action-removeFromUsuals usuals-remove">Remove from list <span class="accessibility">Coles Beef Porterhouse Steak 2-3 Pieces approx. 400g</span></a>			
			</div>
			
				<div class="list">
					<a href="http://shop.coles.com.au/online/SearchDisplay?searchTermScope=&multiSearch=&searchType=2&maxPrice=&showResultsPage=true&langId=-1&beginIndex=0&sType=SimpleSearch&browseView=true&metaData=&manufacturer=&resultCatEntryType=&catalogId=10576&pageView=image&minPrice=&urlLangId=-1&categoryId=28164&storeId=10601#" class="action-addToList action-list-add">Add to list <span class="accessibility">Coles Beef Porterhouse Steak 2-3 Pieces approx. 400g</span></a> 
				</div>
				<div class="member-list-add">
					<a href="http://shop.coles.com.au/online/SearchDisplay?searchTermScope=&multiSearch=&searchType=2&maxPrice=&showResultsPage=true&langId=-1&beginIndex=0&sType=SimpleSearch&browseView=true&metaData=&manufacturer=&resultCatEntryType=&catalogId=10576&pageView=image&minPrice=&urlLangId=-1&categoryId=28164&storeId=10601#" class="action-addToList action-list-add">Add to another list <span class="accessibility">Coles Beef Porterhouse Steak 2-3 Pieces approx. 400g</span></a>
				</div>
			
			<div class="member-list-remove">
				 <a href="http://shop.coles.com.au/online/SearchDisplay?searchTermScope=&multiSearch=&searchType=2&maxPrice=&showResultsPage=true&langId=-1&beginIndex=0&sType=SimpleSearch&browseView=true&metaData=&manufacturer=&resultCatEntryType=&catalogId=10576&pageView=image&minPrice=&urlLangId=-1&categoryId=28164&storeId=10601#" class="action-removeFromList">Remove from list <span class="accessibility">Coles Beef Porterhouse Steak 2-3 Pieces approx. 400g</span></a> 
			</div>
			
				<div class="compareProd" role="presentation" aria-hidden="true">
					<a href="http://shop.coles.com.au/online/SearchDisplay?searchTermScope=&multiSearch=&searchType=2&maxPrice=&showResultsPage=true&langId=-1&beginIndex=0&sType=SimpleSearch&browseView=true&metaData=&manufacturer=&resultCatEntryType=&catalogId=10576&pageView=image&minPrice=&urlLangId=-1&categoryId=28164&storeId=10601#" class="compare compare-add">Compare</a>
				</div>
			
				<a href="http://shop.coles.com.au/online/national/coles-beef-porterhouse-steak" class="product-url accessibility">More details for Coles&nbsp;Beef Porterhouse Steak 2-3 Pieces</a>
			
		</div>  
      

       	
		    <div role="presentation" aria-hidden="true" id="share" class="share" data-social="{productImgUrl:&#39;http://shop.coles.com.au:27900/wcsstore/Coles-CAS/images/9/1/6/9169634-th.jpg&#39;
	                                               ,productDisplayUrl:&#39;http://shop.coles.com.au/online/national/coles-beef-porterhouse-steak&#39;
	                                               ,title:&#39;Coles Beef Porterhouse Steak 2-3 Pieces Indicated price based on approx. weight. Weight may vary between 350g and 450g.&#39;
	                                               ,description:&#39;&#39;}">
		 	</div>
 		
	</div>
</div>


	</form>
</div>


<span class="available hidden"></span>


<div class="outer-prod prodtile" data-refresh="{
					catalogId: &quot;10576&quot;,
					doInventory: &quot;N&quot;,
					fulfillmentCenterId: &quot;11576&quot;,
					forStoreId: &quot;10401&quot;,
					
					productDisplayURL: &quot;http://shop.coles.com.au/online/national/coles-beef-rump-steak-434317p&quot;				
			}">
	<form id="catEntryForm_18793" name="catEntryForm_18793" action="http://shop.coles.com.au/online/AjaxOrderChangeServiceItemAdd">
		
<div class=" " data-catentry="catEntry_18793" data-refresh="{
				addCalculationUsage: &quot;-1&quot;,
				langId: &quot;-1&quot;,
				storeId: &quot;10601&quot;, 
				catEntryId: &quot;18793&quot;, 
				catEntryName: &quot;Beef Rump Steak&quot;, 
				productView: &quot;list&quot;,
				productId: &quot;18793&quot;,
				itemId: &quot;29722&quot;,
				hideMultibuy: &quot;false&quot;,
                ticketType: &quot;&quot;,
                partNumber: &quot;434317&quot;,
                offerCode: &quot;20150107&quot;
		}">
   	<div class="wrapper clearfix">   	
		

<h4 class="accessibility" id="heading_18793" tabindex="-1">
		Coles&nbsp;Beef Rump Steak&nbsp;
		approx. 450g&nbsp;
		 
</h4> 

<div class="offer-icon"></div>
<a role="presentation" aria-hidden="true" class="product-url" href="http://shop.coles.com.au/online/national/coles-beef-rump-steak-434317p">
	    <img role="presentation" aria-hidden="true" class="photo" src="./beef_files/434317-th.jpg" onerror="this.src=&#39;/wcsstore/ColesStorefrontAssetStore/dist/e0a775baf05f/images/spacer.gif&#39;" alt="Beef Rump Steak" width="110" height="110">
	</a>

<div class="detail">	
    <span role="presentation" aria-hidden="true" class="brand">Coles</span>
    <span class="item" role="presentation" aria-hidden="true">
        <a role="presentation" aria-hidden="true" class="product-url" href="http://shop.coles.com.au/online/national/coles-beef-rump-steak-434317p">
        	Beef Rump Steak&nbsp;
        	approx. 450g
        </a>
    </span>
	<span class="size">
		Indicated price based on approx. weight. Weight may vary between 400g and 500g.	
 	</span>
</div>


	<div class="purchasing">	    
	    <div class="saving">
	    	
	    </div>
	   	
	    		<div class="price"><span class="accessibility">Purchase price </span><small>$</small>7.65</div>
	    	
	    <div class="unit-price"><span class="accessibility">Unit price </span>$17.00 per 1Kg</div>
	    <div class="special-offer">	    	
	    	
	    </div> 
	    <div class="availability">Temporarily unavailable</div>
	    <div class="purchase">
		
			<input type="number" title="Add Quantity for Coles Beef Rump Steak approx. 450g" name="quantity" id="catEntry_18793_qty" value="1" maxlength="2" size="2" class="v-mandatory v-numeric v-minval-1">
	        <button role="button" type="submit" title="Add to trolley Coles Beef Rump Steak approx. 450g" class="btn-red action-addToTrolley"><span role="presentation" aria-hidden="true">Add to trolley</span></button>
		
		</div>
	</div>
	<div class="lists">
		
	</div>


	    <div class="actions">
	        			
			   <div class="MUItemForTrolleyDiv MUItemForTrolley_29722" data-catentry="29722">
		         <div class="MUul_29722"><div class="MUli_29722 hidden" aria-hidden="true"><span class="inTrolley"><span class="MUSpan_29722">0</span> in trolley</span></div></div>
		       </div>
		        <p class="clear"></p>
			 
			<div class="member-usuals-remove">
				<a href="http://shop.coles.com.au/online/SearchDisplay?searchTermScope=&multiSearch=&searchType=2&maxPrice=&showResultsPage=true&langId=-1&beginIndex=0&sType=SimpleSearch&browseView=true&metaData=&manufacturer=&resultCatEntryType=&catalogId=10576&pageView=image&minPrice=&urlLangId=-1&categoryId=28164&storeId=10601#" class="action-removeFromUsuals usuals-remove">Remove from list <span class="accessibility">Coles Beef Rump Steak approx. 450g</span></a>			
			</div>
			
				<div class="list">
					<a href="http://shop.coles.com.au/online/SearchDisplay?searchTermScope=&multiSearch=&searchType=2&maxPrice=&showResultsPage=true&langId=-1&beginIndex=0&sType=SimpleSearch&browseView=true&metaData=&manufacturer=&resultCatEntryType=&catalogId=10576&pageView=image&minPrice=&urlLangId=-1&categoryId=28164&storeId=10601#" class="action-addToList action-list-add">Add to list <span class="accessibility">Coles Beef Rump Steak approx. 450g</span></a> 
				</div>
				<div class="member-list-add">
					<a href="http://shop.coles.com.au/online/SearchDisplay?searchTermScope=&multiSearch=&searchType=2&maxPrice=&showResultsPage=true&langId=-1&beginIndex=0&sType=SimpleSearch&browseView=true&metaData=&manufacturer=&resultCatEntryType=&catalogId=10576&pageView=image&minPrice=&urlLangId=-1&categoryId=28164&storeId=10601#" class="action-addToList action-list-add">Add to another list <span class="accessibility">Coles Beef Rump Steak approx. 450g</span></a>
				</div>
			
			<div class="member-list-remove">
				 <a href="http://shop.coles.com.au/online/SearchDisplay?searchTermScope=&multiSearch=&searchType=2&maxPrice=&showResultsPage=true&langId=-1&beginIndex=0&sType=SimpleSearch&browseView=true&metaData=&manufacturer=&resultCatEntryType=&catalogId=10576&pageView=image&minPrice=&urlLangId=-1&categoryId=28164&storeId=10601#" class="action-removeFromList">Remove from list <span class="accessibility">Coles Beef Rump Steak approx. 450g</span></a> 
			</div>
			
				<div class="compareProd" role="presentation" aria-hidden="true">
					<a href="http://shop.coles.com.au/online/SearchDisplay?searchTermScope=&multiSearch=&searchType=2&maxPrice=&showResultsPage=true&langId=-1&beginIndex=0&sType=SimpleSearch&browseView=true&metaData=&manufacturer=&resultCatEntryType=&catalogId=10576&pageView=image&minPrice=&urlLangId=-1&categoryId=28164&storeId=10601#" class="compare compare-add">Compare</a>
				</div>
			
				<a href="http://shop.coles.com.au/online/national/coles-beef-rump-steak-434317p" class="product-url accessibility">More details for Coles&nbsp;Beef Rump Steak</a>
			
		</div>  
      

       	
		    <div role="presentation" aria-hidden="true" id="share" class="share" data-social="{productImgUrl:&#39;http://shop.coles.com.au:27900/wcsstore/Coles-CAS/images/4/3/4/434317-th.jpg&#39;
	                                               ,productDisplayUrl:&#39;http://shop.coles.com.au/online/national/coles-beef-rump-steak-434317p&#39;
	                                               ,title:&#39;Coles Beef Rump Steak Indicated price based on approx. weight. Weight may vary between 400g and 500g.&#39;
	                                               ,description:&#39;&#39;}">
		 	</div>
 		
	</div>
</div>


	</form>
</div>


<span class="available hidden"></span>


<div class="outer-prod prodtile" data-refresh="{
					catalogId: &quot;10576&quot;,
					doInventory: &quot;N&quot;,
					fulfillmentCenterId: &quot;11576&quot;,
					forStoreId: &quot;10401&quot;,
					
					productDisplayURL: &quot;http://shop.coles.com.au/online/national/coles-beef-diced&quot;				
			}">
	<form id="catEntryForm_93513" name="catEntryForm_93513" action="http://shop.coles.com.au/online/AjaxOrderChangeServiceItemAdd">
		
<div class=" " data-catentry="catEntry_93513" data-refresh="{
				addCalculationUsage: &quot;-1&quot;,
				langId: &quot;-1&quot;,
				storeId: &quot;10601&quot;, 
				catEntryId: &quot;93513&quot;, 
				catEntryName: &quot;Diced Beef&quot;, 
				productView: &quot;list&quot;,
				productId: &quot;93513&quot;,
				itemId: &quot;155865&quot;,
				hideMultibuy: &quot;false&quot;,
                ticketType: &quot;&quot;,
                partNumber: &quot;9989977&quot;,
                offerCode: &quot;20140813&quot;
		}">
   	<div class="wrapper clearfix">   	
		

<h4 class="accessibility" id="heading_93513" tabindex="-1">
		Coles&nbsp;Diced Beef&nbsp;
		500g&nbsp;
		 
</h4> 

<div class="offer-icon"></div>
<a role="presentation" aria-hidden="true" class="product-url" href="http://shop.coles.com.au/online/national/coles-beef-diced">
	    <img role="presentation" aria-hidden="true" class="photo" src="./beef_files/9989977-th.jpg" onerror="this.src=&#39;/wcsstore/ColesStorefrontAssetStore/dist/e0a775baf05f/images/spacer.gif&#39;" alt="Diced Beef" width="110" height="110">
	</a>

<div class="detail">	
    <span role="presentation" aria-hidden="true" class="brand">Coles</span>
    <span class="item" role="presentation" aria-hidden="true">
        <a role="presentation" aria-hidden="true" class="product-url" href="http://shop.coles.com.au/online/national/coles-beef-diced">
        	Diced Beef&nbsp;
        	500g
        </a>
    </span>
	<span class="size">
			
 	</span>
</div>


	<div class="purchasing">	    
	    <div class="saving">
	    	
	    </div>
	   	
	    		<div class="price"><span class="accessibility">Purchase price </span><small>$</small>8.50</div>
	    	
	    <div class="unit-price"><span class="accessibility">Unit price </span>$17.00 per 1Kg</div>
	    <div class="special-offer">	    	
	    	
	    </div> 
	    <div class="availability">Temporarily unavailable</div>
	    <div class="purchase">
		
			<input type="number" title="Add Quantity for Coles Diced Beef 500g" name="quantity" id="catEntry_93513_qty" value="1" maxlength="2" size="2" class="v-mandatory v-numeric v-minval-1">
	        <button role="button" type="submit" title="Add to trolley Coles Diced Beef 500g" class="btn-red action-addToTrolley"><span role="presentation" aria-hidden="true">Add to trolley</span></button>
		
		</div>
	</div>
	<div class="lists">
		
	</div>


	    <div class="actions">
	        			
			   <div class="MUItemForTrolleyDiv MUItemForTrolley_155865" data-catentry="155865">
		         <div class="MUul_155865"><div class="MUli_155865 hidden" aria-hidden="true"><span class="inTrolley"><span class="MUSpan_155865">0</span> in trolley</span></div></div>
		       </div>
		        <p class="clear"></p>
			 
			<div class="member-usuals-remove">
				<a href="http://shop.coles.com.au/online/SearchDisplay?searchTermScope=&multiSearch=&searchType=2&maxPrice=&showResultsPage=true&langId=-1&beginIndex=0&sType=SimpleSearch&browseView=true&metaData=&manufacturer=&resultCatEntryType=&catalogId=10576&pageView=image&minPrice=&urlLangId=-1&categoryId=28164&storeId=10601#" class="action-removeFromUsuals usuals-remove">Remove from list <span class="accessibility">Coles Diced Beef 500g</span></a>			
			</div>
			
				<div class="list">
					<a href="http://shop.coles.com.au/online/SearchDisplay?searchTermScope=&multiSearch=&searchType=2&maxPrice=&showResultsPage=true&langId=-1&beginIndex=0&sType=SimpleSearch&browseView=true&metaData=&manufacturer=&resultCatEntryType=&catalogId=10576&pageView=image&minPrice=&urlLangId=-1&categoryId=28164&storeId=10601#" class="action-addToList action-list-add">Add to list <span class="accessibility">Coles Diced Beef 500g</span></a> 
				</div>
				<div class="member-list-add">
					<a href="http://shop.coles.com.au/online/SearchDisplay?searchTermScope=&multiSearch=&searchType=2&maxPrice=&showResultsPage=true&langId=-1&beginIndex=0&sType=SimpleSearch&browseView=true&metaData=&manufacturer=&resultCatEntryType=&catalogId=10576&pageView=image&minPrice=&urlLangId=-1&categoryId=28164&storeId=10601#" class="action-addToList action-list-add">Add to another list <span class="accessibility">Coles Diced Beef 500g</span></a>
				</div>
			
			<div class="member-list-remove">
				 <a href="http://shop.coles.com.au/online/SearchDisplay?searchTermScope=&multiSearch=&searchType=2&maxPrice=&showResultsPage=true&langId=-1&beginIndex=0&sType=SimpleSearch&browseView=true&metaData=&manufacturer=&resultCatEntryType=&catalogId=10576&pageView=image&minPrice=&urlLangId=-1&categoryId=28164&storeId=10601#" class="action-removeFromList">Remove from list <span class="accessibility">Coles Diced Beef 500g</span></a> 
			</div>
			
				<div class="compareProd" role="presentation" aria-hidden="true">
					<a href="http://shop.coles.com.au/online/SearchDisplay?searchTermScope=&multiSearch=&searchType=2&maxPrice=&showResultsPage=true&langId=-1&beginIndex=0&sType=SimpleSearch&browseView=true&metaData=&manufacturer=&resultCatEntryType=&catalogId=10576&pageView=image&minPrice=&urlLangId=-1&categoryId=28164&storeId=10601#" class="compare compare-add">Compare</a>
				</div>
			
				<a href="http://shop.coles.com.au/online/national/coles-beef-diced" class="product-url accessibility">More details for Coles&nbsp;Diced Beef</a>
			
		</div>  
      

       	
		    <div role="presentation" aria-hidden="true" id="share" class="share" data-social="{productImgUrl:&#39;http://shop.coles.com.au:27900/wcsstore/Coles-CAS/images/9/9/8/9989977-th.jpg&#39;
	                                               ,productDisplayUrl:&#39;http://shop.coles.com.au/online/national/coles-beef-diced&#39;
	                                               ,title:&#39;Coles Diced Beef  &#39;
	                                               ,description:&#39;Diced Beef 500g&#39;}">
		 	</div>
 		
	</div>
</div>


	</form>
</div>


<span class="available hidden"></span>


<div class="outer-prod prodtile" data-refresh="{
					catalogId: &quot;10576&quot;,
					doInventory: &quot;N&quot;,
					fulfillmentCenterId: &quot;11576&quot;,
					forStoreId: &quot;10401&quot;,
					
					productDisplayURL: &quot;http://shop.coles.com.au/online/national/cleaver-organic-beef-mince&quot;				
			}">
	<form id="catEntryForm_105039" name="catEntryForm_105039" action="http://shop.coles.com.au/online/AjaxOrderChangeServiceItemAdd">
		
<div class=" " data-catentry="catEntry_105039" data-refresh="{
				addCalculationUsage: &quot;-1&quot;,
				langId: &quot;-1&quot;,
				storeId: &quot;10601&quot;, 
				catEntryId: &quot;105039&quot;, 
				catEntryName: &quot;Beef Mince&quot;, 
				productView: &quot;list&quot;,
				productId: &quot;105039&quot;,
				itemId: &quot;110708&quot;,
				hideMultibuy: &quot;false&quot;,
                ticketType: &quot;&quot;,
                partNumber: &quot;9224255&quot;,
                offerCode: &quot;20150202&quot;
		}">
   	<div class="wrapper clearfix">   	
		

<h4 class="accessibility" id="heading_105039" tabindex="-1">
		Cleavers Organic&nbsp;Beef Mince&nbsp;
		500g&nbsp;
		 
</h4> 

<div class="offer-icon"></div>
<a role="presentation" aria-hidden="true" class="product-url" href="http://shop.coles.com.au/online/national/cleaver-organic-beef-mince">
	    <img role="presentation" aria-hidden="true" class="photo" src="./beef_files/9224255-th.jpg" onerror="this.src=&#39;/wcsstore/ColesStorefrontAssetStore/dist/e0a775baf05f/images/spacer.gif&#39;" alt="Beef Mince" width="110" height="110">
	</a>

<div class="detail">	
    <span role="presentation" aria-hidden="true" class="brand">Cleavers Organic</span>
    <span class="item" role="presentation" aria-hidden="true">
        <a role="presentation" aria-hidden="true" class="product-url" href="http://shop.coles.com.au/online/national/cleaver-organic-beef-mince">
        	Beef Mince&nbsp;
        	500g
        </a>
    </span>
	<span class="size">
			
 	</span>
</div>


	<div class="purchasing">	    
	    <div class="saving">
	    	
	    </div>
	   	
	    		<div class="price"><span class="accessibility">Purchase price </span><small>$</small>9.00</div>
	    	
	    <div class="unit-price"><span class="accessibility">Unit price </span>$18.00 per 1Kg</div>
	    <div class="special-offer">	    	
	    	
	    </div> 
	    <div class="availability">Temporarily unavailable</div>
	    <div class="purchase">
		
			<input type="number" title="Add Quantity for Cleavers Organic Beef Mince 500g" name="quantity" id="catEntry_105039_qty" value="1" maxlength="2" size="2" class="v-mandatory v-numeric v-minval-1">
	        <button role="button" type="submit" title="Add to trolley Cleavers Organic Beef Mince 500g" class="btn-red action-addToTrolley"><span role="presentation" aria-hidden="true">Add to trolley</span></button>
		
		</div>
	</div>
	<div class="lists">
		
	</div>


	    <div class="actions">
	        			
			   <div class="MUItemForTrolleyDiv MUItemForTrolley_110708" data-catentry="110708">
		         <div class="MUul_110708"><div class="MUli_110708 hidden" aria-hidden="true"><span class="inTrolley"><span class="MUSpan_110708">0</span> in trolley</span></div></div>
		       </div>
		        <p class="clear"></p>
			 
			<div class="member-usuals-remove">
				<a href="http://shop.coles.com.au/online/SearchDisplay?searchTermScope=&multiSearch=&searchType=2&maxPrice=&showResultsPage=true&langId=-1&beginIndex=0&sType=SimpleSearch&browseView=true&metaData=&manufacturer=&resultCatEntryType=&catalogId=10576&pageView=image&minPrice=&urlLangId=-1&categoryId=28164&storeId=10601#" class="action-removeFromUsuals usuals-remove">Remove from list <span class="accessibility">Cleavers Organic Beef Mince 500g</span></a>			
			</div>
			
				<div class="list">
					<a href="http://shop.coles.com.au/online/SearchDisplay?searchTermScope=&multiSearch=&searchType=2&maxPrice=&showResultsPage=true&langId=-1&beginIndex=0&sType=SimpleSearch&browseView=true&metaData=&manufacturer=&resultCatEntryType=&catalogId=10576&pageView=image&minPrice=&urlLangId=-1&categoryId=28164&storeId=10601#" class="action-addToList action-list-add">Add to list <span class="accessibility">Cleavers Organic Beef Mince 500g</span></a> 
				</div>
				<div class="member-list-add">
					<a href="http://shop.coles.com.au/online/SearchDisplay?searchTermScope=&multiSearch=&searchType=2&maxPrice=&showResultsPage=true&langId=-1&beginIndex=0&sType=SimpleSearch&browseView=true&metaData=&manufacturer=&resultCatEntryType=&catalogId=10576&pageView=image&minPrice=&urlLangId=-1&categoryId=28164&storeId=10601#" class="action-addToList action-list-add">Add to another list <span class="accessibility">Cleavers Organic Beef Mince 500g</span></a>
				</div>
			
			<div class="member-list-remove">
				 <a href="http://shop.coles.com.au/online/SearchDisplay?searchTermScope=&multiSearch=&searchType=2&maxPrice=&showResultsPage=true&langId=-1&beginIndex=0&sType=SimpleSearch&browseView=true&metaData=&manufacturer=&resultCatEntryType=&catalogId=10576&pageView=image&minPrice=&urlLangId=-1&categoryId=28164&storeId=10601#" class="action-removeFromList">Remove from list <span class="accessibility">Cleavers Organic Beef Mince 500g</span></a> 
			</div>
			
				<div class="compareProd" role="presentation" aria-hidden="true">
					<a href="http://shop.coles.com.au/online/SearchDisplay?searchTermScope=&multiSearch=&searchType=2&maxPrice=&showResultsPage=true&langId=-1&beginIndex=0&sType=SimpleSearch&browseView=true&metaData=&manufacturer=&resultCatEntryType=&catalogId=10576&pageView=image&minPrice=&urlLangId=-1&categoryId=28164&storeId=10601#" class="compare compare-add">Compare</a>
				</div>
			
				<a href="http://shop.coles.com.au/online/national/cleaver-organic-beef-mince" class="product-url accessibility">More details for Cleavers Organic&nbsp;Beef Mince</a>
			
		</div>  
      

       	
		    <div role="presentation" aria-hidden="true" id="share" class="share" data-social="{productImgUrl:&#39;http://shop.coles.com.au:27900/wcsstore/Coles-CAS/images/9/2/2/9224255-th.jpg&#39;
	                                               ,productDisplayUrl:&#39;http://shop.coles.com.au/online/national/cleaver-organic-beef-mince&#39;
	                                               ,title:&#39;Cleavers Organic Beef Mince &#39;
	                                               ,description:&#39;&#39;}">
		 	</div>
 		
	</div>
</div>


	</form>
</div>


<span class="available hidden"></span>


<div class="outer-prod prodtile" data-refresh="{
					catalogId: &quot;10576&quot;,
					doInventory: &quot;N&quot;,
					fulfillmentCenterId: &quot;11576&quot;,
					forStoreId: &quot;10401&quot;,
					
					productDisplayURL: &quot;http://shop.coles.com.au/online/national/cleaver-organic-beef-mince-extra-lean&quot;				
			}">
	<form id="catEntryForm_105792" name="catEntryForm_105792" action="http://shop.coles.com.au/online/AjaxOrderChangeServiceItemAdd">
		
<div class=" " data-catentry="catEntry_105792" data-refresh="{
				addCalculationUsage: &quot;-1&quot;,
				langId: &quot;-1&quot;,
				storeId: &quot;10601&quot;, 
				catEntryId: &quot;105792&quot;, 
				catEntryName: &quot;Extra Lean Beef Mince&quot;, 
				productView: &quot;list&quot;,
				productId: &quot;105792&quot;,
				itemId: &quot;166947&quot;,
				hideMultibuy: &quot;false&quot;,
                ticketType: &quot;&quot;,
                partNumber: &quot;9223332&quot;,
                offerCode: &quot;20150202&quot;
		}">
   	<div class="wrapper clearfix">   	
		

<h4 class="accessibility" id="heading_105792" tabindex="-1">
		Cleavers Organic&nbsp;Extra Lean Beef Mince&nbsp;
		500g&nbsp;
		 
</h4> 

<div class="offer-icon"></div>
<a role="presentation" aria-hidden="true" class="product-url" href="http://shop.coles.com.au/online/national/cleaver-organic-beef-mince-extra-lean">
	    <img role="presentation" aria-hidden="true" class="photo" src="./beef_files/9223332-th.jpg" onerror="this.src=&#39;/wcsstore/ColesStorefrontAssetStore/dist/e0a775baf05f/images/spacer.gif&#39;" alt="Extra Lean Beef Mince" width="110" height="110">
	</a>

<div class="detail">	
    <span role="presentation" aria-hidden="true" class="brand">Cleavers Organic</span>
    <span class="item" role="presentation" aria-hidden="true">
        <a role="presentation" aria-hidden="true" class="product-url" href="http://shop.coles.com.au/online/national/cleaver-organic-beef-mince-extra-lean">
        	Extra Lean Beef Mince&nbsp;
        	500g
        </a>
    </span>
	<span class="size">
			
 	</span>
</div>


	<div class="purchasing">	    
	    <div class="saving">
	    	
	    </div>
	   	
	    		<div class="price"><span class="accessibility">Purchase price </span><small>$</small>9.75</div>
	    	
	    <div class="unit-price"><span class="accessibility">Unit price </span>$19.50 per 1Kg</div>
	    <div class="special-offer">	    	
	    	
	    </div> 
	    <div class="availability">Temporarily unavailable</div>
	    <div class="purchase">
		
			<input type="number" title="Add Quantity for Cleavers Organic Extra Lean Beef Mince 500g" name="quantity" id="catEntry_105792_qty" value="1" maxlength="2" size="2" class="v-mandatory v-numeric v-minval-1">
	        <button role="button" type="submit" title="Add to trolley Cleavers Organic Extra Lean Beef Mince 500g" class="btn-red action-addToTrolley"><span role="presentation" aria-hidden="true">Add to trolley</span></button>
		
		</div>
	</div>
	<div class="lists">
		
	</div>


	    <div class="actions">
	        			
			   <div class="MUItemForTrolleyDiv MUItemForTrolley_166947" data-catentry="166947">
		         <div class="MUul_166947"><div class="MUli_166947 hidden" aria-hidden="true"><span class="inTrolley"><span class="MUSpan_166947">0</span> in trolley</span></div></div>
		       </div>
		        <p class="clear"></p>
			 
			<div class="member-usuals-remove">
				<a href="http://shop.coles.com.au/online/SearchDisplay?searchTermScope=&multiSearch=&searchType=2&maxPrice=&showResultsPage=true&langId=-1&beginIndex=0&sType=SimpleSearch&browseView=true&metaData=&manufacturer=&resultCatEntryType=&catalogId=10576&pageView=image&minPrice=&urlLangId=-1&categoryId=28164&storeId=10601#" class="action-removeFromUsuals usuals-remove">Remove from list <span class="accessibility">Cleavers Organic Extra Lean Beef Mince 500g</span></a>			
			</div>
			
				<div class="list">
					<a href="http://shop.coles.com.au/online/SearchDisplay?searchTermScope=&multiSearch=&searchType=2&maxPrice=&showResultsPage=true&langId=-1&beginIndex=0&sType=SimpleSearch&browseView=true&metaData=&manufacturer=&resultCatEntryType=&catalogId=10576&pageView=image&minPrice=&urlLangId=-1&categoryId=28164&storeId=10601#" class="action-addToList action-list-add">Add to list <span class="accessibility">Cleavers Organic Extra Lean Beef Mince 500g</span></a> 
				</div>
				<div class="member-list-add">
					<a href="http://shop.coles.com.au/online/SearchDisplay?searchTermScope=&multiSearch=&searchType=2&maxPrice=&showResultsPage=true&langId=-1&beginIndex=0&sType=SimpleSearch&browseView=true&metaData=&manufacturer=&resultCatEntryType=&catalogId=10576&pageView=image&minPrice=&urlLangId=-1&categoryId=28164&storeId=10601#" class="action-addToList action-list-add">Add to another list <span class="accessibility">Cleavers Organic Extra Lean Beef Mince 500g</span></a>
				</div>
			
			<div class="member-list-remove">
				 <a href="http://shop.coles.com.au/online/SearchDisplay?searchTermScope=&multiSearch=&searchType=2&maxPrice=&showResultsPage=true&langId=-1&beginIndex=0&sType=SimpleSearch&browseView=true&metaData=&manufacturer=&resultCatEntryType=&catalogId=10576&pageView=image&minPrice=&urlLangId=-1&categoryId=28164&storeId=10601#" class="action-removeFromList">Remove from list <span class="accessibility">Cleavers Organic Extra Lean Beef Mince 500g</span></a> 
			</div>
			
				<div class="compareProd" role="presentation" aria-hidden="true">
					<a href="http://shop.coles.com.au/online/SearchDisplay?searchTermScope=&multiSearch=&searchType=2&maxPrice=&showResultsPage=true&langId=-1&beginIndex=0&sType=SimpleSearch&browseView=true&metaData=&manufacturer=&resultCatEntryType=&catalogId=10576&pageView=image&minPrice=&urlLangId=-1&categoryId=28164&storeId=10601#" class="compare compare-add">Compare</a>
				</div>
			
				<a href="http://shop.coles.com.au/online/national/cleaver-organic-beef-mince-extra-lean" class="product-url accessibility">More details for Cleavers Organic&nbsp;Extra Lean Beef Mince</a>
			
		</div>  
      

       	
		    <div role="presentation" aria-hidden="true" id="share" class="share" data-social="{productImgUrl:&#39;http://shop.coles.com.au:27900/wcsstore/Coles-CAS/images/9/2/2/9223332-th.jpg&#39;
	                                               ,productDisplayUrl:&#39;http://shop.coles.com.au/online/national/cleaver-organic-beef-mince-extra-lean&#39;
	                                               ,title:&#39;Cleavers Organic Extra Lean Beef Mince &#39;
	                                               ,description:&#39;&#39;}">
		 	</div>
 		
	</div>
</div>


	</form>
</div>


<span class="available hidden"></span>


<div class="outer-prod prodtile" data-refresh="{
					catalogId: &quot;10576&quot;,
					doInventory: &quot;N&quot;,
					fulfillmentCenterId: &quot;11576&quot;,
					forStoreId: &quot;10401&quot;,
					
					productDisplayURL: &quot;http://shop.coles.com.au/online/national/coles-smart-buy-beef-rump-steak-economy-3-4-pieces&quot;				
			}">
	<form id="catEntryForm_103639" name="catEntryForm_103639" action="http://shop.coles.com.au/online/AjaxOrderChangeServiceItemAdd">
		
<div class=" " data-catentry="catEntry_103639" data-refresh="{
				addCalculationUsage: &quot;-1&quot;,
				langId: &quot;-1&quot;,
				storeId: &quot;10601&quot;, 
				catEntryId: &quot;103639&quot;, 
				catEntryName: &quot;Economy Beef Rump Steak 3-4 pieces&quot;, 
				productView: &quot;list&quot;,
				productId: &quot;103639&quot;,
				itemId: &quot;116316&quot;,
				hideMultibuy: &quot;false&quot;,
                ticketType: &quot;&quot;,
                partNumber: &quot;8600602&quot;,
                offerCode: &quot;20130509&quot;
		}">
   	<div class="wrapper clearfix">   	
		

<h4 class="accessibility" id="heading_103639" tabindex="-1">
		Coles Smart Buy&nbsp;Economy Beef Rump Steak 3-4 pieces&nbsp;
		approx. 1kg&nbsp;
		 
</h4> 

<div class="offer-icon"></div>
<a role="presentation" aria-hidden="true" class="product-url" href="http://shop.coles.com.au/online/national/coles-smart-buy-beef-rump-steak-economy-3-4-pieces">
	    <img role="presentation" aria-hidden="true" class="photo" src="./beef_files/8600602-th.jpg" onerror="this.src=&#39;/wcsstore/ColesStorefrontAssetStore/dist/e0a775baf05f/images/spacer.gif&#39;" alt="Economy Beef Rump Steak 3-4 pieces" width="110" height="110">
	</a>

<div class="detail">	
    <span role="presentation" aria-hidden="true" class="brand">Coles Smart Buy</span>
    <span class="item" role="presentation" aria-hidden="true">
        <a role="presentation" aria-hidden="true" class="product-url" href="http://shop.coles.com.au/online/national/coles-smart-buy-beef-rump-steak-economy-3-4-pieces">
        	Economy Beef Rump Steak 3-4 pieces&nbsp;
        	approx. 1kg
        </a>
    </span>
	<span class="size">
		Indicated price based on approx. weight. Weight may vary between 900g and 1.1kg.	
 	</span>
</div>


	<div class="purchasing">	    
	    <div class="saving">
	    	
	    </div>
	   	
	    		<div class="price"><span class="accessibility">Purchase price </span><small>$</small>11.00</div>
	    	
	    <div class="unit-price"><span class="accessibility">Unit price </span>$11.00 per 1Kg</div>
	    <div class="special-offer">	    	
	    	
	    </div> 
	    <div class="availability">Temporarily unavailable</div>
	    <div class="purchase">
		
			<input type="number" title="Add Quantity for Coles Smart Buy Economy Beef Rump Steak 3-4 pieces approx. 1kg" name="quantity" id="catEntry_103639_qty" value="1" maxlength="2" size="2" class="v-mandatory v-numeric v-minval-1">
	        <button role="button" type="submit" title="Add to trolley Coles Smart Buy Economy Beef Rump Steak 3-4 pieces approx. 1kg" class="btn-red action-addToTrolley"><span role="presentation" aria-hidden="true">Add to trolley</span></button>
		
		</div>
	</div>
	<div class="lists">
		
	</div>


	    <div class="actions">
	        			
			   <div class="MUItemForTrolleyDiv MUItemForTrolley_116316" data-catentry="116316">
		         <div class="MUul_116316"><div class="MUli_116316 hidden" aria-hidden="true"><span class="inTrolley"><span class="MUSpan_116316">0</span> in trolley</span></div></div>
		       </div>
		        <p class="clear"></p>
			 
			<div class="member-usuals-remove">
				<a href="http://shop.coles.com.au/online/SearchDisplay?searchTermScope=&multiSearch=&searchType=2&maxPrice=&showResultsPage=true&langId=-1&beginIndex=0&sType=SimpleSearch&browseView=true&metaData=&manufacturer=&resultCatEntryType=&catalogId=10576&pageView=image&minPrice=&urlLangId=-1&categoryId=28164&storeId=10601#" class="action-removeFromUsuals usuals-remove">Remove from list <span class="accessibility">Coles Smart Buy Economy Beef Rump Steak 3-4 pieces approx. 1kg</span></a>			
			</div>
			
				<div class="list">
					<a href="http://shop.coles.com.au/online/SearchDisplay?searchTermScope=&multiSearch=&searchType=2&maxPrice=&showResultsPage=true&langId=-1&beginIndex=0&sType=SimpleSearch&browseView=true&metaData=&manufacturer=&resultCatEntryType=&catalogId=10576&pageView=image&minPrice=&urlLangId=-1&categoryId=28164&storeId=10601#" class="action-addToList action-list-add">Add to list <span class="accessibility">Coles Smart Buy Economy Beef Rump Steak 3-4 pieces approx. 1kg</span></a> 
				</div>
				<div class="member-list-add">
					<a href="http://shop.coles.com.au/online/SearchDisplay?searchTermScope=&multiSearch=&searchType=2&maxPrice=&showResultsPage=true&langId=-1&beginIndex=0&sType=SimpleSearch&browseView=true&metaData=&manufacturer=&resultCatEntryType=&catalogId=10576&pageView=image&minPrice=&urlLangId=-1&categoryId=28164&storeId=10601#" class="action-addToList action-list-add">Add to another list <span class="accessibility">Coles Smart Buy Economy Beef Rump Steak 3-4 pieces approx. 1kg</span></a>
				</div>
			
			<div class="member-list-remove">
				 <a href="http://shop.coles.com.au/online/SearchDisplay?searchTermScope=&multiSearch=&searchType=2&maxPrice=&showResultsPage=true&langId=-1&beginIndex=0&sType=SimpleSearch&browseView=true&metaData=&manufacturer=&resultCatEntryType=&catalogId=10576&pageView=image&minPrice=&urlLangId=-1&categoryId=28164&storeId=10601#" class="action-removeFromList">Remove from list <span class="accessibility">Coles Smart Buy Economy Beef Rump Steak 3-4 pieces approx. 1kg</span></a> 
			</div>
			
				<div class="compareProd" role="presentation" aria-hidden="true">
					<a href="http://shop.coles.com.au/online/SearchDisplay?searchTermScope=&multiSearch=&searchType=2&maxPrice=&showResultsPage=true&langId=-1&beginIndex=0&sType=SimpleSearch&browseView=true&metaData=&manufacturer=&resultCatEntryType=&catalogId=10576&pageView=image&minPrice=&urlLangId=-1&categoryId=28164&storeId=10601#" class="compare compare-add">Compare</a>
				</div>
			
				<a href="http://shop.coles.com.au/online/national/coles-smart-buy-beef-rump-steak-economy-3-4-pieces" class="product-url accessibility">More details for Coles Smart Buy&nbsp;Economy Beef Rump Steak 3-4 pieces</a>
			
		</div>  
      

       	
		    <div role="presentation" aria-hidden="true" id="share" class="share" data-social="{productImgUrl:&#39;http://shop.coles.com.au:27900/wcsstore/Coles-CAS/images/8/6/0/8600602-th.jpg&#39;
	                                               ,productDisplayUrl:&#39;http://shop.coles.com.au/online/national/coles-smart-buy-beef-rump-steak-economy-3-4-pieces&#39;
	                                               ,title:&#39;Coles Smart Buy Economy Beef Rump Steak 3-4 pieces Indicated price based on approx. weight. Weight may vary between 900g and 1.1kg.&#39;
	                                               ,description:&#39;&#39;}">
		 	</div>
 		
	</div>
</div>


	</form>
</div>


<span class="available hidden"></span>


<div class="outer-prod prodtile" data-refresh="{
					catalogId: &quot;10576&quot;,
					doInventory: &quot;N&quot;,
					fulfillmentCenterId: &quot;11576&quot;,
					forStoreId: &quot;10401&quot;,
					
					productDisplayURL: &quot;http://shop.coles.com.au/online/national/coles-beef-diced-casserole&quot;				
			}">
	<form id="catEntryForm_19991" name="catEntryForm_19991" action="http://shop.coles.com.au/online/AjaxOrderChangeServiceItemAdd">
		
<div class=" " data-catentry="catEntry_19991" data-refresh="{
				addCalculationUsage: &quot;-1&quot;,
				langId: &quot;-1&quot;,
				storeId: &quot;10601&quot;, 
				catEntryId: &quot;19991&quot;, 
				catEntryName: &quot;Diced Beef&quot;, 
				productView: &quot;list&quot;,
				productId: &quot;19991&quot;,
				itemId: &quot;32513&quot;,
				hideMultibuy: &quot;false&quot;,
                ticketType: &quot;&quot;,
                partNumber: &quot;8211837&quot;,
                offerCode: &quot;20140326&quot;
		}">
   	<div class="wrapper clearfix">   	
		

<h4 class="accessibility" id="heading_19991" tabindex="-1">
		Coles&nbsp;Diced Beef&nbsp;
		approx. 800g&nbsp;
		 
</h4> 

<div class="offer-icon"></div>
<a role="presentation" aria-hidden="true" class="product-url" href="http://shop.coles.com.au/online/national/coles-beef-diced-casserole">
	    <img role="presentation" aria-hidden="true" class="photo" src="./beef_files/8211837-th.jpg" onerror="this.src=&#39;/wcsstore/ColesStorefrontAssetStore/dist/e0a775baf05f/images/spacer.gif&#39;" alt="Diced Beef" width="110" height="110">
	</a>

<div class="detail">	
    <span role="presentation" aria-hidden="true" class="brand">Coles</span>
    <span class="item" role="presentation" aria-hidden="true">
        <a role="presentation" aria-hidden="true" class="product-url" href="http://shop.coles.com.au/online/national/coles-beef-diced-casserole">
        	Diced Beef&nbsp;
        	approx. 800g
        </a>
    </span>
	<span class="size">
		Indicated price based on approx. weight. Weight may vary between 750g and 850g.	
 	</span>
</div>


	<div class="purchasing">	    
	    <div class="saving">
	    	
	    </div>
	   	
	    		<div class="price"><span class="accessibility">Purchase price </span><small>$</small>8.00</div>
	    	
	    <div class="unit-price"><span class="accessibility">Unit price </span>$10.00 per 1Kg</div>
	    <div class="special-offer">	    	
	    	
	    </div> 
	    <div class="availability">Temporarily unavailable</div>
	    <div class="purchase">
		
			<input type="number" title="Add Quantity for Coles Diced Beef approx. 800g" name="quantity" id="catEntry_19991_qty" value="1" maxlength="2" size="2" class="v-mandatory v-numeric v-minval-1">
	        <button role="button" type="submit" title="Add to trolley Coles Diced Beef approx. 800g" class="btn-red action-addToTrolley"><span role="presentation" aria-hidden="true">Add to trolley</span></button>
		
		</div>
	</div>
	<div class="lists">
		
	</div>


	    <div class="actions">
	        			
			   <div class="MUItemForTrolleyDiv MUItemForTrolley_32513" data-catentry="32513">
		         <div class="MUul_32513"><div class="MUli_32513 hidden" aria-hidden="true"><span class="inTrolley"><span class="MUSpan_32513">0</span> in trolley</span></div></div>
		       </div>
		        <p class="clear"></p>
			 
			<div class="member-usuals-remove">
				<a href="http://shop.coles.com.au/online/SearchDisplay?searchTermScope=&multiSearch=&searchType=2&maxPrice=&showResultsPage=true&langId=-1&beginIndex=0&sType=SimpleSearch&browseView=true&metaData=&manufacturer=&resultCatEntryType=&catalogId=10576&pageView=image&minPrice=&urlLangId=-1&categoryId=28164&storeId=10601#" class="action-removeFromUsuals usuals-remove">Remove from list <span class="accessibility">Coles Diced Beef approx. 800g</span></a>			
			</div>
			
				<div class="list">
					<a href="http://shop.coles.com.au/online/SearchDisplay?searchTermScope=&multiSearch=&searchType=2&maxPrice=&showResultsPage=true&langId=-1&beginIndex=0&sType=SimpleSearch&browseView=true&metaData=&manufacturer=&resultCatEntryType=&catalogId=10576&pageView=image&minPrice=&urlLangId=-1&categoryId=28164&storeId=10601#" class="action-addToList action-list-add">Add to list <span class="accessibility">Coles Diced Beef approx. 800g</span></a> 
				</div>
				<div class="member-list-add">
					<a href="http://shop.coles.com.au/online/SearchDisplay?searchTermScope=&multiSearch=&searchType=2&maxPrice=&showResultsPage=true&langId=-1&beginIndex=0&sType=SimpleSearch&browseView=true&metaData=&manufacturer=&resultCatEntryType=&catalogId=10576&pageView=image&minPrice=&urlLangId=-1&categoryId=28164&storeId=10601#" class="action-addToList action-list-add">Add to another list <span class="accessibility">Coles Diced Beef approx. 800g</span></a>
				</div>
			
			<div class="member-list-remove">
				 <a href="http://shop.coles.com.au/online/SearchDisplay?searchTermScope=&multiSearch=&searchType=2&maxPrice=&showResultsPage=true&langId=-1&beginIndex=0&sType=SimpleSearch&browseView=true&metaData=&manufacturer=&resultCatEntryType=&catalogId=10576&pageView=image&minPrice=&urlLangId=-1&categoryId=28164&storeId=10601#" class="action-removeFromList">Remove from list <span class="accessibility">Coles Diced Beef approx. 800g</span></a> 
			</div>
			
				<div class="compareProd" role="presentation" aria-hidden="true">
					<a href="http://shop.coles.com.au/online/SearchDisplay?searchTermScope=&multiSearch=&searchType=2&maxPrice=&showResultsPage=true&langId=-1&beginIndex=0&sType=SimpleSearch&browseView=true&metaData=&manufacturer=&resultCatEntryType=&catalogId=10576&pageView=image&minPrice=&urlLangId=-1&categoryId=28164&storeId=10601#" class="compare compare-add">Compare</a>
				</div>
			
				<a href="http://shop.coles.com.au/online/national/coles-beef-diced-casserole" class="product-url accessibility">More details for Coles&nbsp;Diced Beef</a>
			
		</div>  
      

       	
		    <div role="presentation" aria-hidden="true" id="share" class="share" data-social="{productImgUrl:&#39;http://shop.coles.com.au:27900/wcsstore/Coles-CAS/images/8/2/1/8211837-th.jpg&#39;
	                                               ,productDisplayUrl:&#39;http://shop.coles.com.au/online/national/coles-beef-diced-casserole&#39;
	                                               ,title:&#39;Coles Diced Beef Indicated price based on approx. weight. Weight may vary between 750g and 850g.&#39;
	                                               ,description:&#39;&#39;}">
		 	</div>
 		
	</div>
</div>


	</form>
</div>


<span class="available hidden"></span>


<div class="outer-prod prodtile" data-refresh="{
					catalogId: &quot;10576&quot;,
					doInventory: &quot;N&quot;,
					fulfillmentCenterId: &quot;11576&quot;,
					forStoreId: &quot;10401&quot;,
					
					productDisplayURL: &quot;http://shop.coles.com.au/online/national/coles-beef-rump-steak-473750p&quot;				
			}">
	<form id="catEntryForm_80197" name="catEntryForm_80197" action="http://shop.coles.com.au/online/AjaxOrderChangeServiceItemAdd">
		
<div class=" " data-catentry="catEntry_80197" data-refresh="{
				addCalculationUsage: &quot;-1&quot;,
				langId: &quot;-1&quot;,
				storeId: &quot;10601&quot;, 
				catEntryId: &quot;80197&quot;, 
				catEntryName: &quot;Beef Rump Steak&quot;, 
				productView: &quot;list&quot;,
				productId: &quot;80197&quot;,
				itemId: &quot;144028&quot;,
				hideMultibuy: &quot;false&quot;,
                ticketType: &quot;&quot;,
                partNumber: &quot;473750&quot;,
                offerCode: &quot;20150107&quot;
		}">
   	<div class="wrapper clearfix">   	
		

<h4 class="accessibility" id="heading_80197" tabindex="-1">
		Coles&nbsp;Beef Rump Steak&nbsp;
		approx. 850g&nbsp;
		 
</h4> 

<div class="offer-icon"></div>
<a role="presentation" aria-hidden="true" class="product-url" href="http://shop.coles.com.au/online/national/coles-beef-rump-steak-473750p">
	    <img role="presentation" aria-hidden="true" class="photo" src="./beef_files/473750-th.jpg" onerror="this.src=&#39;/wcsstore/ColesStorefrontAssetStore/dist/e0a775baf05f/images/spacer.gif&#39;" alt="Beef Rump Steak" width="110" height="110">
	</a>

<div class="detail">	
    <span role="presentation" aria-hidden="true" class="brand">Coles</span>
    <span class="item" role="presentation" aria-hidden="true">
        <a role="presentation" aria-hidden="true" class="product-url" href="http://shop.coles.com.au/online/national/coles-beef-rump-steak-473750p">
        	Beef Rump Steak&nbsp;
        	approx. 850g
        </a>
    </span>
	<span class="size">
		Indicated price based on approx. weight. Weight may vary between 800g and 900g.	
 	</span>
</div>


	<div class="purchasing">	    
	    <div class="saving">
	    	
	    </div>
	   	
	    		<div class="price"><span class="accessibility">Purchase price </span><small>$</small>14.45</div>
	    	
	    <div class="unit-price"><span class="accessibility">Unit price </span>$17.00 per 1Kg</div>
	    <div class="special-offer">	    	
	    	
	    </div> 
	    <div class="availability">Temporarily unavailable</div>
	    <div class="purchase">
		
			<input type="number" title="Add Quantity for Coles Beef Rump Steak approx. 850g" name="quantity" id="catEntry_80197_qty" value="1" maxlength="2" size="2" class="v-mandatory v-numeric v-minval-1">
	        <button role="button" type="submit" title="Add to trolley Coles Beef Rump Steak approx. 850g" class="btn-red action-addToTrolley"><span role="presentation" aria-hidden="true">Add to trolley</span></button>
		
		</div>
	</div>
	<div class="lists">
		
	</div>


	    <div class="actions">
	        			
			   <div class="MUItemForTrolleyDiv MUItemForTrolley_144028" data-catentry="144028">
		         <div class="MUul_144028"><div class="MUli_144028 hidden" aria-hidden="true"><span class="inTrolley"><span class="MUSpan_144028">0</span> in trolley</span></div></div>
		       </div>
		        <p class="clear"></p>
			 
			<div class="member-usuals-remove">
				<a href="http://shop.coles.com.au/online/SearchDisplay?searchTermScope=&multiSearch=&searchType=2&maxPrice=&showResultsPage=true&langId=-1&beginIndex=0&sType=SimpleSearch&browseView=true&metaData=&manufacturer=&resultCatEntryType=&catalogId=10576&pageView=image&minPrice=&urlLangId=-1&categoryId=28164&storeId=10601#" class="action-removeFromUsuals usuals-remove">Remove from list <span class="accessibility">Coles Beef Rump Steak approx. 850g</span></a>			
			</div>
			
				<div class="list">
					<a href="http://shop.coles.com.au/online/SearchDisplay?searchTermScope=&multiSearch=&searchType=2&maxPrice=&showResultsPage=true&langId=-1&beginIndex=0&sType=SimpleSearch&browseView=true&metaData=&manufacturer=&resultCatEntryType=&catalogId=10576&pageView=image&minPrice=&urlLangId=-1&categoryId=28164&storeId=10601#" class="action-addToList action-list-add">Add to list <span class="accessibility">Coles Beef Rump Steak approx. 850g</span></a> 
				</div>
				<div class="member-list-add">
					<a href="http://shop.coles.com.au/online/SearchDisplay?searchTermScope=&multiSearch=&searchType=2&maxPrice=&showResultsPage=true&langId=-1&beginIndex=0&sType=SimpleSearch&browseView=true&metaData=&manufacturer=&resultCatEntryType=&catalogId=10576&pageView=image&minPrice=&urlLangId=-1&categoryId=28164&storeId=10601#" class="action-addToList action-list-add">Add to another list <span class="accessibility">Coles Beef Rump Steak approx. 850g</span></a>
				</div>
			
			<div class="member-list-remove">
				 <a href="http://shop.coles.com.au/online/SearchDisplay?searchTermScope=&multiSearch=&searchType=2&maxPrice=&showResultsPage=true&langId=-1&beginIndex=0&sType=SimpleSearch&browseView=true&metaData=&manufacturer=&resultCatEntryType=&catalogId=10576&pageView=image&minPrice=&urlLangId=-1&categoryId=28164&storeId=10601#" class="action-removeFromList">Remove from list <span class="accessibility">Coles Beef Rump Steak approx. 850g</span></a> 
			</div>
			
				<div class="compareProd" role="presentation" aria-hidden="true">
					<a href="http://shop.coles.com.au/online/SearchDisplay?searchTermScope=&multiSearch=&searchType=2&maxPrice=&showResultsPage=true&langId=-1&beginIndex=0&sType=SimpleSearch&browseView=true&metaData=&manufacturer=&resultCatEntryType=&catalogId=10576&pageView=image&minPrice=&urlLangId=-1&categoryId=28164&storeId=10601#" class="compare compare-add">Compare</a>
				</div>
			
				<a href="http://shop.coles.com.au/online/national/coles-beef-rump-steak-473750p" class="product-url accessibility">More details for Coles&nbsp;Beef Rump Steak</a>
			
		</div>  
      

       	
		    <div role="presentation" aria-hidden="true" id="share" class="share" data-social="{productImgUrl:&#39;http://shop.coles.com.au:27900/wcsstore/Coles-CAS/images/4/7/3/473750-th.jpg&#39;
	                                               ,productDisplayUrl:&#39;http://shop.coles.com.au/online/national/coles-beef-rump-steak-473750p&#39;
	                                               ,title:&#39;Coles Beef Rump Steak Indicated price based on approx. weight. Weight may vary between 800g and 900g.&#39;
	                                               ,description:&#39;&#39;}">
		 	</div>
 		
	</div>
</div>


	</form>
</div>


<span class="available hidden"></span>


<div class="outer-prod prodtile" data-refresh="{
					catalogId: &quot;10576&quot;,
					doInventory: &quot;N&quot;,
					fulfillmentCenterId: &quot;11576&quot;,
					forStoreId: &quot;10401&quot;,
					
					productDisplayURL: &quot;http://shop.coles.com.au/online/national/coles-beef-scotch-steak-434135p&quot;				
			}">
	<form id="catEntryForm_84536" name="catEntryForm_84536" action="http://shop.coles.com.au/online/AjaxOrderChangeServiceItemAdd">
		
<div class="promo save " data-catentry="catEntry_84536" data-refresh="{
				addCalculationUsage: &quot;-1&quot;,
				langId: &quot;-1&quot;,
				storeId: &quot;10601&quot;, 
				catEntryId: &quot;84536&quot;, 
				catEntryName: &quot;Beef Scotch Fillet Steak 1-2 Piece&quot;, 
				productView: &quot;list&quot;,
				productId: &quot;84536&quot;,
				itemId: &quot;144788&quot;,
				hideMultibuy: &quot;false&quot;,
                ticketType: &quot;S&quot;,
                partNumber: &quot;434135&quot;,
                offerCode: &quot;107599403&quot;
		}">
   	<div class="wrapper clearfix">   	
		

<h4 class="accessibility" id="heading_84536" tabindex="-1">
		Coles&nbsp;Beef Scotch Fillet Steak 1-2 Piece&nbsp;
		approx. 200g&nbsp;
		On special 
</h4> 

<div class="offer-icon"></div>
<a role="presentation" aria-hidden="true" class="product-url" href="http://shop.coles.com.au/online/national/coles-beef-scotch-steak-434135p">
	    <img role="presentation" aria-hidden="true" class="photo" src="./beef_files/434135-th.jpg" onerror="this.src=&#39;/wcsstore/ColesStorefrontAssetStore/dist/e0a775baf05f/images/spacer.gif&#39;" alt="Beef Scotch Fillet Steak 1-2 Piece" width="110" height="110">
	</a>

<div class="detail">	
    <span role="presentation" aria-hidden="true" class="brand">Coles</span>
    <span class="item" role="presentation" aria-hidden="true">
        <a role="presentation" aria-hidden="true" class="product-url" href="http://shop.coles.com.au/online/national/coles-beef-scotch-steak-434135p">
        	Beef Scotch Fillet Steak 1-2 Piece&nbsp;
        	approx. 200g
        </a>
    </span>
	<span class="size">
		Indicated price based on approx. weight. Weight may vary between 150g and 250g.	
 	</span>
</div>


	<div class="purchasing">	    
	    <div class="saving">
	    	
	    		<span class="accessibility">Original price</span> was $6.00 
	    		<span><span class="accessibility">You can</span> save $1.20</span>
	    	
	    </div>
	   	
	    		<div class="price"><span class="accessibility">Purchase price </span><small>$</small>4.80</div>
	    	
	    <div class="unit-price"><span class="accessibility">Unit price </span>$24.00 per 1Kg</div>
	    <div class="special-offer">	    	
	    	
	    </div> 
	    <div class="availability">Temporarily unavailable</div>
	    <div class="purchase">
		
			<input type="number" title="Add Quantity for Coles Beef Scotch Fillet Steak 1-2 Piece approx. 200g" name="quantity" id="catEntry_84536_qty" value="1" maxlength="2" size="2" class="v-mandatory v-numeric v-minval-1">
	        <button role="button" type="submit" title="Add to trolley Coles Beef Scotch Fillet Steak 1-2 Piece approx. 200g" class="btn-red action-addToTrolley"><span role="presentation" aria-hidden="true">Add to trolley</span></button>
		
		</div>
	</div>
	<div class="lists">
		
	</div>


	    <div class="actions">
	        			
			   <div class="MUItemForTrolleyDiv MUItemForTrolley_144788" data-catentry="144788">
		         <div class="MUul_144788"><div class="MUli_144788 hidden" aria-hidden="true"><span class="inTrolley"><span class="MUSpan_144788">0</span> in trolley</span></div></div>
		       </div>
		        <p class="clear"></p>
			 
			<div class="member-usuals-remove">
				<a href="http://shop.coles.com.au/online/SearchDisplay?searchTermScope=&multiSearch=&searchType=2&maxPrice=&showResultsPage=true&langId=-1&beginIndex=0&sType=SimpleSearch&browseView=true&metaData=&manufacturer=&resultCatEntryType=&catalogId=10576&pageView=image&minPrice=&urlLangId=-1&categoryId=28164&storeId=10601#" class="action-removeFromUsuals usuals-remove">Remove from list <span class="accessibility">Coles Beef Scotch Fillet Steak 1-2 Piece approx. 200g</span></a>			
			</div>
			
				<div class="list">
					<a href="http://shop.coles.com.au/online/SearchDisplay?searchTermScope=&multiSearch=&searchType=2&maxPrice=&showResultsPage=true&langId=-1&beginIndex=0&sType=SimpleSearch&browseView=true&metaData=&manufacturer=&resultCatEntryType=&catalogId=10576&pageView=image&minPrice=&urlLangId=-1&categoryId=28164&storeId=10601#" class="action-addToList action-list-add">Add to list <span class="accessibility">Coles Beef Scotch Fillet Steak 1-2 Piece approx. 200g</span></a> 
				</div>
				<div class="member-list-add">
					<a href="http://shop.coles.com.au/online/SearchDisplay?searchTermScope=&multiSearch=&searchType=2&maxPrice=&showResultsPage=true&langId=-1&beginIndex=0&sType=SimpleSearch&browseView=true&metaData=&manufacturer=&resultCatEntryType=&catalogId=10576&pageView=image&minPrice=&urlLangId=-1&categoryId=28164&storeId=10601#" class="action-addToList action-list-add">Add to another list <span class="accessibility">Coles Beef Scotch Fillet Steak 1-2 Piece approx. 200g</span></a>
				</div>
			
			<div class="member-list-remove">
				 <a href="http://shop.coles.com.au/online/SearchDisplay?searchTermScope=&multiSearch=&searchType=2&maxPrice=&showResultsPage=true&langId=-1&beginIndex=0&sType=SimpleSearch&browseView=true&metaData=&manufacturer=&resultCatEntryType=&catalogId=10576&pageView=image&minPrice=&urlLangId=-1&categoryId=28164&storeId=10601#" class="action-removeFromList">Remove from list <span class="accessibility">Coles Beef Scotch Fillet Steak 1-2 Piece approx. 200g</span></a> 
			</div>
			
				<div class="compareProd" role="presentation" aria-hidden="true">
					<a href="http://shop.coles.com.au/online/SearchDisplay?searchTermScope=&multiSearch=&searchType=2&maxPrice=&showResultsPage=true&langId=-1&beginIndex=0&sType=SimpleSearch&browseView=true&metaData=&manufacturer=&resultCatEntryType=&catalogId=10576&pageView=image&minPrice=&urlLangId=-1&categoryId=28164&storeId=10601#" class="compare compare-add">Compare</a>
				</div>
			
				<a href="http://shop.coles.com.au/online/national/coles-beef-scotch-steak-434135p" class="product-url accessibility">More details for Coles&nbsp;Beef Scotch Fillet Steak 1-2 Piece</a>
			
		</div>  
      

       	
		    <div role="presentation" aria-hidden="true" id="share" class="share" data-social="{productImgUrl:&#39;http://shop.coles.com.au:27900/wcsstore/Coles-CAS/images/4/3/4/434135-th.jpg&#39;
	                                               ,productDisplayUrl:&#39;http://shop.coles.com.au/online/national/coles-beef-scotch-steak-434135p&#39;
	                                               ,title:&#39;Coles Beef Scotch Fillet Steak 1-2 Piece Indicated price based on approx. weight. Weight may vary between 150g and 250g.&#39;
	                                               ,description:&#39;&#39;}">
		 	</div>
 		
	</div>
</div>


	</form>
</div>


<span class="available hidden"></span>


<div class="outer-prod prodtile" data-refresh="{
					catalogId: &quot;10576&quot;,
					doInventory: &quot;N&quot;,
					fulfillmentCenterId: &quot;11576&quot;,
					forStoreId: &quot;10401&quot;,
					
					productDisplayURL: &quot;http://shop.coles.com.au/online/national/king-island-beef-stir-fry&quot;				
			}">
	<form id="catEntryForm_56760" name="catEntryForm_56760" action="http://shop.coles.com.au/online/AjaxOrderChangeServiceItemAdd">
		
<div class=" " data-catentry="catEntry_56760" data-refresh="{
				addCalculationUsage: &quot;-1&quot;,
				langId: &quot;-1&quot;,
				storeId: &quot;10601&quot;, 
				catEntryId: &quot;56760&quot;, 
				catEntryName: &quot;Beef Stir Fry&quot;, 
				productView: &quot;list&quot;,
				productId: &quot;56760&quot;,
				itemId: &quot;119172&quot;,
				hideMultibuy: &quot;false&quot;,
                ticketType: &quot;&quot;,
                partNumber: &quot;8069929&quot;,
                offerCode: &quot;20120321&quot;
		}">
   	<div class="wrapper clearfix">   	
		

<h4 class="accessibility" id="heading_56760" tabindex="-1">
		King Island&nbsp;Beef Stir Fry&nbsp;
		approx. 500g&nbsp;
		 
</h4> 

<div class="offer-icon"></div>
<a role="presentation" aria-hidden="true" class="product-url" href="http://shop.coles.com.au/online/national/king-island-beef-stir-fry">
	    <img role="presentation" aria-hidden="true" class="photo" src="./beef_files/8069929-th.jpg" onerror="this.src=&#39;/wcsstore/ColesStorefrontAssetStore/dist/e0a775baf05f/images/spacer.gif&#39;" alt="Beef Stir Fry" width="110" height="110">
	</a>

<div class="detail">	
    <span role="presentation" aria-hidden="true" class="brand">King Island</span>
    <span class="item" role="presentation" aria-hidden="true">
        <a role="presentation" aria-hidden="true" class="product-url" href="http://shop.coles.com.au/online/national/king-island-beef-stir-fry">
        	Beef Stir Fry&nbsp;
        	approx. 500g
        </a>
    </span>
	<span class="size">
		Indicated price based on approx. weight. Weight may vary between 450g and 550g.	
 	</span>
</div>


	<div class="purchasing">	    
	    <div class="saving">
	    	
	    </div>
	   	
	    		<div class="price"><span class="accessibility">Purchase price </span><small>$</small>8.75</div>
	    	
	    <div class="unit-price"><span class="accessibility">Unit price </span>$17.50 per 1Kg</div>
	    <div class="special-offer">	    	
	    	
	    </div> 
	    <div class="availability">Temporarily unavailable</div>
	    <div class="purchase">
		
			<input type="number" title="Add Quantity for King Island Beef Stir Fry approx. 500g" name="quantity" id="catEntry_56760_qty" value="1" maxlength="2" size="2" class="v-mandatory v-numeric v-minval-1">
	        <button role="button" type="submit" title="Add to trolley King Island Beef Stir Fry approx. 500g" class="btn-red action-addToTrolley"><span role="presentation" aria-hidden="true">Add to trolley</span></button>
		
		</div>
	</div>
	<div class="lists">
		
	</div>


	    <div class="actions">
	        			
			   <div class="MUItemForTrolleyDiv MUItemForTrolley_119172" data-catentry="119172">
		         <div class="MUul_119172"><div class="MUli_119172 hidden" aria-hidden="true"><span class="inTrolley"><span class="MUSpan_119172">0</span> in trolley</span></div></div>
		       </div>
		        <p class="clear"></p>
			 
			<div class="member-usuals-remove">
				<a href="http://shop.coles.com.au/online/SearchDisplay?searchTermScope=&multiSearch=&searchType=2&maxPrice=&showResultsPage=true&langId=-1&beginIndex=0&sType=SimpleSearch&browseView=true&metaData=&manufacturer=&resultCatEntryType=&catalogId=10576&pageView=image&minPrice=&urlLangId=-1&categoryId=28164&storeId=10601#" class="action-removeFromUsuals usuals-remove">Remove from list <span class="accessibility">King Island Beef Stir Fry approx. 500g</span></a>			
			</div>
			
				<div class="list">
					<a href="http://shop.coles.com.au/online/SearchDisplay?searchTermScope=&multiSearch=&searchType=2&maxPrice=&showResultsPage=true&langId=-1&beginIndex=0&sType=SimpleSearch&browseView=true&metaData=&manufacturer=&resultCatEntryType=&catalogId=10576&pageView=image&minPrice=&urlLangId=-1&categoryId=28164&storeId=10601#" class="action-addToList action-list-add">Add to list <span class="accessibility">King Island Beef Stir Fry approx. 500g</span></a> 
				</div>
				<div class="member-list-add">
					<a href="http://shop.coles.com.au/online/SearchDisplay?searchTermScope=&multiSearch=&searchType=2&maxPrice=&showResultsPage=true&langId=-1&beginIndex=0&sType=SimpleSearch&browseView=true&metaData=&manufacturer=&resultCatEntryType=&catalogId=10576&pageView=image&minPrice=&urlLangId=-1&categoryId=28164&storeId=10601#" class="action-addToList action-list-add">Add to another list <span class="accessibility">King Island Beef Stir Fry approx. 500g</span></a>
				</div>
			
			<div class="member-list-remove">
				 <a href="http://shop.coles.com.au/online/SearchDisplay?searchTermScope=&multiSearch=&searchType=2&maxPrice=&showResultsPage=true&langId=-1&beginIndex=0&sType=SimpleSearch&browseView=true&metaData=&manufacturer=&resultCatEntryType=&catalogId=10576&pageView=image&minPrice=&urlLangId=-1&categoryId=28164&storeId=10601#" class="action-removeFromList">Remove from list <span class="accessibility">King Island Beef Stir Fry approx. 500g</span></a> 
			</div>
			
				<div class="compareProd" role="presentation" aria-hidden="true">
					<a href="http://shop.coles.com.au/online/SearchDisplay?searchTermScope=&multiSearch=&searchType=2&maxPrice=&showResultsPage=true&langId=-1&beginIndex=0&sType=SimpleSearch&browseView=true&metaData=&manufacturer=&resultCatEntryType=&catalogId=10576&pageView=image&minPrice=&urlLangId=-1&categoryId=28164&storeId=10601#" class="compare compare-add">Compare</a>
				</div>
			
				<a href="http://shop.coles.com.au/online/national/king-island-beef-stir-fry" class="product-url accessibility">More details for King Island&nbsp;Beef Stir Fry</a>
			
		</div>  
      

       	
		    <div role="presentation" aria-hidden="true" id="share" class="share" data-social="{productImgUrl:&#39;http://shop.coles.com.au:27900/wcsstore/Coles-CAS/images/8/0/6/8069929-th.jpg&#39;
	                                               ,productDisplayUrl:&#39;http://shop.coles.com.au/online/national/king-island-beef-stir-fry&#39;
	                                               ,title:&#39;King Island Beef Stir Fry Indicated price based on approx. weight. Weight may vary between 450g and 550g.&#39;
	                                               ,description:&#39;&#39;}">
		 	</div>
 		
	</div>
</div>


	</form>
</div>


<span class="available hidden"></span>


<div class="outer-prod prodtile" data-refresh="{
					catalogId: &quot;10576&quot;,
					doInventory: &quot;N&quot;,
					fulfillmentCenterId: &quot;11576&quot;,
					forStoreId: &quot;10401&quot;,
					
					productDisplayURL: &quot;http://shop.coles.com.au/online/national/coles-beef-porterhouse-steak-434383p&quot;				
			}">
	<form id="catEntryForm_16648" name="catEntryForm_16648" action="http://shop.coles.com.au/online/AjaxOrderChangeServiceItemAdd">
		
<div class=" " data-catentry="catEntry_16648" data-refresh="{
				addCalculationUsage: &quot;-1&quot;,
				langId: &quot;-1&quot;,
				storeId: &quot;10601&quot;, 
				catEntryId: &quot;16648&quot;, 
				catEntryName: &quot;Beef Porterhouse Steak 1-2 Pieces&quot;, 
				productView: &quot;list&quot;,
				productId: &quot;16648&quot;,
				itemId: &quot;38638&quot;,
				hideMultibuy: &quot;false&quot;,
                ticketType: &quot;&quot;,
                partNumber: &quot;434383&quot;,
                offerCode: &quot;20150204&quot;
		}">
   	<div class="wrapper clearfix">   	
		

<h4 class="accessibility" id="heading_16648" tabindex="-1">
		Coles&nbsp;Beef Porterhouse Steak 1-2 Pieces&nbsp;
		approx. 250g&nbsp;
		 
</h4> 

<div class="offer-icon"></div>
<a role="presentation" aria-hidden="true" class="product-url" href="http://shop.coles.com.au/online/national/coles-beef-porterhouse-steak-434383p">
	    <img role="presentation" aria-hidden="true" class="photo" src="./beef_files/434383-th.jpg" onerror="this.src=&#39;/wcsstore/ColesStorefrontAssetStore/dist/e0a775baf05f/images/spacer.gif&#39;" alt="Beef Porterhouse Steak 1-2 Pieces" width="110" height="110">
	</a>

<div class="detail">	
    <span role="presentation" aria-hidden="true" class="brand">Coles</span>
    <span class="item" role="presentation" aria-hidden="true">
        <a role="presentation" aria-hidden="true" class="product-url" href="http://shop.coles.com.au/online/national/coles-beef-porterhouse-steak-434383p">
        	Beef Porterhouse Steak 1-2 Pieces&nbsp;
        	approx. 250g
        </a>
    </span>
	<span class="size">
		Indicated price based on approx. weight. Weight may vary between 200g and 300g.	
 	</span>
</div>


	<div class="purchasing">	    
	    <div class="saving">
	    	
	    </div>
	   	
	    		<div class="price"><span class="accessibility">Purchase price </span><small>$</small>7.25</div>
	    	
	    <div class="unit-price"><span class="accessibility">Unit price </span>$29.00 per 1Kg</div>
	    <div class="special-offer">	    	
	    	
	    </div> 
	    <div class="availability">Temporarily unavailable</div>
	    <div class="purchase">
		
			<input type="number" title="Add Quantity for Coles Beef Porterhouse Steak 1-2 Pieces approx. 250g" name="quantity" id="catEntry_16648_qty" value="1" maxlength="2" size="2" class="v-mandatory v-numeric v-minval-1">
	        <button role="button" type="submit" title="Add to trolley Coles Beef Porterhouse Steak 1-2 Pieces approx. 250g" class="btn-red action-addToTrolley"><span role="presentation" aria-hidden="true">Add to trolley</span></button>
		
		</div>
	</div>
	<div class="lists">
		
	</div>


	    <div class="actions">
	        			
			   <div class="MUItemForTrolleyDiv MUItemForTrolley_38638" data-catentry="38638">
		         <div class="MUul_38638"><div class="MUli_38638 hidden" aria-hidden="true"><span class="inTrolley"><span class="MUSpan_38638">0</span> in trolley</span></div></div>
		       </div>
		        <p class="clear"></p>
			 
			<div class="member-usuals-remove">
				<a href="http://shop.coles.com.au/online/SearchDisplay?searchTermScope=&multiSearch=&searchType=2&maxPrice=&showResultsPage=true&langId=-1&beginIndex=0&sType=SimpleSearch&browseView=true&metaData=&manufacturer=&resultCatEntryType=&catalogId=10576&pageView=image&minPrice=&urlLangId=-1&categoryId=28164&storeId=10601#" class="action-removeFromUsuals usuals-remove">Remove from list <span class="accessibility">Coles Beef Porterhouse Steak 1-2 Pieces approx. 250g</span></a>			
			</div>
			
				<div class="list">
					<a href="http://shop.coles.com.au/online/SearchDisplay?searchTermScope=&multiSearch=&searchType=2&maxPrice=&showResultsPage=true&langId=-1&beginIndex=0&sType=SimpleSearch&browseView=true&metaData=&manufacturer=&resultCatEntryType=&catalogId=10576&pageView=image&minPrice=&urlLangId=-1&categoryId=28164&storeId=10601#" class="action-addToList action-list-add">Add to list <span class="accessibility">Coles Beef Porterhouse Steak 1-2 Pieces approx. 250g</span></a> 
				</div>
				<div class="member-list-add">
					<a href="http://shop.coles.com.au/online/SearchDisplay?searchTermScope=&multiSearch=&searchType=2&maxPrice=&showResultsPage=true&langId=-1&beginIndex=0&sType=SimpleSearch&browseView=true&metaData=&manufacturer=&resultCatEntryType=&catalogId=10576&pageView=image&minPrice=&urlLangId=-1&categoryId=28164&storeId=10601#" class="action-addToList action-list-add">Add to another list <span class="accessibility">Coles Beef Porterhouse Steak 1-2 Pieces approx. 250g</span></a>
				</div>
			
			<div class="member-list-remove">
				 <a href="http://shop.coles.com.au/online/SearchDisplay?searchTermScope=&multiSearch=&searchType=2&maxPrice=&showResultsPage=true&langId=-1&beginIndex=0&sType=SimpleSearch&browseView=true&metaData=&manufacturer=&resultCatEntryType=&catalogId=10576&pageView=image&minPrice=&urlLangId=-1&categoryId=28164&storeId=10601#" class="action-removeFromList">Remove from list <span class="accessibility">Coles Beef Porterhouse Steak 1-2 Pieces approx. 250g</span></a> 
			</div>
			
				<div class="compareProd" role="presentation" aria-hidden="true">
					<a href="http://shop.coles.com.au/online/SearchDisplay?searchTermScope=&multiSearch=&searchType=2&maxPrice=&showResultsPage=true&langId=-1&beginIndex=0&sType=SimpleSearch&browseView=true&metaData=&manufacturer=&resultCatEntryType=&catalogId=10576&pageView=image&minPrice=&urlLangId=-1&categoryId=28164&storeId=10601#" class="compare compare-add">Compare</a>
				</div>
			
				<a href="http://shop.coles.com.au/online/national/coles-beef-porterhouse-steak-434383p" class="product-url accessibility">More details for Coles&nbsp;Beef Porterhouse Steak 1-2 Pieces</a>
			
		</div>  
      

       	
		    <div role="presentation" aria-hidden="true" id="share" class="share" data-social="{productImgUrl:&#39;http://shop.coles.com.au:27900/wcsstore/Coles-CAS/images/4/3/4/434383-th.jpg&#39;
	                                               ,productDisplayUrl:&#39;http://shop.coles.com.au/online/national/coles-beef-porterhouse-steak-434383p&#39;
	                                               ,title:&#39;Coles Beef Porterhouse Steak 1-2 Pieces Indicated price based on approx. weight. Weight may vary between 200g and 300g.&#39;
	                                               ,description:&#39;&#39;}">
		 	</div>
 		
	</div>
</div>


	</form>
</div>


<span class="available hidden"></span>


<div class="outer-prod prodtile" data-refresh="{
					catalogId: &quot;10576&quot;,
					doInventory: &quot;N&quot;,
					fulfillmentCenterId: &quot;11576&quot;,
					forStoreId: &quot;10401&quot;,
					
					productDisplayURL: &quot;http://shop.coles.com.au/online/national/coles-beef-sizzle-steak&quot;				
			}">
	<form id="catEntryForm_381530" name="catEntryForm_381530" action="http://shop.coles.com.au/online/AjaxOrderChangeServiceItemAdd">
		
<div class=" " data-catentry="catEntry_381530" data-refresh="{
				addCalculationUsage: &quot;-1&quot;,
				langId: &quot;-1&quot;,
				storeId: &quot;10601&quot;, 
				catEntryId: &quot;381530&quot;, 
				catEntryName: &quot;Sizzle Steak&quot;, 
				productView: &quot;list&quot;,
				productId: &quot;381530&quot;,
				itemId: &quot;381544&quot;,
				hideMultibuy: &quot;false&quot;,
                ticketType: &quot;&quot;,
                partNumber: &quot;1832188&quot;,
                offerCode: &quot;20150204&quot;
		}">
   	<div class="wrapper clearfix">   	
		

<h4 class="accessibility" id="heading_381530" tabindex="-1">
		Coles Beef&nbsp;Sizzle Steak&nbsp;
		400g&nbsp;
		 
</h4> 

<div class="offer-icon"></div>
<a role="presentation" aria-hidden="true" class="product-url" href="http://shop.coles.com.au/online/national/coles-beef-sizzle-steak">
	    <img role="presentation" aria-hidden="true" class="photo" src="./beef_files/1832188-th.jpg" onerror="this.src=&#39;/wcsstore/ColesStorefrontAssetStore/dist/e0a775baf05f/images/spacer.gif&#39;" alt="Sizzle Steak" width="110" height="110">
	</a>

<div class="detail">	
    <span role="presentation" aria-hidden="true" class="brand">Coles Beef</span>
    <span class="item" role="presentation" aria-hidden="true">
        <a role="presentation" aria-hidden="true" class="product-url" href="http://shop.coles.com.au/online/national/coles-beef-sizzle-steak">
        	Sizzle Steak&nbsp;
        	400g
        </a>
    </span>
	<span class="size">
			
 	</span>
</div>


	<div class="purchasing">	    
	    <div class="saving">
	    	
	    </div>
	   	
	    		<div class="price"><span class="accessibility">Purchase price </span><small>$</small>8.00</div>
	    	
	    <div class="unit-price"><span class="accessibility">Unit price </span>$20.00 per 1Kg</div>
	    <div class="special-offer">	    	
	    	
	    </div> 
	    <div class="availability">Temporarily unavailable</div>
	    <div class="purchase">
		
			<input type="number" title="Add Quantity for Coles Beef Sizzle Steak 400g" name="quantity" id="catEntry_381530_qty" value="1" maxlength="2" size="2" class="v-mandatory v-numeric v-minval-1">
	        <button role="button" type="submit" title="Add to trolley Coles Beef Sizzle Steak 400g" class="btn-red action-addToTrolley"><span role="presentation" aria-hidden="true">Add to trolley</span></button>
		
		</div>
	</div>
	<div class="lists">
		
	</div>


	    <div class="actions">
	        			
			   <div class="MUItemForTrolleyDiv MUItemForTrolley_381544" data-catentry="381544">
		         <div class="MUul_381544"><div class="MUli_381544 hidden" aria-hidden="true"><span class="inTrolley"><span class="MUSpan_381544">0</span> in trolley</span></div></div>
		       </div>
		        <p class="clear"></p>
			 
			<div class="member-usuals-remove">
				<a href="http://shop.coles.com.au/online/SearchDisplay?searchTermScope=&multiSearch=&searchType=2&maxPrice=&showResultsPage=true&langId=-1&beginIndex=0&sType=SimpleSearch&browseView=true&metaData=&manufacturer=&resultCatEntryType=&catalogId=10576&pageView=image&minPrice=&urlLangId=-1&categoryId=28164&storeId=10601#" class="action-removeFromUsuals usuals-remove">Remove from list <span class="accessibility">Coles Beef Sizzle Steak 400g</span></a>			
			</div>
			
				<div class="list">
					<a href="http://shop.coles.com.au/online/SearchDisplay?searchTermScope=&multiSearch=&searchType=2&maxPrice=&showResultsPage=true&langId=-1&beginIndex=0&sType=SimpleSearch&browseView=true&metaData=&manufacturer=&resultCatEntryType=&catalogId=10576&pageView=image&minPrice=&urlLangId=-1&categoryId=28164&storeId=10601#" class="action-addToList action-list-add">Add to list <span class="accessibility">Coles Beef Sizzle Steak 400g</span></a> 
				</div>
				<div class="member-list-add">
					<a href="http://shop.coles.com.au/online/SearchDisplay?searchTermScope=&multiSearch=&searchType=2&maxPrice=&showResultsPage=true&langId=-1&beginIndex=0&sType=SimpleSearch&browseView=true&metaData=&manufacturer=&resultCatEntryType=&catalogId=10576&pageView=image&minPrice=&urlLangId=-1&categoryId=28164&storeId=10601#" class="action-addToList action-list-add">Add to another list <span class="accessibility">Coles Beef Sizzle Steak 400g</span></a>
				</div>
			
			<div class="member-list-remove">
				 <a href="http://shop.coles.com.au/online/SearchDisplay?searchTermScope=&multiSearch=&searchType=2&maxPrice=&showResultsPage=true&langId=-1&beginIndex=0&sType=SimpleSearch&browseView=true&metaData=&manufacturer=&resultCatEntryType=&catalogId=10576&pageView=image&minPrice=&urlLangId=-1&categoryId=28164&storeId=10601#" class="action-removeFromList">Remove from list <span class="accessibility">Coles Beef Sizzle Steak 400g</span></a> 
			</div>
			
				<div class="compareProd" role="presentation" aria-hidden="true">
					<a href="http://shop.coles.com.au/online/SearchDisplay?searchTermScope=&multiSearch=&searchType=2&maxPrice=&showResultsPage=true&langId=-1&beginIndex=0&sType=SimpleSearch&browseView=true&metaData=&manufacturer=&resultCatEntryType=&catalogId=10576&pageView=image&minPrice=&urlLangId=-1&categoryId=28164&storeId=10601#" class="compare compare-add">Compare</a>
				</div>
			
				<a href="http://shop.coles.com.au/online/national/coles-beef-sizzle-steak" class="product-url accessibility">More details for Coles Beef&nbsp;Sizzle Steak</a>
			
		</div>  
      

       	
		    <div role="presentation" aria-hidden="true" id="share" class="share" data-social="{productImgUrl:&#39;http://shop.coles.com.au:27900/wcsstore/Coles-CAS/images/1/8/3/1832188-th.jpg&#39;
	                                               ,productDisplayUrl:&#39;http://shop.coles.com.au/online/national/coles-beef-sizzle-steak&#39;
	                                               ,title:&#39;Coles Beef Sizzle Steak &#39;
	                                               ,description:&#39;&#39;}">
		 	</div>
 		
	</div>
</div>


	</form>
</div>


<span class="available hidden"></span>


<div class="outer-prod prodtile" data-refresh="{
					catalogId: &quot;10576&quot;,
					doInventory: &quot;N&quot;,
					fulfillmentCenterId: &quot;11576&quot;,
					forStoreId: &quot;10401&quot;,
					
					productDisplayURL: &quot;http://shop.coles.com.au/online/national/coles-beef-roast-topside&quot;				
			}">
	<form id="catEntryForm_15143" name="catEntryForm_15143" action="http://shop.coles.com.au/online/AjaxOrderChangeServiceItemAdd">
		
<div class=" " data-catentry="catEntry_15143" data-refresh="{
				addCalculationUsage: &quot;-1&quot;,
				langId: &quot;-1&quot;,
				storeId: &quot;10601&quot;, 
				catEntryId: &quot;15143&quot;, 
				catEntryName: &quot;Beef Topside Roast&quot;, 
				productView: &quot;list&quot;,
				productId: &quot;15143&quot;,
				itemId: &quot;38110&quot;,
				hideMultibuy: &quot;false&quot;,
                ticketType: &quot;&quot;,
                partNumber: &quot;8601423&quot;,
                offerCode: &quot;20141225&quot;
		}">
   	<div class="wrapper clearfix">   	
		

<h4 class="accessibility" id="heading_15143" tabindex="-1">
		Coles&nbsp;Beef Topside Roast&nbsp;
		approx. 1.5kg&nbsp;
		 
</h4> 

<div class="offer-icon"></div>
<a role="presentation" aria-hidden="true" class="product-url" href="http://shop.coles.com.au/online/national/coles-beef-roast-topside">
	    <img role="presentation" aria-hidden="true" class="photo" src="./beef_files/8601423-th.jpg" onerror="this.src=&#39;/wcsstore/ColesStorefrontAssetStore/dist/e0a775baf05f/images/spacer.gif&#39;" alt="Beef Topside Roast" width="110" height="110">
	</a>

<div class="detail">	
    <span role="presentation" aria-hidden="true" class="brand">Coles</span>
    <span class="item" role="presentation" aria-hidden="true">
        <a role="presentation" aria-hidden="true" class="product-url" href="http://shop.coles.com.au/online/national/coles-beef-roast-topside">
        	Beef Topside Roast&nbsp;
        	approx. 1.5kg
        </a>
    </span>
	<span class="size">
		Indicated price based on approx. weight. Weight may vary between 1kg and 1.4kg.	
 	</span>
</div>


	<div class="purchasing">	    
	    <div class="saving">
	    	
	    </div>
	   	
	    		<div class="price"><span class="accessibility">Purchase price </span><small>$</small>21.00</div>
	    	
	    <div class="unit-price"><span class="accessibility">Unit price </span>$14.00 per 1Kg</div>
	    <div class="special-offer">	    	
	    	
	    </div> 
	    <div class="availability">Temporarily unavailable</div>
	    <div class="purchase">
		
			<input type="number" title="Add Quantity for Coles Beef Topside Roast approx. 1.5kg" name="quantity" id="catEntry_15143_qty" value="1" maxlength="2" size="2" class="v-mandatory v-numeric v-minval-1">
	        <button role="button" type="submit" title="Add to trolley Coles Beef Topside Roast approx. 1.5kg" class="btn-red action-addToTrolley"><span role="presentation" aria-hidden="true">Add to trolley</span></button>
		
		</div>
	</div>
	<div class="lists">
		
	</div>


	    <div class="actions">
	        			
			   <div class="MUItemForTrolleyDiv MUItemForTrolley_38110" data-catentry="38110">
		         <div class="MUul_38110"><div class="MUli_38110 hidden" aria-hidden="true"><span class="inTrolley"><span class="MUSpan_38110">0</span> in trolley</span></div></div>
		       </div>
		        <p class="clear"></p>
			 
			<div class="member-usuals-remove">
				<a href="http://shop.coles.com.au/online/SearchDisplay?searchTermScope=&multiSearch=&searchType=2&maxPrice=&showResultsPage=true&langId=-1&beginIndex=0&sType=SimpleSearch&browseView=true&metaData=&manufacturer=&resultCatEntryType=&catalogId=10576&pageView=image&minPrice=&urlLangId=-1&categoryId=28164&storeId=10601#" class="action-removeFromUsuals usuals-remove">Remove from list <span class="accessibility">Coles Beef Topside Roast approx. 1.5kg</span></a>			
			</div>
			
				<div class="list">
					<a href="http://shop.coles.com.au/online/SearchDisplay?searchTermScope=&multiSearch=&searchType=2&maxPrice=&showResultsPage=true&langId=-1&beginIndex=0&sType=SimpleSearch&browseView=true&metaData=&manufacturer=&resultCatEntryType=&catalogId=10576&pageView=image&minPrice=&urlLangId=-1&categoryId=28164&storeId=10601#" class="action-addToList action-list-add">Add to list <span class="accessibility">Coles Beef Topside Roast approx. 1.5kg</span></a> 
				</div>
				<div class="member-list-add">
					<a href="http://shop.coles.com.au/online/SearchDisplay?searchTermScope=&multiSearch=&searchType=2&maxPrice=&showResultsPage=true&langId=-1&beginIndex=0&sType=SimpleSearch&browseView=true&metaData=&manufacturer=&resultCatEntryType=&catalogId=10576&pageView=image&minPrice=&urlLangId=-1&categoryId=28164&storeId=10601#" class="action-addToList action-list-add">Add to another list <span class="accessibility">Coles Beef Topside Roast approx. 1.5kg</span></a>
				</div>
			
			<div class="member-list-remove">
				 <a href="http://shop.coles.com.au/online/SearchDisplay?searchTermScope=&multiSearch=&searchType=2&maxPrice=&showResultsPage=true&langId=-1&beginIndex=0&sType=SimpleSearch&browseView=true&metaData=&manufacturer=&resultCatEntryType=&catalogId=10576&pageView=image&minPrice=&urlLangId=-1&categoryId=28164&storeId=10601#" class="action-removeFromList">Remove from list <span class="accessibility">Coles Beef Topside Roast approx. 1.5kg</span></a> 
			</div>
			
				<div class="compareProd" role="presentation" aria-hidden="true">
					<a href="http://shop.coles.com.au/online/SearchDisplay?searchTermScope=&multiSearch=&searchType=2&maxPrice=&showResultsPage=true&langId=-1&beginIndex=0&sType=SimpleSearch&browseView=true&metaData=&manufacturer=&resultCatEntryType=&catalogId=10576&pageView=image&minPrice=&urlLangId=-1&categoryId=28164&storeId=10601#" class="compare compare-add">Compare</a>
				</div>
			
				<a href="http://shop.coles.com.au/online/national/coles-beef-roast-topside" class="product-url accessibility">More details for Coles&nbsp;Beef Topside Roast</a>
			
		</div>  
      

       	
		    <div role="presentation" aria-hidden="true" id="share" class="share" data-social="{productImgUrl:&#39;http://shop.coles.com.au:27900/wcsstore/Coles-CAS/images/8/6/0/8601423-th.jpg&#39;
	                                               ,productDisplayUrl:&#39;http://shop.coles.com.au/online/national/coles-beef-roast-topside&#39;
	                                               ,title:&#39;Coles Beef Topside Roast Indicated price based on approx. weight. Weight may vary between 1kg and 1.4kg.&#39;
	                                               ,description:&#39;&#39;}">
		 	</div>
 		
	</div>
</div>


	</form>
</div>


<span class="available hidden"></span>


<div class="outer-prod prodtile" data-refresh="{
					catalogId: &quot;10576&quot;,
					doInventory: &quot;N&quot;,
					fulfillmentCenterId: &quot;11576&quot;,
					forStoreId: &quot;10401&quot;,
					
					productDisplayURL: &quot;http://shop.coles.com.au/online/national/coles-beef-roast-bolar-blade&quot;				
			}">
	<form id="catEntryForm_48286" name="catEntryForm_48286" action="http://shop.coles.com.au/online/AjaxOrderChangeServiceItemAdd">
		
<div class=" " data-catentry="catEntry_48286" data-refresh="{
				addCalculationUsage: &quot;-1&quot;,
				langId: &quot;-1&quot;,
				storeId: &quot;10601&quot;, 
				catEntryId: &quot;48286&quot;, 
				catEntryName: &quot;Beef Bolar Blade Roast&quot;, 
				productView: &quot;list&quot;,
				productId: &quot;48286&quot;,
				itemId: &quot;116313&quot;,
				hideMultibuy: &quot;false&quot;,
                ticketType: &quot;&quot;,
                partNumber: &quot;8601456&quot;,
                offerCode: &quot;20141001&quot;
		}">
   	<div class="wrapper clearfix">   	
		

<h4 class="accessibility" id="heading_48286" tabindex="-1">
		Coles&nbsp;Beef Bolar Blade Roast&nbsp;
		approx. 1.1kg&nbsp;
		 
</h4> 

<div class="offer-icon"></div>
<a role="presentation" aria-hidden="true" class="product-url" href="http://shop.coles.com.au/online/national/coles-beef-roast-bolar-blade">
	    <img role="presentation" aria-hidden="true" class="photo" src="./beef_files/8601456-th.jpg" onerror="this.src=&#39;/wcsstore/ColesStorefrontAssetStore/dist/e0a775baf05f/images/spacer.gif&#39;" alt="Beef Bolar Blade Roast" width="110" height="110">
	</a>

<div class="detail">	
    <span role="presentation" aria-hidden="true" class="brand">Coles</span>
    <span class="item" role="presentation" aria-hidden="true">
        <a role="presentation" aria-hidden="true" class="product-url" href="http://shop.coles.com.au/online/national/coles-beef-roast-bolar-blade">
        	Beef Bolar Blade Roast&nbsp;
        	approx. 1.1kg
        </a>
    </span>
	<span class="size">
		Indicated price based on approx. weight. Weight may vary between 900g and 1.3kg.	
 	</span>
</div>


	<div class="purchasing">	    
	    <div class="saving">
	    	
	    </div>
	   	
	    		<div class="price"><span class="accessibility">Purchase price </span><small>$</small>12.10</div>
	    	
	    <div class="unit-price"><span class="accessibility">Unit price </span>$11.00 per 1Kg</div>
	    <div class="special-offer">	    	
	    	
	    </div> 
	    <div class="availability">Temporarily unavailable</div>
	    <div class="purchase">
		
			<input type="number" title="Add Quantity for Coles Beef Bolar Blade Roast approx. 1.1kg" name="quantity" id="catEntry_48286_qty" value="1" maxlength="2" size="2" class="v-mandatory v-numeric v-minval-1">
	        <button role="button" type="submit" title="Add to trolley Coles Beef Bolar Blade Roast approx. 1.1kg" class="btn-red action-addToTrolley"><span role="presentation" aria-hidden="true">Add to trolley</span></button>
		
		</div>
	</div>
	<div class="lists">
		
	</div>


	    <div class="actions">
	        			
			   <div class="MUItemForTrolleyDiv MUItemForTrolley_116313" data-catentry="116313">
		         <div class="MUul_116313"><div class="MUli_116313 hidden" aria-hidden="true"><span class="inTrolley"><span class="MUSpan_116313">0</span> in trolley</span></div></div>
		       </div>
		        <p class="clear"></p>
			 
			<div class="member-usuals-remove">
				<a href="http://shop.coles.com.au/online/SearchDisplay?searchTermScope=&multiSearch=&searchType=2&maxPrice=&showResultsPage=true&langId=-1&beginIndex=0&sType=SimpleSearch&browseView=true&metaData=&manufacturer=&resultCatEntryType=&catalogId=10576&pageView=image&minPrice=&urlLangId=-1&categoryId=28164&storeId=10601#" class="action-removeFromUsuals usuals-remove">Remove from list <span class="accessibility">Coles Beef Bolar Blade Roast approx. 1.1kg</span></a>			
			</div>
			
				<div class="list">
					<a href="http://shop.coles.com.au/online/SearchDisplay?searchTermScope=&multiSearch=&searchType=2&maxPrice=&showResultsPage=true&langId=-1&beginIndex=0&sType=SimpleSearch&browseView=true&metaData=&manufacturer=&resultCatEntryType=&catalogId=10576&pageView=image&minPrice=&urlLangId=-1&categoryId=28164&storeId=10601#" class="action-addToList action-list-add">Add to list <span class="accessibility">Coles Beef Bolar Blade Roast approx. 1.1kg</span></a> 
				</div>
				<div class="member-list-add">
					<a href="http://shop.coles.com.au/online/SearchDisplay?searchTermScope=&multiSearch=&searchType=2&maxPrice=&showResultsPage=true&langId=-1&beginIndex=0&sType=SimpleSearch&browseView=true&metaData=&manufacturer=&resultCatEntryType=&catalogId=10576&pageView=image&minPrice=&urlLangId=-1&categoryId=28164&storeId=10601#" class="action-addToList action-list-add">Add to another list <span class="accessibility">Coles Beef Bolar Blade Roast approx. 1.1kg</span></a>
				</div>
			
			<div class="member-list-remove">
				 <a href="http://shop.coles.com.au/online/SearchDisplay?searchTermScope=&multiSearch=&searchType=2&maxPrice=&showResultsPage=true&langId=-1&beginIndex=0&sType=SimpleSearch&browseView=true&metaData=&manufacturer=&resultCatEntryType=&catalogId=10576&pageView=image&minPrice=&urlLangId=-1&categoryId=28164&storeId=10601#" class="action-removeFromList">Remove from list <span class="accessibility">Coles Beef Bolar Blade Roast approx. 1.1kg</span></a> 
			</div>
			
				<div class="compareProd" role="presentation" aria-hidden="true">
					<a href="http://shop.coles.com.au/online/SearchDisplay?searchTermScope=&multiSearch=&searchType=2&maxPrice=&showResultsPage=true&langId=-1&beginIndex=0&sType=SimpleSearch&browseView=true&metaData=&manufacturer=&resultCatEntryType=&catalogId=10576&pageView=image&minPrice=&urlLangId=-1&categoryId=28164&storeId=10601#" class="compare compare-add">Compare</a>
				</div>
			
				<a href="http://shop.coles.com.au/online/national/coles-beef-roast-bolar-blade" class="product-url accessibility">More details for Coles&nbsp;Beef Bolar Blade Roast</a>
			
		</div>  
      

       	
		    <div role="presentation" aria-hidden="true" id="share" class="share" data-social="{productImgUrl:&#39;http://shop.coles.com.au:27900/wcsstore/Coles-CAS/images/8/6/0/8601456-th.jpg&#39;
	                                               ,productDisplayUrl:&#39;http://shop.coles.com.au/online/national/coles-beef-roast-bolar-blade&#39;
	                                               ,title:&#39;Coles Beef Bolar Blade Roast Indicated price based on approx. weight. Weight may vary between 900g and 1.3kg.&#39;
	                                               ,description:&#39;&#39;}">
		 	</div>
 		
	</div>
</div>


	</form>
</div>


<span class="available hidden"></span>


<div class="outer-prod prodtile" data-refresh="{
					catalogId: &quot;10576&quot;,
					doInventory: &quot;N&quot;,
					fulfillmentCenterId: &quot;11576&quot;,
					forStoreId: &quot;10401&quot;,
					
					productDisplayURL: &quot;http://shop.coles.com.au/online/national/coles-beef-t-bone-steak-2-3-pieces&quot;				
			}">
	<form id="catEntryForm_52590" name="catEntryForm_52590" action="http://shop.coles.com.au/online/AjaxOrderChangeServiceItemAdd">
		
<div class=" " data-catentry="catEntry_52590" data-refresh="{
				addCalculationUsage: &quot;-1&quot;,
				langId: &quot;-1&quot;,
				storeId: &quot;10601&quot;, 
				catEntryId: &quot;52590&quot;, 
				catEntryName: &quot;Beef T Bone Steak 2-3 pieces&quot;, 
				productView: &quot;list&quot;,
				productId: &quot;52590&quot;,
				itemId: &quot;112244&quot;,
				hideMultibuy: &quot;false&quot;,
                ticketType: &quot;&quot;,
                partNumber: &quot;8601616&quot;,
                offerCode: &quot;20150204&quot;
		}">
   	<div class="wrapper clearfix">   	
		

<h4 class="accessibility" id="heading_52590" tabindex="-1">
		Coles&nbsp;Beef T Bone Steak 2-3 pieces&nbsp;
		approx. 800g&nbsp;
		 
</h4> 

<div class="offer-icon"></div>
<a role="presentation" aria-hidden="true" class="product-url" href="http://shop.coles.com.au/online/national/coles-beef-t-bone-steak-2-3-pieces">
	    <img role="presentation" aria-hidden="true" class="photo" src="./beef_files/8601616-th.jpg" onerror="this.src=&#39;/wcsstore/ColesStorefrontAssetStore/dist/e0a775baf05f/images/spacer.gif&#39;" alt="Beef T Bone Steak 2-3 pieces" width="110" height="110">
	</a>

<div class="detail">	
    <span role="presentation" aria-hidden="true" class="brand">Coles</span>
    <span class="item" role="presentation" aria-hidden="true">
        <a role="presentation" aria-hidden="true" class="product-url" href="http://shop.coles.com.au/online/national/coles-beef-t-bone-steak-2-3-pieces">
        	Beef T Bone Steak 2-3 pieces&nbsp;
        	approx. 800g
        </a>
    </span>
	<span class="size">
		Indicated price based on approx. weight. Weight may vary between 750g and 850g.	
 	</span>
</div>


	<div class="purchasing">	    
	    <div class="saving">
	    	
	    </div>
	   	
	    		<div class="price"><span class="accessibility">Purchase price </span><small>$</small>18.40</div>
	    	
	    <div class="unit-price"><span class="accessibility">Unit price </span>$23.00 per 1Kg</div>
	    <div class="special-offer">	    	
	    	
	    </div> 
	    <div class="availability">Temporarily unavailable</div>
	    <div class="purchase">
		
			<input type="number" title="Add Quantity for Coles Beef T Bone Steak 2-3 pieces approx. 800g" name="quantity" id="catEntry_52590_qty" value="1" maxlength="2" size="2" class="v-mandatory v-numeric v-minval-1">
	        <button role="button" type="submit" title="Add to trolley Coles Beef T Bone Steak 2-3 pieces approx. 800g" class="btn-red action-addToTrolley"><span role="presentation" aria-hidden="true">Add to trolley</span></button>
		
		</div>
	</div>
	<div class="lists">
		
	</div>


	    <div class="actions">
	        			
			   <div class="MUItemForTrolleyDiv MUItemForTrolley_112244" data-catentry="112244">
		         <div class="MUul_112244"><div class="MUli_112244 hidden" aria-hidden="true"><span class="inTrolley"><span class="MUSpan_112244">0</span> in trolley</span></div></div>
		       </div>
		        <p class="clear"></p>
			 
			<div class="member-usuals-remove">
				<a href="http://shop.coles.com.au/online/SearchDisplay?searchTermScope=&multiSearch=&searchType=2&maxPrice=&showResultsPage=true&langId=-1&beginIndex=0&sType=SimpleSearch&browseView=true&metaData=&manufacturer=&resultCatEntryType=&catalogId=10576&pageView=image&minPrice=&urlLangId=-1&categoryId=28164&storeId=10601#" class="action-removeFromUsuals usuals-remove">Remove from list <span class="accessibility">Coles Beef T Bone Steak 2-3 pieces approx. 800g</span></a>			
			</div>
			
				<div class="list">
					<a href="http://shop.coles.com.au/online/SearchDisplay?searchTermScope=&multiSearch=&searchType=2&maxPrice=&showResultsPage=true&langId=-1&beginIndex=0&sType=SimpleSearch&browseView=true&metaData=&manufacturer=&resultCatEntryType=&catalogId=10576&pageView=image&minPrice=&urlLangId=-1&categoryId=28164&storeId=10601#" class="action-addToList action-list-add">Add to list <span class="accessibility">Coles Beef T Bone Steak 2-3 pieces approx. 800g</span></a> 
				</div>
				<div class="member-list-add">
					<a href="http://shop.coles.com.au/online/SearchDisplay?searchTermScope=&multiSearch=&searchType=2&maxPrice=&showResultsPage=true&langId=-1&beginIndex=0&sType=SimpleSearch&browseView=true&metaData=&manufacturer=&resultCatEntryType=&catalogId=10576&pageView=image&minPrice=&urlLangId=-1&categoryId=28164&storeId=10601#" class="action-addToList action-list-add">Add to another list <span class="accessibility">Coles Beef T Bone Steak 2-3 pieces approx. 800g</span></a>
				</div>
			
			<div class="member-list-remove">
				 <a href="http://shop.coles.com.au/online/SearchDisplay?searchTermScope=&multiSearch=&searchType=2&maxPrice=&showResultsPage=true&langId=-1&beginIndex=0&sType=SimpleSearch&browseView=true&metaData=&manufacturer=&resultCatEntryType=&catalogId=10576&pageView=image&minPrice=&urlLangId=-1&categoryId=28164&storeId=10601#" class="action-removeFromList">Remove from list <span class="accessibility">Coles Beef T Bone Steak 2-3 pieces approx. 800g</span></a> 
			</div>
			
				<div class="compareProd" role="presentation" aria-hidden="true">
					<a href="http://shop.coles.com.au/online/SearchDisplay?searchTermScope=&multiSearch=&searchType=2&maxPrice=&showResultsPage=true&langId=-1&beginIndex=0&sType=SimpleSearch&browseView=true&metaData=&manufacturer=&resultCatEntryType=&catalogId=10576&pageView=image&minPrice=&urlLangId=-1&categoryId=28164&storeId=10601#" class="compare compare-add">Compare</a>
				</div>
			
				<a href="http://shop.coles.com.au/online/national/coles-beef-t-bone-steak-2-3-pieces" class="product-url accessibility">More details for Coles&nbsp;Beef T Bone Steak 2-3 pieces</a>
			
		</div>  
      

       	
		    <div role="presentation" aria-hidden="true" id="share" class="share" data-social="{productImgUrl:&#39;http://shop.coles.com.au:27900/wcsstore/Coles-CAS/images/8/6/0/8601616-th.jpg&#39;
	                                               ,productDisplayUrl:&#39;http://shop.coles.com.au/online/national/coles-beef-t-bone-steak-2-3-pieces&#39;
	                                               ,title:&#39;Coles Beef T Bone Steak 2-3 pieces Indicated price based on approx. weight. Weight may vary between 750g and 850g.&#39;
	                                               ,description:&#39;Sold per Kg, Tray size: 11x9&#39;}">
		 	</div>
 		
	</div>
</div>


	</form>
</div>


<span class="available hidden"></span>


<div class="outer-prod prodtile" data-refresh="{
					catalogId: &quot;10576&quot;,
					doInventory: &quot;N&quot;,
					fulfillmentCenterId: &quot;11576&quot;,
					forStoreId: &quot;10401&quot;,
					
					productDisplayURL: &quot;http://shop.coles.com.au/online/national/coles-beef-cheeks&quot;				
			}">
	<form id="catEntryForm_400129" name="catEntryForm_400129" action="http://shop.coles.com.au/online/AjaxOrderChangeServiceItemAdd">
		
<div class=" " data-catentry="catEntry_400129" data-refresh="{
				addCalculationUsage: &quot;-1&quot;,
				langId: &quot;-1&quot;,
				storeId: &quot;10601&quot;, 
				catEntryId: &quot;400129&quot;, 
				catEntryName: &quot;Beef Cheeks&quot;, 
				productView: &quot;list&quot;,
				productId: &quot;400129&quot;,
				itemId: &quot;400285&quot;,
				hideMultibuy: &quot;false&quot;,
                ticketType: &quot;&quot;,
                partNumber: &quot;1836509&quot;,
                offerCode: &quot;20140806&quot;
		}">
   	<div class="wrapper clearfix">   	
		

<h4 class="accessibility" id="heading_400129" tabindex="-1">
		Coles&nbsp;Beef Cheeks&nbsp;
		approx. 550g&nbsp;
		 
</h4> 

<div class="offer-icon"></div>
<a role="presentation" aria-hidden="true" class="product-url" href="http://shop.coles.com.au/online/national/coles-beef-cheeks">
	    <img role="presentation" aria-hidden="true" class="photo" src="./beef_files/spacer.gif" onerror="this.src=&#39;/wcsstore/ColesStorefrontAssetStore/dist/e0a775baf05f/images/spacer.gif&#39;" alt="Beef Cheeks" width="110" height="110">
	</a>

<div class="detail">	
    <span role="presentation" aria-hidden="true" class="brand">Coles</span>
    <span class="item" role="presentation" aria-hidden="true">
        <a role="presentation" aria-hidden="true" class="product-url" href="http://shop.coles.com.au/online/national/coles-beef-cheeks">
        	Beef Cheeks&nbsp;
        	approx. 550g
        </a>
    </span>
	<span class="size">
		Indicated price based on approx. weight. Weight may vary between 500g and 600g.	
 	</span>
</div>


	<div class="purchasing">	    
	    <div class="saving">
	    	
	    </div>
	   	
	    		<div class="price"><span class="accessibility">Purchase price </span><small>$</small>6.05</div>
	    	
	    <div class="unit-price"><span class="accessibility">Unit price </span>$11.00 per 1Kg</div>
	    <div class="special-offer">	    	
	    	
	    </div> 
	    <div class="availability">Temporarily unavailable</div>
	    <div class="purchase">
		
			<input type="number" title="Add Quantity for Coles Beef Cheeks approx. 550g" name="quantity" id="catEntry_400129_qty" value="1" maxlength="2" size="2" class="v-mandatory v-numeric v-minval-1">
	        <button role="button" type="submit" title="Add to trolley Coles Beef Cheeks approx. 550g" class="btn-red action-addToTrolley"><span role="presentation" aria-hidden="true">Add to trolley</span></button>
		
		</div>
	</div>
	<div class="lists">
		
	</div>


	    <div class="actions">
	        			
			   <div class="MUItemForTrolleyDiv MUItemForTrolley_400285" data-catentry="400285">
		         <div class="MUul_400285"><div class="MUli_400285 hidden" aria-hidden="true"><span class="inTrolley"><span class="MUSpan_400285">0</span> in trolley</span></div></div>
		       </div>
		        <p class="clear"></p>
			 
			<div class="member-usuals-remove">
				<a href="http://shop.coles.com.au/online/SearchDisplay?searchTermScope=&multiSearch=&searchType=2&maxPrice=&showResultsPage=true&langId=-1&beginIndex=0&sType=SimpleSearch&browseView=true&metaData=&manufacturer=&resultCatEntryType=&catalogId=10576&pageView=image&minPrice=&urlLangId=-1&categoryId=28164&storeId=10601#" class="action-removeFromUsuals usuals-remove">Remove from list <span class="accessibility">Coles Beef Cheeks approx. 550g</span></a>			
			</div>
			
				<div class="list">
					<a href="http://shop.coles.com.au/online/SearchDisplay?searchTermScope=&multiSearch=&searchType=2&maxPrice=&showResultsPage=true&langId=-1&beginIndex=0&sType=SimpleSearch&browseView=true&metaData=&manufacturer=&resultCatEntryType=&catalogId=10576&pageView=image&minPrice=&urlLangId=-1&categoryId=28164&storeId=10601#" class="action-addToList action-list-add">Add to list <span class="accessibility">Coles Beef Cheeks approx. 550g</span></a> 
				</div>
				<div class="member-list-add">
					<a href="http://shop.coles.com.au/online/SearchDisplay?searchTermScope=&multiSearch=&searchType=2&maxPrice=&showResultsPage=true&langId=-1&beginIndex=0&sType=SimpleSearch&browseView=true&metaData=&manufacturer=&resultCatEntryType=&catalogId=10576&pageView=image&minPrice=&urlLangId=-1&categoryId=28164&storeId=10601#" class="action-addToList action-list-add">Add to another list <span class="accessibility">Coles Beef Cheeks approx. 550g</span></a>
				</div>
			
			<div class="member-list-remove">
				 <a href="http://shop.coles.com.au/online/SearchDisplay?searchTermScope=&multiSearch=&searchType=2&maxPrice=&showResultsPage=true&langId=-1&beginIndex=0&sType=SimpleSearch&browseView=true&metaData=&manufacturer=&resultCatEntryType=&catalogId=10576&pageView=image&minPrice=&urlLangId=-1&categoryId=28164&storeId=10601#" class="action-removeFromList">Remove from list <span class="accessibility">Coles Beef Cheeks approx. 550g</span></a> 
			</div>
			
				<div class="compareProd" role="presentation" aria-hidden="true">
					<a href="http://shop.coles.com.au/online/SearchDisplay?searchTermScope=&multiSearch=&searchType=2&maxPrice=&showResultsPage=true&langId=-1&beginIndex=0&sType=SimpleSearch&browseView=true&metaData=&manufacturer=&resultCatEntryType=&catalogId=10576&pageView=image&minPrice=&urlLangId=-1&categoryId=28164&storeId=10601#" class="compare compare-add">Compare</a>
				</div>
			
				<a href="http://shop.coles.com.au/online/national/coles-beef-cheeks" class="product-url accessibility">More details for Coles&nbsp;Beef Cheeks</a>
			
		</div>  
      

       	
		    <div role="presentation" aria-hidden="true" id="share" class="share" data-social="{productImgUrl:&#39;http://shop.coles.com.au:27900/wcsstore/Coles-CAS/images/1/8/3/1836509-th.jpg&#39;
	                                               ,productDisplayUrl:&#39;http://shop.coles.com.au/online/national/coles-beef-cheeks&#39;
	                                               ,title:&#39;Coles Beef Cheeks Indicated price based on approx. weight. Weight may vary between 500g and 600g.&#39;
	                                               ,description:&#39;Coles Beef Cheeks (Papillae off)&#39;}">
		 	</div>
 		
	</div>
</div>


	</form>
</div>


<span class="unavailable hidden"></span>


<div class="outer-prod prodtile" data-refresh="{
					catalogId: &quot;10576&quot;,
					doInventory: &quot;N&quot;,
					fulfillmentCenterId: &quot;11576&quot;,
					forStoreId: &quot;10401&quot;,
					
					productDisplayURL: &quot;http://shop.coles.com.au/online/national/cleavers-organic-beef-sizzle-steaks&quot;				
			}">
	<form id="catEntryForm_252043" name="catEntryForm_252043" action="http://shop.coles.com.au/online/AjaxOrderChangeServiceItemAdd">
		
<div class=" " data-catentry="catEntry_252043" data-refresh="{
				addCalculationUsage: &quot;-1&quot;,
				langId: &quot;-1&quot;,
				storeId: &quot;10601&quot;, 
				catEntryId: &quot;252043&quot;, 
				catEntryName: &quot;Beef Sizzle Steaks&quot;, 
				productView: &quot;list&quot;,
				productId: &quot;252043&quot;,
				itemId: &quot;252082&quot;,
				hideMultibuy: &quot;false&quot;,
                ticketType: &quot;&quot;,
                partNumber: &quot;1499249&quot;,
                offerCode: &quot;20150202&quot;
		}">
   	<div class="wrapper clearfix">   	
		

<h4 class="accessibility" id="heading_252043" tabindex="-1">
		Cleavers Organic&nbsp;Beef Sizzle Steaks&nbsp;
		450g&nbsp;
		 
</h4> 

<div class="offer-icon"></div>
<a role="presentation" aria-hidden="true" class="product-url" href="http://shop.coles.com.au/online/national/cleavers-organic-beef-sizzle-steaks">
	    <img role="presentation" aria-hidden="true" class="photo" src="./beef_files/1499249-th.jpg" onerror="this.src=&#39;/wcsstore/ColesStorefrontAssetStore/dist/e0a775baf05f/images/spacer.gif&#39;" alt="Beef Sizzle Steaks" width="110" height="110">
	</a>

<div class="detail">	
    <span role="presentation" aria-hidden="true" class="brand">Cleavers Organic</span>
    <span class="item" role="presentation" aria-hidden="true">
        <a role="presentation" aria-hidden="true" class="product-url" href="http://shop.coles.com.au/online/national/cleavers-organic-beef-sizzle-steaks">
        	Beef Sizzle Steaks&nbsp;
        	450g
        </a>
    </span>
	<span class="size">
			
 	</span>
</div>


	<div class="purchasing">	    
	    <div class="saving">
	    	
	    </div>
	   	
	    		<div class="price"><span class="accessibility">Purchase price </span><small>$</small>8.00</div>
	    	
	    <div class="unit-price"><span class="accessibility">Unit price </span>$17.78 per 1Kg</div>
	    <div class="special-offer">	    	
	    	
	    </div> 
	    <div class="availability">Temporarily unavailable</div>
	    <div class="purchase">
		
			<input type="number" title="Add Quantity for Cleavers Organic Beef Sizzle Steaks 450g" name="quantity" id="catEntry_252043_qty" value="1" maxlength="2" size="2" class="v-mandatory v-numeric v-minval-1">
	        <button role="button" type="submit" title="Add to trolley Cleavers Organic Beef Sizzle Steaks 450g" class="btn-red action-addToTrolley"><span role="presentation" aria-hidden="true">Add to trolley</span></button>
		
		</div>
	</div>
	<div class="lists">
		
	</div>


	    <div class="actions">
	        			
			   <div class="MUItemForTrolleyDiv MUItemForTrolley_252082" data-catentry="252082">
		         <div class="MUul_252082"><div class="MUli_252082 hidden" aria-hidden="true"><span class="inTrolley"><span class="MUSpan_252082">0</span> in trolley</span></div></div>
		       </div>
		        <p class="clear"></p>
			 
			<div class="member-usuals-remove">
				<a href="http://shop.coles.com.au/online/SearchDisplay?searchTermScope=&multiSearch=&searchType=2&maxPrice=&showResultsPage=true&langId=-1&beginIndex=0&sType=SimpleSearch&browseView=true&metaData=&manufacturer=&resultCatEntryType=&catalogId=10576&pageView=image&minPrice=&urlLangId=-1&categoryId=28164&storeId=10601#" class="action-removeFromUsuals usuals-remove">Remove from list <span class="accessibility">Cleavers Organic Beef Sizzle Steaks 450g</span></a>			
			</div>
			
				<div class="list">
					<a href="http://shop.coles.com.au/online/SearchDisplay?searchTermScope=&multiSearch=&searchType=2&maxPrice=&showResultsPage=true&langId=-1&beginIndex=0&sType=SimpleSearch&browseView=true&metaData=&manufacturer=&resultCatEntryType=&catalogId=10576&pageView=image&minPrice=&urlLangId=-1&categoryId=28164&storeId=10601#" class="action-addToList action-list-add">Add to list <span class="accessibility">Cleavers Organic Beef Sizzle Steaks 450g</span></a> 
				</div>
				<div class="member-list-add">
					<a href="http://shop.coles.com.au/online/SearchDisplay?searchTermScope=&multiSearch=&searchType=2&maxPrice=&showResultsPage=true&langId=-1&beginIndex=0&sType=SimpleSearch&browseView=true&metaData=&manufacturer=&resultCatEntryType=&catalogId=10576&pageView=image&minPrice=&urlLangId=-1&categoryId=28164&storeId=10601#" class="action-addToList action-list-add">Add to another list <span class="accessibility">Cleavers Organic Beef Sizzle Steaks 450g</span></a>
				</div>
			
			<div class="member-list-remove">
				 <a href="http://shop.coles.com.au/online/SearchDisplay?searchTermScope=&multiSearch=&searchType=2&maxPrice=&showResultsPage=true&langId=-1&beginIndex=0&sType=SimpleSearch&browseView=true&metaData=&manufacturer=&resultCatEntryType=&catalogId=10576&pageView=image&minPrice=&urlLangId=-1&categoryId=28164&storeId=10601#" class="action-removeFromList">Remove from list <span class="accessibility">Cleavers Organic Beef Sizzle Steaks 450g</span></a> 
			</div>
			
				<div class="compareProd" role="presentation" aria-hidden="true">
					<a href="http://shop.coles.com.au/online/SearchDisplay?searchTermScope=&multiSearch=&searchType=2&maxPrice=&showResultsPage=true&langId=-1&beginIndex=0&sType=SimpleSearch&browseView=true&metaData=&manufacturer=&resultCatEntryType=&catalogId=10576&pageView=image&minPrice=&urlLangId=-1&categoryId=28164&storeId=10601#" class="compare compare-add">Compare</a>
				</div>
			
				<a href="http://shop.coles.com.au/online/national/cleavers-organic-beef-sizzle-steaks" class="product-url accessibility">More details for Cleavers Organic&nbsp;Beef Sizzle Steaks</a>
			
		</div>  
      

       	
		    <div role="presentation" aria-hidden="true" id="share" class="share" data-social="{productImgUrl:&#39;http://shop.coles.com.au:27900/wcsstore/Coles-CAS/images/1/4/9/1499249-th.jpg&#39;
	                                               ,productDisplayUrl:&#39;http://shop.coles.com.au/online/national/cleavers-organic-beef-sizzle-steaks&#39;
	                                               ,title:&#39;Cleavers Organic Beef Sizzle Steaks &#39;
	                                               ,description:&#39;&#39;}">
		 	</div>
 		
	</div>
</div>


	</form>
</div>


<span class="available hidden"></span>


<div class="outer-prod prodtile" data-refresh="{
					catalogId: &quot;10576&quot;,
					doInventory: &quot;N&quot;,
					fulfillmentCenterId: &quot;11576&quot;,
					forStoreId: &quot;10401&quot;,
					
					productDisplayURL: &quot;http://shop.coles.com.au/online/national/coles-beef-chuck-casserole-steak&quot;				
			}">
	<form id="catEntryForm_11262" name="catEntryForm_11262" action="http://shop.coles.com.au/online/AjaxOrderChangeServiceItemAdd">
		
<div class=" " data-catentry="catEntry_11262" data-refresh="{
				addCalculationUsage: &quot;-1&quot;,
				langId: &quot;-1&quot;,
				storeId: &quot;10601&quot;, 
				catEntryId: &quot;11262&quot;, 
				catEntryName: &quot;Beef Chuck Casserole Steak&quot;, 
				productView: &quot;list&quot;,
				productId: &quot;11262&quot;,
				itemId: &quot;34226&quot;,
				hideMultibuy: &quot;false&quot;,
                ticketType: &quot;&quot;,
                partNumber: &quot;9169317&quot;,
                offerCode: &quot;20140627&quot;
		}">
   	<div class="wrapper clearfix">   	
		

<h4 class="accessibility" id="heading_11262" tabindex="-1">
		Coles&nbsp;Beef Chuck Casserole Steak&nbsp;
		approx. 800g&nbsp;
		 
</h4> 

<div class="offer-icon"></div>
<a role="presentation" aria-hidden="true" class="product-url" href="http://shop.coles.com.au/online/national/coles-beef-chuck-casserole-steak">
	    <img role="presentation" aria-hidden="true" class="photo" src="./beef_files/spacer.gif" onerror="this.src=&#39;/wcsstore/ColesStorefrontAssetStore/dist/e0a775baf05f/images/spacer.gif&#39;" alt="Beef Chuck Casserole Steak" width="110" height="110">
	</a>

<div class="detail">	
    <span role="presentation" aria-hidden="true" class="brand">Coles</span>
    <span class="item" role="presentation" aria-hidden="true">
        <a role="presentation" aria-hidden="true" class="product-url" href="http://shop.coles.com.au/online/national/coles-beef-chuck-casserole-steak">
        	Beef Chuck Casserole Steak&nbsp;
        	approx. 800g
        </a>
    </span>
	<span class="size">
		Indicated price based on approx. weight. Weight may vary between 700g and 900g.	
 	</span>
</div>


	<div class="purchasing">	    
	    <div class="saving">
	    	
	    </div>
	   	
	    		<div class="price"><span class="accessibility">Purchase price </span><small>$</small>9.60</div>
	    	
	    <div class="unit-price"><span class="accessibility">Unit price </span>$12.00 per 1Kg</div>
	    <div class="special-offer">	    	
	    	
	    </div> 
	    <div class="availability">Temporarily unavailable</div>
	    <div class="purchase">
		
			<input type="number" title="Add Quantity for Coles Beef Chuck Casserole Steak approx. 800g" name="quantity" id="catEntry_11262_qty" value="1" maxlength="2" size="2" class="v-mandatory v-numeric v-minval-1">
	        <button role="button" type="submit" title="Add to trolley Coles Beef Chuck Casserole Steak approx. 800g" class="btn-red action-addToTrolley"><span role="presentation" aria-hidden="true">Add to trolley</span></button>
		
		</div>
	</div>
	<div class="lists">
		
	</div>


	    <div class="actions">
	        			
			   <div class="MUItemForTrolleyDiv MUItemForTrolley_34226" data-catentry="34226">
		         <div class="MUul_34226"><div class="MUli_34226 hidden" aria-hidden="true"><span class="inTrolley"><span class="MUSpan_34226">0</span> in trolley</span></div></div>
		       </div>
		        <p class="clear"></p>
			 
			<div class="member-usuals-remove">
				<a href="http://shop.coles.com.au/online/SearchDisplay?searchTermScope=&multiSearch=&searchType=2&maxPrice=&showResultsPage=true&langId=-1&beginIndex=0&sType=SimpleSearch&browseView=true&metaData=&manufacturer=&resultCatEntryType=&catalogId=10576&pageView=image&minPrice=&urlLangId=-1&categoryId=28164&storeId=10601#" class="action-removeFromUsuals usuals-remove">Remove from list <span class="accessibility">Coles Beef Chuck Casserole Steak approx. 800g</span></a>			
			</div>
			
				<div class="list">
					<a href="http://shop.coles.com.au/online/SearchDisplay?searchTermScope=&multiSearch=&searchType=2&maxPrice=&showResultsPage=true&langId=-1&beginIndex=0&sType=SimpleSearch&browseView=true&metaData=&manufacturer=&resultCatEntryType=&catalogId=10576&pageView=image&minPrice=&urlLangId=-1&categoryId=28164&storeId=10601#" class="action-addToList action-list-add">Add to list <span class="accessibility">Coles Beef Chuck Casserole Steak approx. 800g</span></a> 
				</div>
				<div class="member-list-add">
					<a href="http://shop.coles.com.au/online/SearchDisplay?searchTermScope=&multiSearch=&searchType=2&maxPrice=&showResultsPage=true&langId=-1&beginIndex=0&sType=SimpleSearch&browseView=true&metaData=&manufacturer=&resultCatEntryType=&catalogId=10576&pageView=image&minPrice=&urlLangId=-1&categoryId=28164&storeId=10601#" class="action-addToList action-list-add">Add to another list <span class="accessibility">Coles Beef Chuck Casserole Steak approx. 800g</span></a>
				</div>
			
			<div class="member-list-remove">
				 <a href="http://shop.coles.com.au/online/SearchDisplay?searchTermScope=&multiSearch=&searchType=2&maxPrice=&showResultsPage=true&langId=-1&beginIndex=0&sType=SimpleSearch&browseView=true&metaData=&manufacturer=&resultCatEntryType=&catalogId=10576&pageView=image&minPrice=&urlLangId=-1&categoryId=28164&storeId=10601#" class="action-removeFromList">Remove from list <span class="accessibility">Coles Beef Chuck Casserole Steak approx. 800g</span></a> 
			</div>
			
				<div class="compareProd" role="presentation" aria-hidden="true">
					<a href="http://shop.coles.com.au/online/SearchDisplay?searchTermScope=&multiSearch=&searchType=2&maxPrice=&showResultsPage=true&langId=-1&beginIndex=0&sType=SimpleSearch&browseView=true&metaData=&manufacturer=&resultCatEntryType=&catalogId=10576&pageView=image&minPrice=&urlLangId=-1&categoryId=28164&storeId=10601#" class="compare compare-add">Compare</a>
				</div>
			
				<a href="http://shop.coles.com.au/online/national/coles-beef-chuck-casserole-steak" class="product-url accessibility">More details for Coles&nbsp;Beef Chuck Casserole Steak</a>
			
		</div>  
      

       	
		    <div role="presentation" aria-hidden="true" id="share" class="share" data-social="{productImgUrl:&#39;http://shop.coles.com.au:27900/wcsstore/Coles-CAS/images/9/1/6/9169317-th.jpg&#39;
	                                               ,productDisplayUrl:&#39;http://shop.coles.com.au/online/national/coles-beef-chuck-casserole-steak&#39;
	                                               ,title:&#39;Coles Beef Chuck Casserole Steak Indicated price based on approx. weight. Weight may vary between 700g and 900g.&#39;
	                                               ,description:&#39;&#39;}">
		 	</div>
 		
	</div>
</div>


	</form>
</div>


<span class="available hidden"></span>


<div class="outer-prod prodtile" data-refresh="{
					catalogId: &quot;10576&quot;,
					doInventory: &quot;N&quot;,
					fulfillmentCenterId: &quot;11576&quot;,
					forStoreId: &quot;10401&quot;,
					
					productDisplayURL: &quot;http://shop.coles.com.au/online/national/coles-beef-blade-casserole-steak&quot;				
			}">
	<form id="catEntryForm_16628" name="catEntryForm_16628" action="http://shop.coles.com.au/online/AjaxOrderChangeServiceItemAdd">
		
<div class=" " data-catentry="catEntry_16628" data-refresh="{
				addCalculationUsage: &quot;-1&quot;,
				langId: &quot;-1&quot;,
				storeId: &quot;10601&quot;, 
				catEntryId: &quot;16628&quot;, 
				catEntryName: &quot;Beef Blade Casserole Steak&quot;, 
				productView: &quot;list&quot;,
				productId: &quot;16628&quot;,
				itemId: &quot;36463&quot;,
				hideMultibuy: &quot;false&quot;,
                ticketType: &quot;&quot;,
                partNumber: &quot;467451&quot;,
                offerCode: &quot;20140912&quot;
		}">
   	<div class="wrapper clearfix">   	
		

<h4 class="accessibility" id="heading_16628" tabindex="-1">
		Coles&nbsp;Beef Blade Casserole Steak&nbsp;
		approx. 300g&nbsp;
		 
</h4> 

<div class="offer-icon"></div>
<a role="presentation" aria-hidden="true" class="product-url" href="http://shop.coles.com.au/online/national/coles-beef-blade-casserole-steak">
	    <img role="presentation" aria-hidden="true" class="photo" src="./beef_files/spacer.gif" onerror="this.src=&#39;/wcsstore/ColesStorefrontAssetStore/dist/e0a775baf05f/images/spacer.gif&#39;" alt="Beef Blade Casserole Steak" width="110" height="110">
	</a>

<div class="detail">	
    <span role="presentation" aria-hidden="true" class="brand">Coles</span>
    <span class="item" role="presentation" aria-hidden="true">
        <a role="presentation" aria-hidden="true" class="product-url" href="http://shop.coles.com.au/online/national/coles-beef-blade-casserole-steak">
        	Beef Blade Casserole Steak&nbsp;
        	approx. 300g
        </a>
    </span>
	<span class="size">
		Indicated price based on approx. weight. Weight may vary between 250g and 350g.	
 	</span>
</div>


	<div class="purchasing">	    
	    <div class="saving">
	    	
	    </div>
	   	
	    		<div class="price"><span class="accessibility">Purchase price </span><small>$</small>4.19</div>
	    	
	    <div class="unit-price"><span class="accessibility">Unit price </span>$13.95 per 1Kg</div>
	    <div class="special-offer">	    	
	    	
	    </div> 
	    <div class="availability">Temporarily unavailable</div>
	    <div class="purchase">
		
			<input type="number" title="Add Quantity for Coles Beef Blade Casserole Steak approx. 300g" name="quantity" id="catEntry_16628_qty" value="1" maxlength="2" size="2" class="v-mandatory v-numeric v-minval-1">
	        <button role="button" type="submit" title="Add to trolley Coles Beef Blade Casserole Steak approx. 300g" class="btn-red action-addToTrolley"><span role="presentation" aria-hidden="true">Add to trolley</span></button>
		
		</div>
	</div>
	<div class="lists">
		
	</div>


	    <div class="actions">
	        			
			   <div class="MUItemForTrolleyDiv MUItemForTrolley_36463" data-catentry="36463">
		         <div class="MUul_36463"><div class="MUli_36463 hidden" aria-hidden="true"><span class="inTrolley"><span class="MUSpan_36463">0</span> in trolley</span></div></div>
		       </div>
		        <p class="clear"></p>
			 
			<div class="member-usuals-remove">
				<a href="http://shop.coles.com.au/online/SearchDisplay?searchTermScope=&multiSearch=&searchType=2&maxPrice=&showResultsPage=true&langId=-1&beginIndex=0&sType=SimpleSearch&browseView=true&metaData=&manufacturer=&resultCatEntryType=&catalogId=10576&pageView=image&minPrice=&urlLangId=-1&categoryId=28164&storeId=10601#" class="action-removeFromUsuals usuals-remove">Remove from list <span class="accessibility">Coles Beef Blade Casserole Steak approx. 300g</span></a>			
			</div>
			
				<div class="list">
					<a href="http://shop.coles.com.au/online/SearchDisplay?searchTermScope=&multiSearch=&searchType=2&maxPrice=&showResultsPage=true&langId=-1&beginIndex=0&sType=SimpleSearch&browseView=true&metaData=&manufacturer=&resultCatEntryType=&catalogId=10576&pageView=image&minPrice=&urlLangId=-1&categoryId=28164&storeId=10601#" class="action-addToList action-list-add">Add to list <span class="accessibility">Coles Beef Blade Casserole Steak approx. 300g</span></a> 
				</div>
				<div class="member-list-add">
					<a href="http://shop.coles.com.au/online/SearchDisplay?searchTermScope=&multiSearch=&searchType=2&maxPrice=&showResultsPage=true&langId=-1&beginIndex=0&sType=SimpleSearch&browseView=true&metaData=&manufacturer=&resultCatEntryType=&catalogId=10576&pageView=image&minPrice=&urlLangId=-1&categoryId=28164&storeId=10601#" class="action-addToList action-list-add">Add to another list <span class="accessibility">Coles Beef Blade Casserole Steak approx. 300g</span></a>
				</div>
			
			<div class="member-list-remove">
				 <a href="http://shop.coles.com.au/online/SearchDisplay?searchTermScope=&multiSearch=&searchType=2&maxPrice=&showResultsPage=true&langId=-1&beginIndex=0&sType=SimpleSearch&browseView=true&metaData=&manufacturer=&resultCatEntryType=&catalogId=10576&pageView=image&minPrice=&urlLangId=-1&categoryId=28164&storeId=10601#" class="action-removeFromList">Remove from list <span class="accessibility">Coles Beef Blade Casserole Steak approx. 300g</span></a> 
			</div>
			
				<div class="compareProd" role="presentation" aria-hidden="true">
					<a href="http://shop.coles.com.au/online/SearchDisplay?searchTermScope=&multiSearch=&searchType=2&maxPrice=&showResultsPage=true&langId=-1&beginIndex=0&sType=SimpleSearch&browseView=true&metaData=&manufacturer=&resultCatEntryType=&catalogId=10576&pageView=image&minPrice=&urlLangId=-1&categoryId=28164&storeId=10601#" class="compare compare-add">Compare</a>
				</div>
			
				<a href="http://shop.coles.com.au/online/national/coles-beef-blade-casserole-steak" class="product-url accessibility">More details for Coles&nbsp;Beef Blade Casserole Steak</a>
			
		</div>  
      

       	
		    <div role="presentation" aria-hidden="true" id="share" class="share" data-social="{productImgUrl:&#39;http://shop.coles.com.au:27900/wcsstore/Coles-CAS/images/4/6/7/467451-th.jpg&#39;
	                                               ,productDisplayUrl:&#39;http://shop.coles.com.au/online/national/coles-beef-blade-casserole-steak&#39;
	                                               ,title:&#39;Coles Beef Blade Casserole Steak Indicated price based on approx. weight. Weight may vary between 250g and 350g.&#39;
	                                               ,description:&#39;&#39;}">
		 	</div>
 		
	</div>
</div>


	</form>
</div>


<span class="available hidden"></span>


<div class="outer-prod prodtile" data-refresh="{
					catalogId: &quot;10576&quot;,
					doInventory: &quot;N&quot;,
					fulfillmentCenterId: &quot;11576&quot;,
					forStoreId: &quot;10401&quot;,
					
					productDisplayURL: &quot;http://shop.coles.com.au/online/national/coles-beef-oyster-blade-steak&quot;				
			}">
	<form id="catEntryForm_25007" name="catEntryForm_25007" action="http://shop.coles.com.au/online/AjaxOrderChangeServiceItemAdd">
		
<div class=" " data-catentry="catEntry_25007" data-refresh="{
				addCalculationUsage: &quot;-1&quot;,
				langId: &quot;-1&quot;,
				storeId: &quot;10601&quot;, 
				catEntryId: &quot;25007&quot;, 
				catEntryName: &quot;Beef Oyster Blade Steak 4-5 Pieces&quot;, 
				productView: &quot;list&quot;,
				productId: &quot;25007&quot;,
				itemId: &quot;38640&quot;,
				hideMultibuy: &quot;false&quot;,
                ticketType: &quot;&quot;,
                partNumber: &quot;434033&quot;,
                offerCode: &quot;20141126&quot;
		}">
   	<div class="wrapper clearfix">   	
		

<h4 class="accessibility" id="heading_25007" tabindex="-1">
		Coles&nbsp;Beef Oyster Blade Steak 4-5 Pieces&nbsp;
		approx. 450g&nbsp;
		 
</h4> 

<div class="offer-icon"></div>
<a role="presentation" aria-hidden="true" class="product-url" href="http://shop.coles.com.au/online/national/coles-beef-oyster-blade-steak">
	    <img role="presentation" aria-hidden="true" class="photo" src="./beef_files/434033-th.jpg" onerror="this.src=&#39;/wcsstore/ColesStorefrontAssetStore/dist/e0a775baf05f/images/spacer.gif&#39;" alt="Beef Oyster Blade Steak 4-5 Pieces" width="110" height="110">
	</a>

<div class="detail">	
    <span role="presentation" aria-hidden="true" class="brand">Coles</span>
    <span class="item" role="presentation" aria-hidden="true">
        <a role="presentation" aria-hidden="true" class="product-url" href="http://shop.coles.com.au/online/national/coles-beef-oyster-blade-steak">
        	Beef Oyster Blade Steak 4-5 Pieces&nbsp;
        	approx. 450g
        </a>
    </span>
	<span class="size">
		Indicated price based on approx. weight. Weight may vary between 400g and 500g.	
 	</span>
</div>


	<div class="purchasing">	    
	    <div class="saving">
	    	
	    </div>
	   	
	    		<div class="price"><span class="accessibility">Purchase price </span><small>$</small>5.85</div>
	    	
	    <div class="unit-price"><span class="accessibility">Unit price </span>$12.99 per 1Kg</div>
	    <div class="special-offer">	    	
	    	
	    </div> 
	    <div class="availability">Temporarily unavailable</div>
	    <div class="purchase">
		
			<input type="number" title="Add Quantity for Coles Beef Oyster Blade Steak 4-5 Pieces approx. 450g" name="quantity" id="catEntry_25007_qty" value="1" maxlength="2" size="2" class="v-mandatory v-numeric v-minval-1">
	        <button role="button" type="submit" title="Add to trolley Coles Beef Oyster Blade Steak 4-5 Pieces approx. 450g" class="btn-red action-addToTrolley"><span role="presentation" aria-hidden="true">Add to trolley</span></button>
		
		</div>
	</div>
	<div class="lists">
		
	</div>


	    <div class="actions">
	        			
			   <div class="MUItemForTrolleyDiv MUItemForTrolley_38640" data-catentry="38640">
		         <div class="MUul_38640"><div class="MUli_38640 hidden" aria-hidden="true"><span class="inTrolley"><span class="MUSpan_38640">0</span> in trolley</span></div></div>
		       </div>
		        <p class="clear"></p>
			 
			<div class="member-usuals-remove">
				<a href="http://shop.coles.com.au/online/SearchDisplay?searchTermScope=&multiSearch=&searchType=2&maxPrice=&showResultsPage=true&langId=-1&beginIndex=0&sType=SimpleSearch&browseView=true&metaData=&manufacturer=&resultCatEntryType=&catalogId=10576&pageView=image&minPrice=&urlLangId=-1&categoryId=28164&storeId=10601#" class="action-removeFromUsuals usuals-remove">Remove from list <span class="accessibility">Coles Beef Oyster Blade Steak 4-5 Pieces approx. 450g</span></a>			
			</div>
			
				<div class="list">
					<a href="http://shop.coles.com.au/online/SearchDisplay?searchTermScope=&multiSearch=&searchType=2&maxPrice=&showResultsPage=true&langId=-1&beginIndex=0&sType=SimpleSearch&browseView=true&metaData=&manufacturer=&resultCatEntryType=&catalogId=10576&pageView=image&minPrice=&urlLangId=-1&categoryId=28164&storeId=10601#" class="action-addToList action-list-add">Add to list <span class="accessibility">Coles Beef Oyster Blade Steak 4-5 Pieces approx. 450g</span></a> 
				</div>
				<div class="member-list-add">
					<a href="http://shop.coles.com.au/online/SearchDisplay?searchTermScope=&multiSearch=&searchType=2&maxPrice=&showResultsPage=true&langId=-1&beginIndex=0&sType=SimpleSearch&browseView=true&metaData=&manufacturer=&resultCatEntryType=&catalogId=10576&pageView=image&minPrice=&urlLangId=-1&categoryId=28164&storeId=10601#" class="action-addToList action-list-add">Add to another list <span class="accessibility">Coles Beef Oyster Blade Steak 4-5 Pieces approx. 450g</span></a>
				</div>
			
			<div class="member-list-remove">
				 <a href="http://shop.coles.com.au/online/SearchDisplay?searchTermScope=&multiSearch=&searchType=2&maxPrice=&showResultsPage=true&langId=-1&beginIndex=0&sType=SimpleSearch&browseView=true&metaData=&manufacturer=&resultCatEntryType=&catalogId=10576&pageView=image&minPrice=&urlLangId=-1&categoryId=28164&storeId=10601#" class="action-removeFromList">Remove from list <span class="accessibility">Coles Beef Oyster Blade Steak 4-5 Pieces approx. 450g</span></a> 
			</div>
			
				<div class="compareProd" role="presentation" aria-hidden="true">
					<a href="http://shop.coles.com.au/online/SearchDisplay?searchTermScope=&multiSearch=&searchType=2&maxPrice=&showResultsPage=true&langId=-1&beginIndex=0&sType=SimpleSearch&browseView=true&metaData=&manufacturer=&resultCatEntryType=&catalogId=10576&pageView=image&minPrice=&urlLangId=-1&categoryId=28164&storeId=10601#" class="compare compare-add">Compare</a>
				</div>
			
				<a href="http://shop.coles.com.au/online/national/coles-beef-oyster-blade-steak" class="product-url accessibility">More details for Coles&nbsp;Beef Oyster Blade Steak 4-5 Pieces</a>
			
		</div>  
      

       	
		    <div role="presentation" aria-hidden="true" id="share" class="share" data-social="{productImgUrl:&#39;http://shop.coles.com.au:27900/wcsstore/Coles-CAS/images/4/3/4/434033-th.jpg&#39;
	                                               ,productDisplayUrl:&#39;http://shop.coles.com.au/online/national/coles-beef-oyster-blade-steak&#39;
	                                               ,title:&#39;Coles Beef Oyster Blade Steak 4-5 Pieces Indicated price based on approx. weight. Weight may vary between 400g and 500g.&#39;
	                                               ,description:&#39;&#39;}">
		 	</div>
 		
	</div>
</div>


	</form>
</div>


<span class="available hidden"></span>


<div class="outer-prod prodtile" data-refresh="{
					catalogId: &quot;10576&quot;,
					doInventory: &quot;N&quot;,
					fulfillmentCenterId: &quot;11576&quot;,
					forStoreId: &quot;10401&quot;,
					
					productDisplayURL: &quot;http://shop.coles.com.au/online/national/coles-beef-chuck-casserole-steak-5177652p&quot;				
			}">
	<form id="catEntryForm_83012" name="catEntryForm_83012" action="http://shop.coles.com.au/online/AjaxOrderChangeServiceItemAdd">
		
<div class=" " data-catentry="catEntry_83012" data-refresh="{
				addCalculationUsage: &quot;-1&quot;,
				langId: &quot;-1&quot;,
				storeId: &quot;10601&quot;, 
				catEntryId: &quot;83012&quot;, 
				catEntryName: &quot;Beef Chuck Casserole Steak&quot;, 
				productView: &quot;&quot;,
				productId: &quot;83012&quot;,
				itemId: &quot;146176&quot;,
				hideMultibuy: &quot;false&quot;,
                ticketType: &quot;&quot;,
                partNumber: &quot;5177652&quot;,
                offerCode: &quot;20140627&quot;
		}">
   	<div class="wrapper clearfix">   	
		

<h4 class="accessibility" id="heading_83012" tabindex="-1">
		Coles&nbsp;Beef Chuck Casserole Steak&nbsp;
		approx. 400g&nbsp;
		 
</h4> 

<div class="offer-icon"></div>
<a role="presentation" aria-hidden="true" class="product-url" href="http://shop.coles.com.au/online/national/coles-beef-chuck-casserole-steak-5177652p">
	    <img role="presentation" aria-hidden="true" class="photo" src="./beef_files/spacer.gif" onerror="this.src=&#39;/wcsstore/ColesStorefrontAssetStore/dist/e0a775baf05f/images/spacer.gif&#39;" alt="Beef Chuck Casserole Steak" width="110" height="110">
	</a>

<div class="detail">	
    <span role="presentation" aria-hidden="true" class="brand">Coles</span>
    <span class="item" role="presentation" aria-hidden="true">
        <a role="presentation" aria-hidden="true" class="product-url" href="http://shop.coles.com.au/online/national/coles-beef-chuck-casserole-steak-5177652p">
        	Beef Chuck Casserole Steak&nbsp;
        	approx. 400g
        </a>
    </span>
	<span class="size">
		Indicated price based on approx. weight. Weight may vary between 350g and 450g.	
 	</span>
</div>


	<div class="purchasing">	    
	    <div class="saving">
	    	
	    </div>
	   	
	    		<div class="price"><span class="accessibility">Purchase price </span><small>$</small>4.80</div>
	    	
	    <div class="unit-price"><span class="accessibility">Unit price </span>$12.00 per 1Kg</div>
	    <div class="special-offer">	    	
	    	
	    </div> 
	    <div class="availability">Temporarily unavailable</div>
	    <div class="purchase">
		
			<input type="number" title="Add Quantity for Coles Beef Chuck Casserole Steak approx. 400g" name="quantity" id="catEntry_83012_qty" value="1" maxlength="2" size="2" class="v-mandatory v-numeric v-minval-1">
	        <button role="button" type="submit" title="Add to trolley Coles Beef Chuck Casserole Steak approx. 400g" class="btn-red action-addToTrolley"><span role="presentation" aria-hidden="true">Add to trolley</span></button>
		
		</div>
	</div>
	<div class="lists">
		
	</div>


	    <div class="actions">
	        			
			   <div class="MUItemForTrolleyDiv MUItemForTrolley_146176" data-catentry="146176">
		         <div class="MUul_146176"><div class="MUli_146176 hidden" aria-hidden="true"><span class="inTrolley"><span class="MUSpan_146176">0</span> in trolley</span></div></div>
		       </div>
		        <p class="clear"></p>
			 
			<div class="member-usuals-remove">
				<a href="http://shop.coles.com.au/online/SearchDisplay?searchTermScope=&multiSearch=&searchType=2&maxPrice=&showResultsPage=true&langId=-1&beginIndex=0&sType=SimpleSearch&browseView=true&metaData=&manufacturer=&resultCatEntryType=&catalogId=10576&pageView=image&minPrice=&urlLangId=-1&categoryId=28164&storeId=10601#" class="action-removeFromUsuals usuals-remove">Remove from list <span class="accessibility">Coles Beef Chuck Casserole Steak approx. 400g</span></a>			
			</div>
			
				<div class="list">
					<a href="http://shop.coles.com.au/online/SearchDisplay?searchTermScope=&multiSearch=&searchType=2&maxPrice=&showResultsPage=true&langId=-1&beginIndex=0&sType=SimpleSearch&browseView=true&metaData=&manufacturer=&resultCatEntryType=&catalogId=10576&pageView=image&minPrice=&urlLangId=-1&categoryId=28164&storeId=10601#" class="action-addToList action-list-add">Add to list <span class="accessibility">Coles Beef Chuck Casserole Steak approx. 400g</span></a> 
				</div>
				<div class="member-list-add">
					<a href="http://shop.coles.com.au/online/SearchDisplay?searchTermScope=&multiSearch=&searchType=2&maxPrice=&showResultsPage=true&langId=-1&beginIndex=0&sType=SimpleSearch&browseView=true&metaData=&manufacturer=&resultCatEntryType=&catalogId=10576&pageView=image&minPrice=&urlLangId=-1&categoryId=28164&storeId=10601#" class="action-addToList action-list-add">Add to another list <span class="accessibility">Coles Beef Chuck Casserole Steak approx. 400g</span></a>
				</div>
			
			<div class="member-list-remove">
				 <a href="http://shop.coles.com.au/online/SearchDisplay?searchTermScope=&multiSearch=&searchType=2&maxPrice=&showResultsPage=true&langId=-1&beginIndex=0&sType=SimpleSearch&browseView=true&metaData=&manufacturer=&resultCatEntryType=&catalogId=10576&pageView=image&minPrice=&urlLangId=-1&categoryId=28164&storeId=10601#" class="action-removeFromList">Remove from list <span class="accessibility">Coles Beef Chuck Casserole Steak approx. 400g</span></a> 
			</div>
			
				<div class="compareProd" role="presentation" aria-hidden="true">
					<a href="http://shop.coles.com.au/online/SearchDisplay?searchTermScope=&multiSearch=&searchType=2&maxPrice=&showResultsPage=true&langId=-1&beginIndex=0&sType=SimpleSearch&browseView=true&metaData=&manufacturer=&resultCatEntryType=&catalogId=10576&pageView=image&minPrice=&urlLangId=-1&categoryId=28164&storeId=10601#" class="compare compare-add">Compare</a>
				</div>
			
		</div>  
      

       	
		    <div role="presentation" aria-hidden="true" id="share" class="share" data-social="{productImgUrl:&#39;http://shop.coles.com.au:27900/wcsstore/Coles-CAS/images/5/1/7/5177652-th.jpg&#39;
	                                               ,productDisplayUrl:&#39;http://shop.coles.com.au/online/national/coles-beef-chuck-casserole-steak-5177652p&#39;
	                                               ,title:&#39;Coles Beef Chuck Casserole Steak Indicated price based on approx. weight. Weight may vary between 350g and 450g.&#39;
	                                               ,description:&#39;&#39;}">
		 	</div>
 		
	</div>
</div>


	</form>
</div>


<span class="available hidden"></span>


<div class="outer-prod prodtile" data-refresh="{
					catalogId: &quot;10576&quot;,
					doInventory: &quot;N&quot;,
					fulfillmentCenterId: &quot;11576&quot;,
					forStoreId: &quot;10401&quot;,
					
					productDisplayURL: &quot;http://shop.coles.com.au/online/national/coles-grill-beef-fajita-strips&quot;				
			}">
	<form id="catEntryForm_252031" name="catEntryForm_252031" action="http://shop.coles.com.au/online/AjaxOrderChangeServiceItemAdd">
		
<div class=" " data-catentry="catEntry_252031" data-refresh="{
				addCalculationUsage: &quot;-1&quot;,
				langId: &quot;-1&quot;,
				storeId: &quot;10601&quot;, 
				catEntryId: &quot;252031&quot;, 
				catEntryName: &quot;Beef Fajita Strips&quot;, 
				productView: &quot;list&quot;,
				productId: &quot;252031&quot;,
				itemId: &quot;252087&quot;,
				hideMultibuy: &quot;false&quot;,
                ticketType: &quot;&quot;,
                partNumber: &quot;1499136&quot;,
                offerCode: &quot;20140716&quot;
		}">
   	<div class="wrapper clearfix">   	
		

<h4 class="accessibility" id="heading_252031" tabindex="-1">
		Coles Grill&nbsp;Beef Fajita Strips&nbsp;
		500g&nbsp;
		 
</h4> 

<div class="offer-icon"></div>
<a role="presentation" aria-hidden="true" class="product-url" href="http://shop.coles.com.au/online/national/coles-grill-beef-fajita-strips">
	    <img role="presentation" aria-hidden="true" class="photo" src="./beef_files/spacer.gif" onerror="this.src=&#39;/wcsstore/ColesStorefrontAssetStore/dist/e0a775baf05f/images/spacer.gif&#39;" alt="Beef Fajita Strips" width="110" height="110">
	</a>

<div class="detail">	
    <span role="presentation" aria-hidden="true" class="brand">Coles Grill</span>
    <span class="item" role="presentation" aria-hidden="true">
        <a role="presentation" aria-hidden="true" class="product-url" href="http://shop.coles.com.au/online/national/coles-grill-beef-fajita-strips">
        	Beef Fajita Strips&nbsp;
        	500g
        </a>
    </span>
	<span class="size">
			
 	</span>
</div>


	<div class="purchasing">	    
	    <div class="saving">
	    	
	    </div>
	   	
	    		<div class="price"><span class="accessibility">Purchase price </span><small>$</small>8.00</div>
	    	
	    <div class="unit-price"><span class="accessibility">Unit price </span>$16.00 per 1Kg</div>
	    <div class="special-offer">	    	
	    	
	    </div> 
	    <div class="availability">Temporarily unavailable</div>
	    <div class="purchase">
		
			<input type="number" title="Add Quantity for Coles Grill Beef Fajita Strips 500g" name="quantity" id="catEntry_252031_qty" value="1" maxlength="2" size="2" class="v-mandatory v-numeric v-minval-1">
	        <button role="button" type="submit" title="Add to trolley Coles Grill Beef Fajita Strips 500g" class="btn-red action-addToTrolley"><span role="presentation" aria-hidden="true">Add to trolley</span></button>
		
		</div>
	</div>
	<div class="lists">
		
	</div>


	    <div class="actions">
	        			
			   <div class="MUItemForTrolleyDiv MUItemForTrolley_252087" data-catentry="252087">
		         <div class="MUul_252087"><div class="MUli_252087 hidden" aria-hidden="true"><span class="inTrolley"><span class="MUSpan_252087">0</span> in trolley</span></div></div>
		       </div>
		        <p class="clear"></p>
			 
			<div class="member-usuals-remove">
				<a href="http://shop.coles.com.au/online/SearchDisplay?searchTermScope=&multiSearch=&searchType=2&maxPrice=&showResultsPage=true&langId=-1&beginIndex=0&sType=SimpleSearch&browseView=true&metaData=&manufacturer=&resultCatEntryType=&catalogId=10576&pageView=image&minPrice=&urlLangId=-1&categoryId=28164&storeId=10601#" class="action-removeFromUsuals usuals-remove">Remove from list <span class="accessibility">Coles Grill Beef Fajita Strips 500g</span></a>			
			</div>
			
				<div class="list">
					<a href="http://shop.coles.com.au/online/SearchDisplay?searchTermScope=&multiSearch=&searchType=2&maxPrice=&showResultsPage=true&langId=-1&beginIndex=0&sType=SimpleSearch&browseView=true&metaData=&manufacturer=&resultCatEntryType=&catalogId=10576&pageView=image&minPrice=&urlLangId=-1&categoryId=28164&storeId=10601#" class="action-addToList action-list-add">Add to list <span class="accessibility">Coles Grill Beef Fajita Strips 500g</span></a> 
				</div>
				<div class="member-list-add">
					<a href="http://shop.coles.com.au/online/SearchDisplay?searchTermScope=&multiSearch=&searchType=2&maxPrice=&showResultsPage=true&langId=-1&beginIndex=0&sType=SimpleSearch&browseView=true&metaData=&manufacturer=&resultCatEntryType=&catalogId=10576&pageView=image&minPrice=&urlLangId=-1&categoryId=28164&storeId=10601#" class="action-addToList action-list-add">Add to another list <span class="accessibility">Coles Grill Beef Fajita Strips 500g</span></a>
				</div>
			
			<div class="member-list-remove">
				 <a href="http://shop.coles.com.au/online/SearchDisplay?searchTermScope=&multiSearch=&searchType=2&maxPrice=&showResultsPage=true&langId=-1&beginIndex=0&sType=SimpleSearch&browseView=true&metaData=&manufacturer=&resultCatEntryType=&catalogId=10576&pageView=image&minPrice=&urlLangId=-1&categoryId=28164&storeId=10601#" class="action-removeFromList">Remove from list <span class="accessibility">Coles Grill Beef Fajita Strips 500g</span></a> 
			</div>
			
				<div class="compareProd" role="presentation" aria-hidden="true">
					<a href="http://shop.coles.com.au/online/SearchDisplay?searchTermScope=&multiSearch=&searchType=2&maxPrice=&showResultsPage=true&langId=-1&beginIndex=0&sType=SimpleSearch&browseView=true&metaData=&manufacturer=&resultCatEntryType=&catalogId=10576&pageView=image&minPrice=&urlLangId=-1&categoryId=28164&storeId=10601#" class="compare compare-add">Compare</a>
				</div>
			
				<a href="http://shop.coles.com.au/online/national/coles-grill-beef-fajita-strips" class="product-url accessibility">More details for Coles Grill&nbsp;Beef Fajita Strips</a>
			
		</div>  
      

       	
		    <div role="presentation" aria-hidden="true" id="share" class="share" data-social="{productImgUrl:&#39;http://shop.coles.com.au:27900/wcsstore/Coles-CAS/images/1/4/9/1499136-th.jpg&#39;
	                                               ,productDisplayUrl:&#39;http://shop.coles.com.au/online/national/coles-grill-beef-fajita-strips&#39;
	                                               ,title:&#39;Coles Grill Beef Fajita Strips  &#39;
	                                               ,description:&#39;&#39;}">
		 	</div>
 		
	</div>
</div>


	</form>
</div>


<span class="available hidden"></span>


<div class="outer-prod prodtile" data-refresh="{
					catalogId: &quot;10576&quot;,
					doInventory: &quot;N&quot;,
					fulfillmentCenterId: &quot;11576&quot;,
					forStoreId: &quot;10401&quot;,
					
					productDisplayURL: &quot;http://shop.coles.com.au/online/national/king-island-beef-scotch-fillet-steak&quot;				
			}">
	<form id="catEntryForm_105380" name="catEntryForm_105380" action="http://shop.coles.com.au/online/AjaxOrderChangeServiceItemAdd">
		
<div class=" " data-catentry="catEntry_105380" data-refresh="{
				addCalculationUsage: &quot;-1&quot;,
				langId: &quot;-1&quot;,
				storeId: &quot;10601&quot;, 
				catEntryId: &quot;105380&quot;, 
				catEntryName: &quot;Beef Scotch Fillet Steak 1 Piece&quot;, 
				productView: &quot;list&quot;,
				productId: &quot;105380&quot;,
				itemId: &quot;160359&quot;,
				hideMultibuy: &quot;false&quot;,
                ticketType: &quot;&quot;,
                partNumber: &quot;9114111&quot;,
                offerCode: &quot;20140326&quot;
		}">
   	<div class="wrapper clearfix">   	
		

<h4 class="accessibility" id="heading_105380" tabindex="-1">
		King Island&nbsp;Beef Scotch Fillet Steak 1 Piece&nbsp;
		approx. 250g&nbsp;
		 
</h4> 

<div class="offer-icon"></div>
<a role="presentation" aria-hidden="true" class="product-url" href="http://shop.coles.com.au/online/national/king-island-beef-scotch-fillet-steak">
	    <img role="presentation" aria-hidden="true" class="photo" src="./beef_files/spacer.gif" onerror="this.src=&#39;/wcsstore/ColesStorefrontAssetStore/dist/e0a775baf05f/images/spacer.gif&#39;" alt="Beef Scotch Fillet Steak 1 Piece" width="110" height="110">
	</a>

<div class="detail">	
    <span role="presentation" aria-hidden="true" class="brand">King Island</span>
    <span class="item" role="presentation" aria-hidden="true">
        <a role="presentation" aria-hidden="true" class="product-url" href="http://shop.coles.com.au/online/national/king-island-beef-scotch-fillet-steak">
        	Beef Scotch Fillet Steak 1 Piece&nbsp;
        	approx. 250g
        </a>
    </span>
	<span class="size">
		Indicated price based on approx. weight. Weight may vary between 200g and 300g.	
 	</span>
</div>


	<div class="purchasing">	    
	    <div class="saving">
	    	
	    </div>
	   	
	    		<div class="price"><span class="accessibility">Purchase price </span><small>$</small>9.50</div>
	    	
	    <div class="unit-price"><span class="accessibility">Unit price </span>$38.00 per 1Kg</div>
	    <div class="special-offer">	    	
	    	
	    </div> 
	    <div class="availability">Temporarily unavailable</div>
	    <div class="purchase">
		
			<input type="number" title="Add Quantity for King Island Beef Scotch Fillet Steak 1 Piece approx. 250g" name="quantity" id="catEntry_105380_qty" value="1" maxlength="2" size="2" class="v-mandatory v-numeric v-minval-1">
	        <button role="button" type="submit" title="Add to trolley King Island Beef Scotch Fillet Steak 1 Piece approx. 250g" class="btn-red action-addToTrolley"><span role="presentation" aria-hidden="true">Add to trolley</span></button>
		
		</div>
	</div>
	<div class="lists">
		
	</div>


	    <div class="actions">
	        			
			   <div class="MUItemForTrolleyDiv MUItemForTrolley_160359" data-catentry="160359">
		         <div class="MUul_160359"><div class="MUli_160359 hidden" aria-hidden="true"><span class="inTrolley"><span class="MUSpan_160359">0</span> in trolley</span></div></div>
		       </div>
		        <p class="clear"></p>
			 
			<div class="member-usuals-remove">
				<a href="http://shop.coles.com.au/online/SearchDisplay?searchTermScope=&multiSearch=&searchType=2&maxPrice=&showResultsPage=true&langId=-1&beginIndex=0&sType=SimpleSearch&browseView=true&metaData=&manufacturer=&resultCatEntryType=&catalogId=10576&pageView=image&minPrice=&urlLangId=-1&categoryId=28164&storeId=10601#" class="action-removeFromUsuals usuals-remove">Remove from list <span class="accessibility">King Island Beef Scotch Fillet Steak 1 Piece approx. 250g</span></a>			
			</div>
			
				<div class="list">
					<a href="http://shop.coles.com.au/online/SearchDisplay?searchTermScope=&multiSearch=&searchType=2&maxPrice=&showResultsPage=true&langId=-1&beginIndex=0&sType=SimpleSearch&browseView=true&metaData=&manufacturer=&resultCatEntryType=&catalogId=10576&pageView=image&minPrice=&urlLangId=-1&categoryId=28164&storeId=10601#" class="action-addToList action-list-add">Add to list <span class="accessibility">King Island Beef Scotch Fillet Steak 1 Piece approx. 250g</span></a> 
				</div>
				<div class="member-list-add">
					<a href="http://shop.coles.com.au/online/SearchDisplay?searchTermScope=&multiSearch=&searchType=2&maxPrice=&showResultsPage=true&langId=-1&beginIndex=0&sType=SimpleSearch&browseView=true&metaData=&manufacturer=&resultCatEntryType=&catalogId=10576&pageView=image&minPrice=&urlLangId=-1&categoryId=28164&storeId=10601#" class="action-addToList action-list-add">Add to another list <span class="accessibility">King Island Beef Scotch Fillet Steak 1 Piece approx. 250g</span></a>
				</div>
			
			<div class="member-list-remove">
				 <a href="http://shop.coles.com.au/online/SearchDisplay?searchTermScope=&multiSearch=&searchType=2&maxPrice=&showResultsPage=true&langId=-1&beginIndex=0&sType=SimpleSearch&browseView=true&metaData=&manufacturer=&resultCatEntryType=&catalogId=10576&pageView=image&minPrice=&urlLangId=-1&categoryId=28164&storeId=10601#" class="action-removeFromList">Remove from list <span class="accessibility">King Island Beef Scotch Fillet Steak 1 Piece approx. 250g</span></a> 
			</div>
			
				<div class="compareProd" role="presentation" aria-hidden="true">
					<a href="http://shop.coles.com.au/online/SearchDisplay?searchTermScope=&multiSearch=&searchType=2&maxPrice=&showResultsPage=true&langId=-1&beginIndex=0&sType=SimpleSearch&browseView=true&metaData=&manufacturer=&resultCatEntryType=&catalogId=10576&pageView=image&minPrice=&urlLangId=-1&categoryId=28164&storeId=10601#" class="compare compare-add">Compare</a>
				</div>
			
				<a href="http://shop.coles.com.au/online/national/king-island-beef-scotch-fillet-steak" class="product-url accessibility">More details for King Island&nbsp;Beef Scotch Fillet Steak 1 Piece</a>
			
		</div>  
      

       	
		    <div role="presentation" aria-hidden="true" id="share" class="share" data-social="{productImgUrl:&#39;http://shop.coles.com.au:27900/wcsstore/Coles-CAS/images/9/1/1/9114111-th.jpg&#39;
	                                               ,productDisplayUrl:&#39;http://shop.coles.com.au/online/national/king-island-beef-scotch-fillet-steak&#39;
	                                               ,title:&#39;King Island Beef Scotch Fillet Steak 1 Piece Indicated price based on approx. weight. Weight may vary between 200g and 300g.&#39;
	                                               ,description:&#39;&#39;}">
		 	</div>
 		
	</div>
</div>


	</form>
</div>


<span class="available hidden"></span>


<div class="outer-prod prodtile" data-refresh="{
					catalogId: &quot;10576&quot;,
					doInventory: &quot;N&quot;,
					fulfillmentCenterId: &quot;11576&quot;,
					forStoreId: &quot;10401&quot;,
					
					productDisplayURL: &quot;http://shop.coles.com.au/online/national/cleavers-organic-beef-stir-fry&quot;				
			}">
	<form id="catEntryForm_65070" name="catEntryForm_65070" action="http://shop.coles.com.au/online/AjaxOrderChangeServiceItemAdd">
		
<div class=" " data-catentry="catEntry_65070" data-refresh="{
				addCalculationUsage: &quot;-1&quot;,
				langId: &quot;-1&quot;,
				storeId: &quot;10601&quot;, 
				catEntryId: &quot;65070&quot;, 
				catEntryName: &quot;Beef Stir Fry&quot;, 
				productView: &quot;list&quot;,
				productId: &quot;65070&quot;,
				itemId: &quot;127807&quot;,
				hideMultibuy: &quot;false&quot;,
                ticketType: &quot;&quot;,
                partNumber: &quot;7326786&quot;,
                offerCode: &quot;20150202&quot;
		}">
   	<div class="wrapper clearfix">   	
		

<h4 class="accessibility" id="heading_65070" tabindex="-1">
		Cleavers Organic&nbsp;Beef Stir Fry&nbsp;
		approx. 500g&nbsp;
		 
</h4> 

<div class="offer-icon"></div>
<a role="presentation" aria-hidden="true" class="product-url" href="http://shop.coles.com.au/online/national/cleavers-organic-beef-stir-fry">
	    <img role="presentation" aria-hidden="true" class="photo" src="./beef_files/spacer.gif" onerror="this.src=&#39;/wcsstore/ColesStorefrontAssetStore/dist/e0a775baf05f/images/spacer.gif&#39;" alt="Beef Stir Fry" width="110" height="110">
	</a>

<div class="detail">	
    <span role="presentation" aria-hidden="true" class="brand">Cleavers Organic</span>
    <span class="item" role="presentation" aria-hidden="true">
        <a role="presentation" aria-hidden="true" class="product-url" href="http://shop.coles.com.au/online/national/cleavers-organic-beef-stir-fry">
        	Beef Stir Fry&nbsp;
        	approx. 500g
        </a>
    </span>
	<span class="size">
		Indicated price based on approx. weight. Weight may vary between 450g and 550g.	
 	</span>
</div>


	<div class="purchasing">	    
	    <div class="saving">
	    	
	    </div>
	   	
	    		<div class="price"><span class="accessibility">Purchase price </span><small>$</small>10.00</div>
	    	
	    <div class="unit-price"><span class="accessibility">Unit price </span>$20.00 per 1Kg</div>
	    <div class="special-offer">	    	
	    	
	    </div> 
	    <div class="availability">Temporarily unavailable</div>
	    <div class="purchase">
		
			<input type="number" title="Add Quantity for Cleavers Organic Beef Stir Fry approx. 500g" name="quantity" id="catEntry_65070_qty" value="1" maxlength="2" size="2" class="v-mandatory v-numeric v-minval-1">
	        <button role="button" type="submit" title="Add to trolley Cleavers Organic Beef Stir Fry approx. 500g" class="btn-red action-addToTrolley"><span role="presentation" aria-hidden="true">Add to trolley</span></button>
		
		</div>
	</div>
	<div class="lists">
		
	</div>


	    <div class="actions">
	        			
			   <div class="MUItemForTrolleyDiv MUItemForTrolley_127807" data-catentry="127807">
		         <div class="MUul_127807"><div class="MUli_127807 hidden" aria-hidden="true"><span class="inTrolley"><span class="MUSpan_127807">0</span> in trolley</span></div></div>
		       </div>
		        <p class="clear"></p>
			 
			<div class="member-usuals-remove">
				<a href="http://shop.coles.com.au/online/SearchDisplay?searchTermScope=&multiSearch=&searchType=2&maxPrice=&showResultsPage=true&langId=-1&beginIndex=0&sType=SimpleSearch&browseView=true&metaData=&manufacturer=&resultCatEntryType=&catalogId=10576&pageView=image&minPrice=&urlLangId=-1&categoryId=28164&storeId=10601#" class="action-removeFromUsuals usuals-remove">Remove from list <span class="accessibility">Cleavers Organic Beef Stir Fry approx. 500g</span></a>			
			</div>
			
				<div class="list">
					<a href="http://shop.coles.com.au/online/SearchDisplay?searchTermScope=&multiSearch=&searchType=2&maxPrice=&showResultsPage=true&langId=-1&beginIndex=0&sType=SimpleSearch&browseView=true&metaData=&manufacturer=&resultCatEntryType=&catalogId=10576&pageView=image&minPrice=&urlLangId=-1&categoryId=28164&storeId=10601#" class="action-addToList action-list-add">Add to list <span class="accessibility">Cleavers Organic Beef Stir Fry approx. 500g</span></a> 
				</div>
				<div class="member-list-add">
					<a href="http://shop.coles.com.au/online/SearchDisplay?searchTermScope=&multiSearch=&searchType=2&maxPrice=&showResultsPage=true&langId=-1&beginIndex=0&sType=SimpleSearch&browseView=true&metaData=&manufacturer=&resultCatEntryType=&catalogId=10576&pageView=image&minPrice=&urlLangId=-1&categoryId=28164&storeId=10601#" class="action-addToList action-list-add">Add to another list <span class="accessibility">Cleavers Organic Beef Stir Fry approx. 500g</span></a>
				</div>
			
			<div class="member-list-remove">
				 <a href="http://shop.coles.com.au/online/SearchDisplay?searchTermScope=&multiSearch=&searchType=2&maxPrice=&showResultsPage=true&langId=-1&beginIndex=0&sType=SimpleSearch&browseView=true&metaData=&manufacturer=&resultCatEntryType=&catalogId=10576&pageView=image&minPrice=&urlLangId=-1&categoryId=28164&storeId=10601#" class="action-removeFromList">Remove from list <span class="accessibility">Cleavers Organic Beef Stir Fry approx. 500g</span></a> 
			</div>
			
				<div class="compareProd" role="presentation" aria-hidden="true">
					<a href="http://shop.coles.com.au/online/SearchDisplay?searchTermScope=&multiSearch=&searchType=2&maxPrice=&showResultsPage=true&langId=-1&beginIndex=0&sType=SimpleSearch&browseView=true&metaData=&manufacturer=&resultCatEntryType=&catalogId=10576&pageView=image&minPrice=&urlLangId=-1&categoryId=28164&storeId=10601#" class="compare compare-add">Compare</a>
				</div>
			
				<a href="http://shop.coles.com.au/online/national/cleavers-organic-beef-stir-fry" class="product-url accessibility">More details for Cleavers Organic&nbsp;Beef Stir Fry</a>
			
		</div>  
      

       	
		    <div role="presentation" aria-hidden="true" id="share" class="share" data-social="{productImgUrl:&#39;http://shop.coles.com.au:27900/wcsstore/Coles-CAS/images/7/3/2/7326786-th.jpg&#39;
	                                               ,productDisplayUrl:&#39;http://shop.coles.com.au/online/national/cleavers-organic-beef-stir-fry&#39;
	                                               ,title:&#39;Cleavers Organic Beef Stir Fry Indicated price based on approx. weight. Weight may vary between 450g and 550g.&#39;
	                                               ,description:&#39;&#39;}">
		 	</div>
 		
	</div>
</div>


	</form>
</div>


<span class="available hidden"></span>


<div class="outer-prod prodtile" data-refresh="{
					catalogId: &quot;10576&quot;,
					doInventory: &quot;N&quot;,
					fulfillmentCenterId: &quot;11576&quot;,
					forStoreId: &quot;10401&quot;,
					
					productDisplayURL: &quot;http://shop.coles.com.au/online/national/coles-organic-beef-porterhouse-steak&quot;				
			}">
	<form id="catEntryForm_66386" name="catEntryForm_66386" action="http://shop.coles.com.au/online/AjaxOrderChangeServiceItemAdd">
		
<div class=" " data-catentry="catEntry_66386" data-refresh="{
				addCalculationUsage: &quot;-1&quot;,
				langId: &quot;-1&quot;,
				storeId: &quot;10601&quot;, 
				catEntryId: &quot;66386&quot;, 
				catEntryName: &quot;Beef Porterhouse Steak 1-2 Pieces&quot;, 
				productView: &quot;list&quot;,
				productId: &quot;66386&quot;,
				itemId: &quot;129856&quot;,
				hideMultibuy: &quot;false&quot;,
                ticketType: &quot;&quot;,
                partNumber: &quot;7327632&quot;,
                offerCode: &quot;20150202&quot;
		}">
   	<div class="wrapper clearfix">   	
		

<h4 class="accessibility" id="heading_66386" tabindex="-1">
		Cleavers Organic&nbsp;Beef Porterhouse Steak 1-2 Pieces&nbsp;
		approx. 400g&nbsp;
		 
</h4> 

<div class="offer-icon"></div>
<a role="presentation" aria-hidden="true" class="product-url" href="http://shop.coles.com.au/online/national/coles-organic-beef-porterhouse-steak">
	    <img role="presentation" aria-hidden="true" class="photo" src="./beef_files/spacer.gif" onerror="this.src=&#39;/wcsstore/ColesStorefrontAssetStore/dist/e0a775baf05f/images/spacer.gif&#39;" alt="Beef Porterhouse Steak 1-2 Pieces" width="110" height="110">
	</a>

<div class="detail">	
    <span role="presentation" aria-hidden="true" class="brand">Cleavers Organic</span>
    <span class="item" role="presentation" aria-hidden="true">
        <a role="presentation" aria-hidden="true" class="product-url" href="http://shop.coles.com.au/online/national/coles-organic-beef-porterhouse-steak">
        	Beef Porterhouse Steak 1-2 Pieces&nbsp;
        	approx. 400g
        </a>
    </span>
	<span class="size">
		Indicated price based on approx. weight. Weight may vary between 350g and 450g.	
 	</span>
</div>


	<div class="purchasing">	    
	    <div class="saving">
	    	
	    </div>
	   	
	    		<div class="price"><span class="accessibility">Purchase price </span><small>$</small>15.20</div>
	    	
	    <div class="unit-price"><span class="accessibility">Unit price </span>$38.00 per 1Kg</div>
	    <div class="special-offer">	    	
	    	
	    </div> 
	    <div class="availability">Temporarily unavailable</div>
	    <div class="purchase">
		
			<input type="number" title="Add Quantity for Cleavers Organic Beef Porterhouse Steak 1-2 Pieces approx. 400g" name="quantity" id="catEntry_66386_qty" value="1" maxlength="2" size="2" class="v-mandatory v-numeric v-minval-1">
	        <button role="button" type="submit" title="Add to trolley Cleavers Organic Beef Porterhouse Steak 1-2 Pieces approx. 400g" class="btn-red action-addToTrolley"><span role="presentation" aria-hidden="true">Add to trolley</span></button>
		
		</div>
	</div>
	<div class="lists">
		
	</div>


	    <div class="actions">
	        			
			   <div class="MUItemForTrolleyDiv MUItemForTrolley_129856" data-catentry="129856">
		         <div class="MUul_129856"><div class="MUli_129856 hidden" aria-hidden="true"><span class="inTrolley"><span class="MUSpan_129856">0</span> in trolley</span></div></div>
		       </div>
		        <p class="clear"></p>
			 
			<div class="member-usuals-remove">
				<a href="http://shop.coles.com.au/online/SearchDisplay?searchTermScope=&multiSearch=&searchType=2&maxPrice=&showResultsPage=true&langId=-1&beginIndex=0&sType=SimpleSearch&browseView=true&metaData=&manufacturer=&resultCatEntryType=&catalogId=10576&pageView=image&minPrice=&urlLangId=-1&categoryId=28164&storeId=10601#" class="action-removeFromUsuals usuals-remove">Remove from list <span class="accessibility">Cleavers Organic Beef Porterhouse Steak 1-2 Pieces approx. 400g</span></a>			
			</div>
			
				<div class="list">
					<a href="http://shop.coles.com.au/online/SearchDisplay?searchTermScope=&multiSearch=&searchType=2&maxPrice=&showResultsPage=true&langId=-1&beginIndex=0&sType=SimpleSearch&browseView=true&metaData=&manufacturer=&resultCatEntryType=&catalogId=10576&pageView=image&minPrice=&urlLangId=-1&categoryId=28164&storeId=10601#" class="action-addToList action-list-add">Add to list <span class="accessibility">Cleavers Organic Beef Porterhouse Steak 1-2 Pieces approx. 400g</span></a> 
				</div>
				<div class="member-list-add">
					<a href="http://shop.coles.com.au/online/SearchDisplay?searchTermScope=&multiSearch=&searchType=2&maxPrice=&showResultsPage=true&langId=-1&beginIndex=0&sType=SimpleSearch&browseView=true&metaData=&manufacturer=&resultCatEntryType=&catalogId=10576&pageView=image&minPrice=&urlLangId=-1&categoryId=28164&storeId=10601#" class="action-addToList action-list-add">Add to another list <span class="accessibility">Cleavers Organic Beef Porterhouse Steak 1-2 Pieces approx. 400g</span></a>
				</div>
			
			<div class="member-list-remove">
				 <a href="http://shop.coles.com.au/online/SearchDisplay?searchTermScope=&multiSearch=&searchType=2&maxPrice=&showResultsPage=true&langId=-1&beginIndex=0&sType=SimpleSearch&browseView=true&metaData=&manufacturer=&resultCatEntryType=&catalogId=10576&pageView=image&minPrice=&urlLangId=-1&categoryId=28164&storeId=10601#" class="action-removeFromList">Remove from list <span class="accessibility">Cleavers Organic Beef Porterhouse Steak 1-2 Pieces approx. 400g</span></a> 
			</div>
			
				<div class="compareProd" role="presentation" aria-hidden="true">
					<a href="http://shop.coles.com.au/online/SearchDisplay?searchTermScope=&multiSearch=&searchType=2&maxPrice=&showResultsPage=true&langId=-1&beginIndex=0&sType=SimpleSearch&browseView=true&metaData=&manufacturer=&resultCatEntryType=&catalogId=10576&pageView=image&minPrice=&urlLangId=-1&categoryId=28164&storeId=10601#" class="compare compare-add">Compare</a>
				</div>
			
				<a href="http://shop.coles.com.au/online/national/coles-organic-beef-porterhouse-steak" class="product-url accessibility">More details for Cleavers Organic&nbsp;Beef Porterhouse Steak 1-2 Pieces</a>
			
		</div>  
      

       	
		    <div role="presentation" aria-hidden="true" id="share" class="share" data-social="{productImgUrl:&#39;http://shop.coles.com.au:27900/wcsstore/Coles-CAS/images/7/3/2/7327632-th.jpg&#39;
	                                               ,productDisplayUrl:&#39;http://shop.coles.com.au/online/national/coles-organic-beef-porterhouse-steak&#39;
	                                               ,title:&#39;Cleavers Organic Beef Porterhouse Steak 1-2 Pieces Indicated price based on approx. weight. Weight may vary between 350g and 450g.&#39;
	                                               ,description:&#39;&#39;}">
		 	</div>
 		
	</div>
</div>


	</form>
</div>


<span class="available hidden"></span>


<div class="outer-prod prodtile" data-refresh="{
					catalogId: &quot;10576&quot;,
					doInventory: &quot;N&quot;,
					fulfillmentCenterId: &quot;11576&quot;,
					forStoreId: &quot;10401&quot;,
					
					productDisplayURL: &quot;http://shop.coles.com.au/online/national/cleavers-organic-beef-rump-steak&quot;				
			}">
	<form id="catEntryForm_68288" name="catEntryForm_68288" action="http://shop.coles.com.au/online/AjaxOrderChangeServiceItemAdd">
		
<div class=" " data-catentry="catEntry_68288" data-refresh="{
				addCalculationUsage: &quot;-1&quot;,
				langId: &quot;-1&quot;,
				storeId: &quot;10601&quot;, 
				catEntryId: &quot;68288&quot;, 
				catEntryName: &quot;Beef Rump Steak&quot;, 
				productView: &quot;list&quot;,
				productId: &quot;68288&quot;,
				itemId: &quot;128611&quot;,
				hideMultibuy: &quot;false&quot;,
                ticketType: &quot;&quot;,
                partNumber: &quot;7327869&quot;,
                offerCode: &quot;20150202&quot;
		}">
   	<div class="wrapper clearfix">   	
		

<h4 class="accessibility" id="heading_68288" tabindex="-1">
		Cleavers Organic&nbsp;Beef Rump Steak&nbsp;
		approx. 400g&nbsp;
		 
</h4> 

<div class="offer-icon"></div>
<a role="presentation" aria-hidden="true" class="product-url" href="http://shop.coles.com.au/online/national/cleavers-organic-beef-rump-steak">
	    <img role="presentation" aria-hidden="true" class="photo" src="./beef_files/spacer.gif" onerror="this.src=&#39;/wcsstore/ColesStorefrontAssetStore/dist/e0a775baf05f/images/spacer.gif&#39;" alt="Beef Rump Steak" width="110" height="110">
	</a>

<div class="detail">	
    <span role="presentation" aria-hidden="true" class="brand">Cleavers Organic</span>
    <span class="item" role="presentation" aria-hidden="true">
        <a role="presentation" aria-hidden="true" class="product-url" href="http://shop.coles.com.au/online/national/cleavers-organic-beef-rump-steak">
        	Beef Rump Steak&nbsp;
        	approx. 400g
        </a>
    </span>
	<span class="size">
		Indicated price based on approx. weight. Weight may vary between 350g and 450g.	
 	</span>
</div>


	<div class="purchasing">	    
	    <div class="saving">
	    	
	    </div>
	   	
	    		<div class="price"><span class="accessibility">Purchase price </span><small>$</small>11.60</div>
	    	
	    <div class="unit-price"><span class="accessibility">Unit price </span>$29.00 per 1Kg</div>
	    <div class="special-offer">	    	
	    	
	    </div> 
	    <div class="availability">Temporarily unavailable</div>
	    <div class="purchase">
		
			<input type="number" title="Add Quantity for Cleavers Organic Beef Rump Steak approx. 400g" name="quantity" id="catEntry_68288_qty" value="1" maxlength="2" size="2" class="v-mandatory v-numeric v-minval-1">
	        <button role="button" type="submit" title="Add to trolley Cleavers Organic Beef Rump Steak approx. 400g" class="btn-red action-addToTrolley"><span role="presentation" aria-hidden="true">Add to trolley</span></button>
		
		</div>
	</div>
	<div class="lists">
		
	</div>


	    <div class="actions">
	        			
			   <div class="MUItemForTrolleyDiv MUItemForTrolley_128611" data-catentry="128611">
		         <div class="MUul_128611"><div class="MUli_128611 hidden" aria-hidden="true"><span class="inTrolley"><span class="MUSpan_128611">0</span> in trolley</span></div></div>
		       </div>
		        <p class="clear"></p>
			 
			<div class="member-usuals-remove">
				<a href="http://shop.coles.com.au/online/SearchDisplay?searchTermScope=&multiSearch=&searchType=2&maxPrice=&showResultsPage=true&langId=-1&beginIndex=0&sType=SimpleSearch&browseView=true&metaData=&manufacturer=&resultCatEntryType=&catalogId=10576&pageView=image&minPrice=&urlLangId=-1&categoryId=28164&storeId=10601#" class="action-removeFromUsuals usuals-remove">Remove from list <span class="accessibility">Cleavers Organic Beef Rump Steak approx. 400g</span></a>			
			</div>
			
				<div class="list">
					<a href="http://shop.coles.com.au/online/SearchDisplay?searchTermScope=&multiSearch=&searchType=2&maxPrice=&showResultsPage=true&langId=-1&beginIndex=0&sType=SimpleSearch&browseView=true&metaData=&manufacturer=&resultCatEntryType=&catalogId=10576&pageView=image&minPrice=&urlLangId=-1&categoryId=28164&storeId=10601#" class="action-addToList action-list-add">Add to list <span class="accessibility">Cleavers Organic Beef Rump Steak approx. 400g</span></a> 
				</div>
				<div class="member-list-add">
					<a href="http://shop.coles.com.au/online/SearchDisplay?searchTermScope=&multiSearch=&searchType=2&maxPrice=&showResultsPage=true&langId=-1&beginIndex=0&sType=SimpleSearch&browseView=true&metaData=&manufacturer=&resultCatEntryType=&catalogId=10576&pageView=image&minPrice=&urlLangId=-1&categoryId=28164&storeId=10601#" class="action-addToList action-list-add">Add to another list <span class="accessibility">Cleavers Organic Beef Rump Steak approx. 400g</span></a>
				</div>
			
			<div class="member-list-remove">
				 <a href="http://shop.coles.com.au/online/SearchDisplay?searchTermScope=&multiSearch=&searchType=2&maxPrice=&showResultsPage=true&langId=-1&beginIndex=0&sType=SimpleSearch&browseView=true&metaData=&manufacturer=&resultCatEntryType=&catalogId=10576&pageView=image&minPrice=&urlLangId=-1&categoryId=28164&storeId=10601#" class="action-removeFromList">Remove from list <span class="accessibility">Cleavers Organic Beef Rump Steak approx. 400g</span></a> 
			</div>
			
				<div class="compareProd" role="presentation" aria-hidden="true">
					<a href="http://shop.coles.com.au/online/SearchDisplay?searchTermScope=&multiSearch=&searchType=2&maxPrice=&showResultsPage=true&langId=-1&beginIndex=0&sType=SimpleSearch&browseView=true&metaData=&manufacturer=&resultCatEntryType=&catalogId=10576&pageView=image&minPrice=&urlLangId=-1&categoryId=28164&storeId=10601#" class="compare compare-add">Compare</a>
				</div>
			
				<a href="http://shop.coles.com.au/online/national/cleavers-organic-beef-rump-steak" class="product-url accessibility">More details for Cleavers Organic&nbsp;Beef Rump Steak</a>
			
		</div>  
      

       	
		    <div role="presentation" aria-hidden="true" id="share" class="share" data-social="{productImgUrl:&#39;http://shop.coles.com.au:27900/wcsstore/Coles-CAS/images/7/3/2/7327869-th.jpg&#39;
	                                               ,productDisplayUrl:&#39;http://shop.coles.com.au/online/national/cleavers-organic-beef-rump-steak&#39;
	                                               ,title:&#39;Cleavers Organic Beef Rump Steak Indicated price based on approx. weight. Weight may vary between 350g and 450g.&#39;
	                                               ,description:&#39;&#39;}">
		 	</div>
 		
	</div>
</div>


	</form>
</div>


<span class="available hidden"></span>


<div class="outer-prod prodtile" data-refresh="{
					catalogId: &quot;10576&quot;,
					doInventory: &quot;N&quot;,
					fulfillmentCenterId: &quot;11576&quot;,
					forStoreId: &quot;10401&quot;,
					
					productDisplayURL: &quot;http://shop.coles.com.au/online/national/coles-beef-corned-silverside-half&quot;				
			}">
	<form id="catEntryForm_12023" name="catEntryForm_12023" action="http://shop.coles.com.au/online/AjaxOrderChangeServiceItemAdd">
		
<div class=" " data-catentry="catEntry_12023" data-refresh="{
				addCalculationUsage: &quot;-1&quot;,
				langId: &quot;-1&quot;,
				storeId: &quot;10601&quot;, 
				catEntryId: &quot;12023&quot;, 
				catEntryName: &quot;Half Corned Beef Silverside&quot;, 
				productView: &quot;list&quot;,
				productId: &quot;12023&quot;,
				itemId: &quot;38408&quot;,
				hideMultibuy: &quot;false&quot;,
                ticketType: &quot;&quot;,
                partNumber: &quot;6795883&quot;,
                offerCode: &quot;20141204&quot;
		}">
   	<div class="wrapper clearfix">   	
		

<h4 class="accessibility" id="heading_12023" tabindex="-1">
		Coles&nbsp;Half Corned Beef Silverside&nbsp;
		approx. 3.5kg&nbsp;
		 
</h4> 

<div class="offer-icon"></div>
<a role="presentation" aria-hidden="true" class="product-url" href="http://shop.coles.com.au/online/national/coles-beef-corned-silverside-half">
	    <img role="presentation" aria-hidden="true" class="photo" src="./beef_files/spacer.gif" onerror="this.src=&#39;/wcsstore/ColesStorefrontAssetStore/dist/e0a775baf05f/images/spacer.gif&#39;" alt="Half Corned Beef Silverside" width="110" height="110">
	</a>

<div class="detail">	
    <span role="presentation" aria-hidden="true" class="brand">Coles</span>
    <span class="item" role="presentation" aria-hidden="true">
        <a role="presentation" aria-hidden="true" class="product-url" href="http://shop.coles.com.au/online/national/coles-beef-corned-silverside-half">
        	Half Corned Beef Silverside&nbsp;
        	approx. 3.5kg
        </a>
    </span>
	<span class="size">
		Indicated price based on approx. weight. Weight may vary between 3kg and 4kg.	
 	</span>
</div>


	<div class="purchasing">	    
	    <div class="saving">
	    	
	    </div>
	   	
	    		<div class="price"><span class="accessibility">Purchase price </span><small>$</small>24.15</div>
	    	
	    <div class="unit-price"><span class="accessibility">Unit price </span>$6.90 per 1Kg</div>
	    <div class="special-offer">	    	
	    	
	    </div> 
	    <div class="availability">Temporarily unavailable</div>
	    <div class="purchase">
		
			<input type="number" title="Add Quantity for Coles Half Corned Beef Silverside approx. 3.5kg" name="quantity" id="catEntry_12023_qty" value="1" maxlength="2" size="2" class="v-mandatory v-numeric v-minval-1">
	        <button role="button" type="submit" title="Add to trolley Coles Half Corned Beef Silverside approx. 3.5kg" class="btn-red action-addToTrolley"><span role="presentation" aria-hidden="true">Add to trolley</span></button>
		
		</div>
	</div>
	<div class="lists">
		
	</div>


	    <div class="actions">
	        			
			   <div class="MUItemForTrolleyDiv MUItemForTrolley_38408" data-catentry="38408">
		         <div class="MUul_38408"><div class="MUli_38408 hidden" aria-hidden="true"><span class="inTrolley"><span class="MUSpan_38408">0</span> in trolley</span></div></div>
		       </div>
		        <p class="clear"></p>
			 
			<div class="member-usuals-remove">
				<a href="http://shop.coles.com.au/online/SearchDisplay?searchTermScope=&multiSearch=&searchType=2&maxPrice=&showResultsPage=true&langId=-1&beginIndex=0&sType=SimpleSearch&browseView=true&metaData=&manufacturer=&resultCatEntryType=&catalogId=10576&pageView=image&minPrice=&urlLangId=-1&categoryId=28164&storeId=10601#" class="action-removeFromUsuals usuals-remove">Remove from list <span class="accessibility">Coles Half Corned Beef Silverside approx. 3.5kg</span></a>			
			</div>
			
				<div class="list">
					<a href="http://shop.coles.com.au/online/SearchDisplay?searchTermScope=&multiSearch=&searchType=2&maxPrice=&showResultsPage=true&langId=-1&beginIndex=0&sType=SimpleSearch&browseView=true&metaData=&manufacturer=&resultCatEntryType=&catalogId=10576&pageView=image&minPrice=&urlLangId=-1&categoryId=28164&storeId=10601#" class="action-addToList action-list-add">Add to list <span class="accessibility">Coles Half Corned Beef Silverside approx. 3.5kg</span></a> 
				</div>
				<div class="member-list-add">
					<a href="http://shop.coles.com.au/online/SearchDisplay?searchTermScope=&multiSearch=&searchType=2&maxPrice=&showResultsPage=true&langId=-1&beginIndex=0&sType=SimpleSearch&browseView=true&metaData=&manufacturer=&resultCatEntryType=&catalogId=10576&pageView=image&minPrice=&urlLangId=-1&categoryId=28164&storeId=10601#" class="action-addToList action-list-add">Add to another list <span class="accessibility">Coles Half Corned Beef Silverside approx. 3.5kg</span></a>
				</div>
			
			<div class="member-list-remove">
				 <a href="http://shop.coles.com.au/online/SearchDisplay?searchTermScope=&multiSearch=&searchType=2&maxPrice=&showResultsPage=true&langId=-1&beginIndex=0&sType=SimpleSearch&browseView=true&metaData=&manufacturer=&resultCatEntryType=&catalogId=10576&pageView=image&minPrice=&urlLangId=-1&categoryId=28164&storeId=10601#" class="action-removeFromList">Remove from list <span class="accessibility">Coles Half Corned Beef Silverside approx. 3.5kg</span></a> 
			</div>
			
				<div class="compareProd" role="presentation" aria-hidden="true">
					<a href="http://shop.coles.com.au/online/SearchDisplay?searchTermScope=&multiSearch=&searchType=2&maxPrice=&showResultsPage=true&langId=-1&beginIndex=0&sType=SimpleSearch&browseView=true&metaData=&manufacturer=&resultCatEntryType=&catalogId=10576&pageView=image&minPrice=&urlLangId=-1&categoryId=28164&storeId=10601#" class="compare compare-add">Compare</a>
				</div>
			
				<a href="http://shop.coles.com.au/online/national/coles-beef-corned-silverside-half" class="product-url accessibility">More details for Coles&nbsp;Half Corned Beef Silverside</a>
			
		</div>  
      

       	
		    <div role="presentation" aria-hidden="true" id="share" class="share" data-social="{productImgUrl:&#39;http://shop.coles.com.au:27900/wcsstore/Coles-CAS/images/6/7/9/6795883-th.jpg&#39;
	                                               ,productDisplayUrl:&#39;http://shop.coles.com.au/online/national/coles-beef-corned-silverside-half&#39;
	                                               ,title:&#39;Coles Half Corned Beef Silverside Indicated price based on approx. weight. Weight may vary between 3kg and 4kg.&#39;
	                                               ,description:&#39;Corned Silverside Halves is a product made out of an Outside Flat of Beef and is pickled with Pineapple cure.  Coles Smart Buy Corned Silverside is not a ready to eat product and should be cooked prior to consumption&#39;}">
		 	</div>
 		
	</div>
</div>


	</form>
</div>


<span class="available hidden"></span>


<div class="outer-prod prodtile" data-refresh="{
					catalogId: &quot;10576&quot;,
					doInventory: &quot;N&quot;,
					fulfillmentCenterId: &quot;11576&quot;,
					forStoreId: &quot;10401&quot;,
					
					productDisplayURL: &quot;http://shop.coles.com.au/online/national/coles-beef-eye-fillet-whole-5289339p&quot;				
			}">
	<form id="catEntryForm_17203" name="catEntryForm_17203" action="http://shop.coles.com.au/online/AjaxOrderChangeServiceItemAdd">
		
<div class=" " data-catentry="catEntry_17203" data-refresh="{
				addCalculationUsage: &quot;-1&quot;,
				langId: &quot;-1&quot;,
				storeId: &quot;10601&quot;, 
				catEntryId: &quot;17203&quot;, 
				catEntryName: &quot;Whole Beef Eye Fillet&quot;, 
				productView: &quot;list&quot;,
				productId: &quot;17203&quot;,
				itemId: &quot;33388&quot;,
				hideMultibuy: &quot;false&quot;,
                ticketType: &quot;&quot;,
                partNumber: &quot;5289339&quot;,
                offerCode: &quot;20150121&quot;
		}">
   	<div class="wrapper clearfix">   	
		

<h4 class="accessibility" id="heading_17203" tabindex="-1">
		Coles&nbsp;Whole Beef Eye Fillet&nbsp;
		approx. 500g&nbsp;
		 
</h4> 

<div class="offer-icon"></div>
<a role="presentation" aria-hidden="true" class="product-url" href="http://shop.coles.com.au/online/national/coles-beef-eye-fillet-whole-5289339p">
	    <img role="presentation" aria-hidden="true" class="photo" src="./beef_files/spacer.gif" onerror="this.src=&#39;/wcsstore/ColesStorefrontAssetStore/dist/e0a775baf05f/images/spacer.gif&#39;" alt="Whole Beef Eye Fillet" width="110" height="110">
	</a>

<div class="detail">	
    <span role="presentation" aria-hidden="true" class="brand">Coles</span>
    <span class="item" role="presentation" aria-hidden="true">
        <a role="presentation" aria-hidden="true" class="product-url" href="http://shop.coles.com.au/online/national/coles-beef-eye-fillet-whole-5289339p">
        	Whole Beef Eye Fillet&nbsp;
        	approx. 500g
        </a>
    </span>
	<span class="size">
		Indicated price based on approx. weight. Weight may vary between 450g and 550g.	
 	</span>
</div>


	<div class="purchasing">	    
	    <div class="saving">
	    	
	    </div>
	   	
	    		<div class="price"><span class="accessibility">Purchase price </span><small>$</small>19.50</div>
	    	
	    <div class="unit-price"><span class="accessibility">Unit price </span>$39.00 per 1Kg</div>
	    <div class="special-offer">	    	
	    	
	    </div> 
	    <div class="availability">Temporarily unavailable</div>
	    <div class="purchase">
		
			<input type="number" title="Add Quantity for Coles Whole Beef Eye Fillet approx. 500g" name="quantity" id="catEntry_17203_qty" value="1" maxlength="2" size="2" class="v-mandatory v-numeric v-minval-1">
	        <button role="button" type="submit" title="Add to trolley Coles Whole Beef Eye Fillet approx. 500g" class="btn-red action-addToTrolley"><span role="presentation" aria-hidden="true">Add to trolley</span></button>
		
		</div>
	</div>
	<div class="lists">
		
	</div>


	    <div class="actions">
	        			
			   <div class="MUItemForTrolleyDiv MUItemForTrolley_33388" data-catentry="33388">
		         <div class="MUul_33388"><div class="MUli_33388 hidden" aria-hidden="true"><span class="inTrolley"><span class="MUSpan_33388">0</span> in trolley</span></div></div>
		       </div>
		        <p class="clear"></p>
			 
			<div class="member-usuals-remove">
				<a href="http://shop.coles.com.au/online/SearchDisplay?searchTermScope=&multiSearch=&searchType=2&maxPrice=&showResultsPage=true&langId=-1&beginIndex=0&sType=SimpleSearch&browseView=true&metaData=&manufacturer=&resultCatEntryType=&catalogId=10576&pageView=image&minPrice=&urlLangId=-1&categoryId=28164&storeId=10601#" class="action-removeFromUsuals usuals-remove">Remove from list <span class="accessibility">Coles Whole Beef Eye Fillet approx. 500g</span></a>			
			</div>
			
				<div class="list">
					<a href="http://shop.coles.com.au/online/SearchDisplay?searchTermScope=&multiSearch=&searchType=2&maxPrice=&showResultsPage=true&langId=-1&beginIndex=0&sType=SimpleSearch&browseView=true&metaData=&manufacturer=&resultCatEntryType=&catalogId=10576&pageView=image&minPrice=&urlLangId=-1&categoryId=28164&storeId=10601#" class="action-addToList action-list-add">Add to list <span class="accessibility">Coles Whole Beef Eye Fillet approx. 500g</span></a> 
				</div>
				<div class="member-list-add">
					<a href="http://shop.coles.com.au/online/SearchDisplay?searchTermScope=&multiSearch=&searchType=2&maxPrice=&showResultsPage=true&langId=-1&beginIndex=0&sType=SimpleSearch&browseView=true&metaData=&manufacturer=&resultCatEntryType=&catalogId=10576&pageView=image&minPrice=&urlLangId=-1&categoryId=28164&storeId=10601#" class="action-addToList action-list-add">Add to another list <span class="accessibility">Coles Whole Beef Eye Fillet approx. 500g</span></a>
				</div>
			
			<div class="member-list-remove">
				 <a href="http://shop.coles.com.au/online/SearchDisplay?searchTermScope=&multiSearch=&searchType=2&maxPrice=&showResultsPage=true&langId=-1&beginIndex=0&sType=SimpleSearch&browseView=true&metaData=&manufacturer=&resultCatEntryType=&catalogId=10576&pageView=image&minPrice=&urlLangId=-1&categoryId=28164&storeId=10601#" class="action-removeFromList">Remove from list <span class="accessibility">Coles Whole Beef Eye Fillet approx. 500g</span></a> 
			</div>
			
				<div class="compareProd" role="presentation" aria-hidden="true">
					<a href="http://shop.coles.com.au/online/SearchDisplay?searchTermScope=&multiSearch=&searchType=2&maxPrice=&showResultsPage=true&langId=-1&beginIndex=0&sType=SimpleSearch&browseView=true&metaData=&manufacturer=&resultCatEntryType=&catalogId=10576&pageView=image&minPrice=&urlLangId=-1&categoryId=28164&storeId=10601#" class="compare compare-add">Compare</a>
				</div>
			
				<a href="http://shop.coles.com.au/online/national/coles-beef-eye-fillet-whole-5289339p" class="product-url accessibility">More details for Coles&nbsp;Whole Beef Eye Fillet</a>
			
		</div>  
      

       	
		    <div role="presentation" aria-hidden="true" id="share" class="share" data-social="{productImgUrl:&#39;http://shop.coles.com.au:27900/wcsstore/Coles-CAS/images/5/2/8/5289339-th.jpg&#39;
	                                               ,productDisplayUrl:&#39;http://shop.coles.com.au/online/national/coles-beef-eye-fillet-whole-5289339p&#39;
	                                               ,title:&#39;Coles Whole Beef Eye Fillet Indicated price based on approx. weight. Weight may vary between 450g and 550g.&#39;
	                                               ,description:&#39;&#39;}">
		 	</div>
 		
	</div>
</div>


	</form>
</div>


<span class="available hidden"></span>


<div class="outer-prod prodtile" data-refresh="{
					catalogId: &quot;10576&quot;,
					doInventory: &quot;N&quot;,
					fulfillmentCenterId: &quot;11576&quot;,
					forStoreId: &quot;10401&quot;,
					
					productDisplayURL: &quot;http://shop.coles.com.au/online/national/coles-beef-t-bone-steak-1-piece&quot;				
			}">
	<form id="catEntryForm_68757" name="catEntryForm_68757" action="http://shop.coles.com.au/online/AjaxOrderChangeServiceItemAdd">
		
<div class=" " data-catentry="catEntry_68757" data-refresh="{
				addCalculationUsage: &quot;-1&quot;,
				langId: &quot;-1&quot;,
				storeId: &quot;10601&quot;, 
				catEntryId: &quot;68757&quot;, 
				catEntryName: &quot;Beef T Bone Steak 1 piece&quot;, 
				productView: &quot;list&quot;,
				productId: &quot;68757&quot;,
				itemId: &quot;129125&quot;,
				hideMultibuy: &quot;false&quot;,
                ticketType: &quot;&quot;,
                partNumber: &quot;7450650&quot;,
                offerCode: &quot;20150204&quot;
		}">
   	<div class="wrapper clearfix">   	
		

<h4 class="accessibility" id="heading_68757" tabindex="-1">
		Coles&nbsp;Beef T Bone Steak 1 piece&nbsp;
		approx. 350g&nbsp;
		 
</h4> 

<div class="offer-icon"></div>
<a role="presentation" aria-hidden="true" class="product-url" href="http://shop.coles.com.au/online/national/coles-beef-t-bone-steak-1-piece">
	    <img role="presentation" aria-hidden="true" class="photo" src="./beef_files/spacer.gif" onerror="this.src=&#39;/wcsstore/ColesStorefrontAssetStore/dist/e0a775baf05f/images/spacer.gif&#39;" alt="Beef T Bone Steak 1 piece" width="110" height="110">
	</a>

<div class="detail">	
    <span role="presentation" aria-hidden="true" class="brand">Coles</span>
    <span class="item" role="presentation" aria-hidden="true">
        <a role="presentation" aria-hidden="true" class="product-url" href="http://shop.coles.com.au/online/national/coles-beef-t-bone-steak-1-piece">
        	Beef T Bone Steak 1 piece&nbsp;
        	approx. 350g
        </a>
    </span>
	<span class="size">
		Indicated price based on approx. weight. Weight may vary between 300g and 400g.	
 	</span>
</div>


	<div class="purchasing">	    
	    <div class="saving">
	    	
	    </div>
	   	
	    		<div class="price"><span class="accessibility">Purchase price </span><small>$</small>8.40</div>
	    	
	    <div class="unit-price"><span class="accessibility">Unit price </span>$24.00 per 1Kg</div>
	    <div class="special-offer">	    	
	    	
	    </div> 
	    <div class="availability">Temporarily unavailable</div>
	    <div class="purchase">
		
			<input type="number" title="Add Quantity for Coles Beef T Bone Steak 1 piece approx. 350g" name="quantity" id="catEntry_68757_qty" value="1" maxlength="2" size="2" class="v-mandatory v-numeric v-minval-1">
	        <button role="button" type="submit" title="Add to trolley Coles Beef T Bone Steak 1 piece approx. 350g" class="btn-red action-addToTrolley"><span role="presentation" aria-hidden="true">Add to trolley</span></button>
		
		</div>
	</div>
	<div class="lists">
		
	</div>


	    <div class="actions">
	        			
			   <div class="MUItemForTrolleyDiv MUItemForTrolley_129125" data-catentry="129125">
		         <div class="MUul_129125"><div class="MUli_129125 hidden" aria-hidden="true"><span class="inTrolley"><span class="MUSpan_129125">0</span> in trolley</span></div></div>
		       </div>
		        <p class="clear"></p>
			 
			<div class="member-usuals-remove">
				<a href="http://shop.coles.com.au/online/SearchDisplay?searchTermScope=&multiSearch=&searchType=2&maxPrice=&showResultsPage=true&langId=-1&beginIndex=0&sType=SimpleSearch&browseView=true&metaData=&manufacturer=&resultCatEntryType=&catalogId=10576&pageView=image&minPrice=&urlLangId=-1&categoryId=28164&storeId=10601#" class="action-removeFromUsuals usuals-remove">Remove from list <span class="accessibility">Coles Beef T Bone Steak 1 piece approx. 350g</span></a>			
			</div>
			
				<div class="list">
					<a href="http://shop.coles.com.au/online/SearchDisplay?searchTermScope=&multiSearch=&searchType=2&maxPrice=&showResultsPage=true&langId=-1&beginIndex=0&sType=SimpleSearch&browseView=true&metaData=&manufacturer=&resultCatEntryType=&catalogId=10576&pageView=image&minPrice=&urlLangId=-1&categoryId=28164&storeId=10601#" class="action-addToList action-list-add">Add to list <span class="accessibility">Coles Beef T Bone Steak 1 piece approx. 350g</span></a> 
				</div>
				<div class="member-list-add">
					<a href="http://shop.coles.com.au/online/SearchDisplay?searchTermScope=&multiSearch=&searchType=2&maxPrice=&showResultsPage=true&langId=-1&beginIndex=0&sType=SimpleSearch&browseView=true&metaData=&manufacturer=&resultCatEntryType=&catalogId=10576&pageView=image&minPrice=&urlLangId=-1&categoryId=28164&storeId=10601#" class="action-addToList action-list-add">Add to another list <span class="accessibility">Coles Beef T Bone Steak 1 piece approx. 350g</span></a>
				</div>
			
			<div class="member-list-remove">
				 <a href="http://shop.coles.com.au/online/SearchDisplay?searchTermScope=&multiSearch=&searchType=2&maxPrice=&showResultsPage=true&langId=-1&beginIndex=0&sType=SimpleSearch&browseView=true&metaData=&manufacturer=&resultCatEntryType=&catalogId=10576&pageView=image&minPrice=&urlLangId=-1&categoryId=28164&storeId=10601#" class="action-removeFromList">Remove from list <span class="accessibility">Coles Beef T Bone Steak 1 piece approx. 350g</span></a> 
			</div>
			
				<div class="compareProd" role="presentation" aria-hidden="true">
					<a href="http://shop.coles.com.au/online/SearchDisplay?searchTermScope=&multiSearch=&searchType=2&maxPrice=&showResultsPage=true&langId=-1&beginIndex=0&sType=SimpleSearch&browseView=true&metaData=&manufacturer=&resultCatEntryType=&catalogId=10576&pageView=image&minPrice=&urlLangId=-1&categoryId=28164&storeId=10601#" class="compare compare-add">Compare</a>
				</div>
			
				<a href="http://shop.coles.com.au/online/national/coles-beef-t-bone-steak-1-piece" class="product-url accessibility">More details for Coles&nbsp;Beef T Bone Steak 1 piece</a>
			
		</div>  
      

       	
		    <div role="presentation" aria-hidden="true" id="share" class="share" data-social="{productImgUrl:&#39;http://shop.coles.com.au:27900/wcsstore/Coles-CAS/images/7/4/5/7450650-th.jpg&#39;
	                                               ,productDisplayUrl:&#39;http://shop.coles.com.au/online/national/coles-beef-t-bone-steak-1-piece&#39;
	                                               ,title:&#39;Coles Beef T Bone Steak 1 piece Indicated price based on approx. weight. Weight may vary between 300g and 400g.&#39;
	                                               ,description:&#39;&#39;}">
		 	</div>
 		
	</div>
</div>


	</form>
</div>


<span class="available hidden"></span>


<div class="outer-prod prodtile" data-refresh="{
					catalogId: &quot;10576&quot;,
					doInventory: &quot;N&quot;,
					fulfillmentCenterId: &quot;11576&quot;,
					forStoreId: &quot;10401&quot;,
					
					productDisplayURL: &quot;http://shop.coles.com.au/online/national/coles-beef-scotch-steak&quot;				
			}">
	<form id="catEntryForm_80563" name="catEntryForm_80563" action="http://shop.coles.com.au/online/AjaxOrderChangeServiceItemAdd">
		
<div class="promo save " data-catentry="catEntry_80563" data-refresh="{
				addCalculationUsage: &quot;-1&quot;,
				langId: &quot;-1&quot;,
				storeId: &quot;10601&quot;, 
				catEntryId: &quot;80563&quot;, 
				catEntryName: &quot;Beef Scotch Fillet Steak 5-6 Pieces&quot;, 
				productView: &quot;list&quot;,
				productId: &quot;80563&quot;,
				itemId: &quot;146777&quot;,
				hideMultibuy: &quot;false&quot;,
                ticketType: &quot;S&quot;,
                partNumber: &quot;5152582&quot;,
                offerCode: &quot;107599428&quot;
		}">
   	<div class="wrapper clearfix">   	
		

<h4 class="accessibility" id="heading_80563" tabindex="-1">
		Coles&nbsp;Beef Scotch Fillet Steak 5-6 Pieces&nbsp;
		approx. 1.1g&nbsp;
		On special 
</h4> 

<div class="offer-icon"></div>
<a role="presentation" aria-hidden="true" class="product-url" href="http://shop.coles.com.au/online/national/coles-beef-scotch-steak">
	    <img role="presentation" aria-hidden="true" class="photo" src="./beef_files/spacer.gif" onerror="this.src=&#39;/wcsstore/ColesStorefrontAssetStore/dist/e0a775baf05f/images/spacer.gif&#39;" alt="Beef Scotch Fillet Steak 5-6 Pieces" width="110" height="110">
	</a>

<div class="detail">	
    <span role="presentation" aria-hidden="true" class="brand">Coles</span>
    <span class="item" role="presentation" aria-hidden="true">
        <a role="presentation" aria-hidden="true" class="product-url" href="http://shop.coles.com.au/online/national/coles-beef-scotch-steak">
        	Beef Scotch Fillet Steak 5-6 Pieces&nbsp;
        	approx. 1.1g
        </a>
    </span>
	<span class="size">
		Indicated price based on approx. weight. Weight may vary between 1kg and 1.2kg.	
 	</span>
</div>


	<div class="purchasing">	    
	    <div class="saving">
	    	
	    		<span class="accessibility">Original price</span> was $33.00 
	    		<span><span class="accessibility">You can</span> save $6.60</span>
	    	
	    </div>
	   	
	    		<div class="price"><span class="accessibility">Purchase price </span><small>$</small>26.40</div>
	    	
	    <div class="unit-price"><span class="accessibility">Unit price </span>$24.00 per 1Kg</div>
	    <div class="special-offer">	    	
	    	
	    </div> 
	    <div class="availability">Temporarily unavailable</div>
	    <div class="purchase">
		
			<input type="number" title="Add Quantity for Coles Beef Scotch Fillet Steak 5-6 Pieces approx. 1.1g" name="quantity" id="catEntry_80563_qty" value="1" maxlength="2" size="2" class="v-mandatory v-numeric v-minval-1">
	        <button role="button" type="submit" title="Add to trolley Coles Beef Scotch Fillet Steak 5-6 Pieces approx. 1.1g" class="btn-red action-addToTrolley"><span role="presentation" aria-hidden="true">Add to trolley</span></button>
		
		</div>
	</div>
	<div class="lists">
		
	</div>


	    <div class="actions">
	        			
			   <div class="MUItemForTrolleyDiv MUItemForTrolley_146777" data-catentry="146777">
		         <div class="MUul_146777"><div class="MUli_146777 hidden" aria-hidden="true"><span class="inTrolley"><span class="MUSpan_146777">0</span> in trolley</span></div></div>
		       </div>
		        <p class="clear"></p>
			 
			<div class="member-usuals-remove">
				<a href="http://shop.coles.com.au/online/SearchDisplay?searchTermScope=&multiSearch=&searchType=2&maxPrice=&showResultsPage=true&langId=-1&beginIndex=0&sType=SimpleSearch&browseView=true&metaData=&manufacturer=&resultCatEntryType=&catalogId=10576&pageView=image&minPrice=&urlLangId=-1&categoryId=28164&storeId=10601#" class="action-removeFromUsuals usuals-remove">Remove from list <span class="accessibility">Coles Beef Scotch Fillet Steak 5-6 Pieces approx. 1.1g</span></a>			
			</div>
			
				<div class="list">
					<a href="http://shop.coles.com.au/online/SearchDisplay?searchTermScope=&multiSearch=&searchType=2&maxPrice=&showResultsPage=true&langId=-1&beginIndex=0&sType=SimpleSearch&browseView=true&metaData=&manufacturer=&resultCatEntryType=&catalogId=10576&pageView=image&minPrice=&urlLangId=-1&categoryId=28164&storeId=10601#" class="action-addToList action-list-add">Add to list <span class="accessibility">Coles Beef Scotch Fillet Steak 5-6 Pieces approx. 1.1g</span></a> 
				</div>
				<div class="member-list-add">
					<a href="http://shop.coles.com.au/online/SearchDisplay?searchTermScope=&multiSearch=&searchType=2&maxPrice=&showResultsPage=true&langId=-1&beginIndex=0&sType=SimpleSearch&browseView=true&metaData=&manufacturer=&resultCatEntryType=&catalogId=10576&pageView=image&minPrice=&urlLangId=-1&categoryId=28164&storeId=10601#" class="action-addToList action-list-add">Add to another list <span class="accessibility">Coles Beef Scotch Fillet Steak 5-6 Pieces approx. 1.1g</span></a>
				</div>
			
			<div class="member-list-remove">
				 <a href="http://shop.coles.com.au/online/SearchDisplay?searchTermScope=&multiSearch=&searchType=2&maxPrice=&showResultsPage=true&langId=-1&beginIndex=0&sType=SimpleSearch&browseView=true&metaData=&manufacturer=&resultCatEntryType=&catalogId=10576&pageView=image&minPrice=&urlLangId=-1&categoryId=28164&storeId=10601#" class="action-removeFromList">Remove from list <span class="accessibility">Coles Beef Scotch Fillet Steak 5-6 Pieces approx. 1.1g</span></a> 
			</div>
			
				<div class="compareProd" role="presentation" aria-hidden="true">
					<a href="http://shop.coles.com.au/online/SearchDisplay?searchTermScope=&multiSearch=&searchType=2&maxPrice=&showResultsPage=true&langId=-1&beginIndex=0&sType=SimpleSearch&browseView=true&metaData=&manufacturer=&resultCatEntryType=&catalogId=10576&pageView=image&minPrice=&urlLangId=-1&categoryId=28164&storeId=10601#" class="compare compare-add">Compare</a>
				</div>
			
				<a href="http://shop.coles.com.au/online/national/coles-beef-scotch-steak" class="product-url accessibility">More details for Coles&nbsp;Beef Scotch Fillet Steak 5-6 Pieces</a>
			
		</div>  
      

       	
		    <div role="presentation" aria-hidden="true" id="share" class="share" data-social="{productImgUrl:&#39;http://shop.coles.com.au:27900/wcsstore/Coles-CAS/images/5/1/5/5152582-th.jpg&#39;
	                                               ,productDisplayUrl:&#39;http://shop.coles.com.au/online/national/coles-beef-scotch-steak&#39;
	                                               ,title:&#39;Coles Beef Scotch Fillet Steak 5-6 Pieces Indicated price based on approx. weight. Weight may vary between 1kg and 1.2kg.&#39;
	                                               ,description:&#39;&#39;}">
		 	</div>
 		
	</div>
</div>


	</form>
</div>


<span class="available hidden"></span>


<div class="outer-prod prodtile" data-refresh="{
					catalogId: &quot;10576&quot;,
					doInventory: &quot;N&quot;,
					fulfillmentCenterId: &quot;11576&quot;,
					forStoreId: &quot;10401&quot;,
					
					productDisplayURL: &quot;http://shop.coles.com.au/online/national/coles-beef-porterhouse-steak-434394p&quot;				
			}">
	<form id="catEntryForm_82889" name="catEntryForm_82889" action="http://shop.coles.com.au/online/AjaxOrderChangeServiceItemAdd">
		
<div class=" " data-catentry="catEntry_82889" data-refresh="{
				addCalculationUsage: &quot;-1&quot;,
				langId: &quot;-1&quot;,
				storeId: &quot;10601&quot;, 
				catEntryId: &quot;82889&quot;, 
				catEntryName: &quot;Beef Porterhouse Steak 4-5 Pieces&quot;, 
				productView: &quot;list&quot;,
				productId: &quot;82889&quot;,
				itemId: &quot;147210&quot;,
				hideMultibuy: &quot;false&quot;,
                ticketType: &quot;&quot;,
                partNumber: &quot;434394&quot;,
                offerCode: &quot;20150204&quot;
		}">
   	<div class="wrapper clearfix">   	
		

<h4 class="accessibility" id="heading_82889" tabindex="-1">
		Coles&nbsp;Beef Porterhouse Steak 4-5 Pieces&nbsp;
		approx. 850g&nbsp;
		 
</h4> 

<div class="offer-icon"></div>
<a role="presentation" aria-hidden="true" class="product-url" href="http://shop.coles.com.au/online/national/coles-beef-porterhouse-steak-434394p">
	    <img role="presentation" aria-hidden="true" class="photo" src="./beef_files/spacer.gif" onerror="this.src=&#39;/wcsstore/ColesStorefrontAssetStore/dist/e0a775baf05f/images/spacer.gif&#39;" alt="Beef Porterhouse Steak 4-5 Pieces" width="110" height="110">
	</a>

<div class="detail">	
    <span role="presentation" aria-hidden="true" class="brand">Coles</span>
    <span class="item" role="presentation" aria-hidden="true">
        <a role="presentation" aria-hidden="true" class="product-url" href="http://shop.coles.com.au/online/national/coles-beef-porterhouse-steak-434394p">
        	Beef Porterhouse Steak 4-5 Pieces&nbsp;
        	approx. 850g
        </a>
    </span>
	<span class="size">
		Indicated price based on approx. weight. Weight may vary between 800g and 900g.	
 	</span>
</div>


	<div class="purchasing">	    
	    <div class="saving">
	    	
	    </div>
	   	
	    		<div class="price"><span class="accessibility">Purchase price </span><small>$</small>23.80</div>
	    	
	    <div class="unit-price"><span class="accessibility">Unit price </span>$28.00 per 1Kg</div>
	    <div class="special-offer">	    	
	    	
	    </div> 
	    <div class="availability">Temporarily unavailable</div>
	    <div class="purchase">
		
			<input type="number" title="Add Quantity for Coles Beef Porterhouse Steak 4-5 Pieces approx. 850g" name="quantity" id="catEntry_82889_qty" value="1" maxlength="2" size="2" class="v-mandatory v-numeric v-minval-1">
	        <button role="button" type="submit" title="Add to trolley Coles Beef Porterhouse Steak 4-5 Pieces approx. 850g" class="btn-red action-addToTrolley"><span role="presentation" aria-hidden="true">Add to trolley</span></button>
		
		</div>
	</div>
	<div class="lists">
		
	</div>


	    <div class="actions">
	        			
			   <div class="MUItemForTrolleyDiv MUItemForTrolley_147210" data-catentry="147210">
		         <div class="MUul_147210"><div class="MUli_147210 hidden" aria-hidden="true"><span class="inTrolley"><span class="MUSpan_147210">0</span> in trolley</span></div></div>
		       </div>
		        <p class="clear"></p>
			 
			<div class="member-usuals-remove">
				<a href="http://shop.coles.com.au/online/SearchDisplay?searchTermScope=&multiSearch=&searchType=2&maxPrice=&showResultsPage=true&langId=-1&beginIndex=0&sType=SimpleSearch&browseView=true&metaData=&manufacturer=&resultCatEntryType=&catalogId=10576&pageView=image&minPrice=&urlLangId=-1&categoryId=28164&storeId=10601#" class="action-removeFromUsuals usuals-remove">Remove from list <span class="accessibility">Coles Beef Porterhouse Steak 4-5 Pieces approx. 850g</span></a>			
			</div>
			
				<div class="list">
					<a href="http://shop.coles.com.au/online/SearchDisplay?searchTermScope=&multiSearch=&searchType=2&maxPrice=&showResultsPage=true&langId=-1&beginIndex=0&sType=SimpleSearch&browseView=true&metaData=&manufacturer=&resultCatEntryType=&catalogId=10576&pageView=image&minPrice=&urlLangId=-1&categoryId=28164&storeId=10601#" class="action-addToList action-list-add">Add to list <span class="accessibility">Coles Beef Porterhouse Steak 4-5 Pieces approx. 850g</span></a> 
				</div>
				<div class="member-list-add">
					<a href="http://shop.coles.com.au/online/SearchDisplay?searchTermScope=&multiSearch=&searchType=2&maxPrice=&showResultsPage=true&langId=-1&beginIndex=0&sType=SimpleSearch&browseView=true&metaData=&manufacturer=&resultCatEntryType=&catalogId=10576&pageView=image&minPrice=&urlLangId=-1&categoryId=28164&storeId=10601#" class="action-addToList action-list-add">Add to another list <span class="accessibility">Coles Beef Porterhouse Steak 4-5 Pieces approx. 850g</span></a>
				</div>
			
			<div class="member-list-remove">
				 <a href="http://shop.coles.com.au/online/SearchDisplay?searchTermScope=&multiSearch=&searchType=2&maxPrice=&showResultsPage=true&langId=-1&beginIndex=0&sType=SimpleSearch&browseView=true&metaData=&manufacturer=&resultCatEntryType=&catalogId=10576&pageView=image&minPrice=&urlLangId=-1&categoryId=28164&storeId=10601#" class="action-removeFromList">Remove from list <span class="accessibility">Coles Beef Porterhouse Steak 4-5 Pieces approx. 850g</span></a> 
			</div>
			
				<div class="compareProd" role="presentation" aria-hidden="true">
					<a href="http://shop.coles.com.au/online/SearchDisplay?searchTermScope=&multiSearch=&searchType=2&maxPrice=&showResultsPage=true&langId=-1&beginIndex=0&sType=SimpleSearch&browseView=true&metaData=&manufacturer=&resultCatEntryType=&catalogId=10576&pageView=image&minPrice=&urlLangId=-1&categoryId=28164&storeId=10601#" class="compare compare-add">Compare</a>
				</div>
			
				<a href="http://shop.coles.com.au/online/national/coles-beef-porterhouse-steak-434394p" class="product-url accessibility">More details for Coles&nbsp;Beef Porterhouse Steak 4-5 Pieces</a>
			
		</div>  
      

       	
		    <div role="presentation" aria-hidden="true" id="share" class="share" data-social="{productImgUrl:&#39;http://shop.coles.com.au:27900/wcsstore/Coles-CAS/images/4/3/4/434394-th.jpg&#39;
	                                               ,productDisplayUrl:&#39;http://shop.coles.com.au/online/national/coles-beef-porterhouse-steak-434394p&#39;
	                                               ,title:&#39;Coles Beef Porterhouse Steak 4-5 Pieces Indicated price based on approx. weight. Weight may vary between 800g and 900g.&#39;
	                                               ,description:&#39;&#39;}">
		 	</div>
 		
	</div>
</div>


	</form>
</div>


<span class="available hidden"></span>


<div class="outer-prod prodtile" data-refresh="{
					catalogId: &quot;10576&quot;,
					doInventory: &quot;N&quot;,
					fulfillmentCenterId: &quot;11576&quot;,
					forStoreId: &quot;10401&quot;,
					
					productDisplayURL: &quot;http://shop.coles.com.au/online/national/coles-beef-eye-fillet-steak-434361p&quot;				
			}">
	<form id="catEntryForm_82891" name="catEntryForm_82891" action="http://shop.coles.com.au/online/AjaxOrderChangeServiceItemAdd">
		
<div class=" " data-catentry="catEntry_82891" data-refresh="{
				addCalculationUsage: &quot;-1&quot;,
				langId: &quot;-1&quot;,
				storeId: &quot;10601&quot;, 
				catEntryId: &quot;82891&quot;, 
				catEntryName: &quot;Beef Eye Fillet Steak 2-3 Pieces&quot;, 
				productView: &quot;list&quot;,
				productId: &quot;82891&quot;,
				itemId: &quot;144219&quot;,
				hideMultibuy: &quot;false&quot;,
                ticketType: &quot;&quot;,
                partNumber: &quot;434361&quot;,
                offerCode: &quot;20150128&quot;
		}">
   	<div class="wrapper clearfix">   	
		

<h4 class="accessibility" id="heading_82891" tabindex="-1">
		Coles&nbsp;Beef Eye Fillet Steak 2-3 Pieces&nbsp;
		approx. 250g&nbsp;
		 
</h4> 

<div class="offer-icon"></div>
<a role="presentation" aria-hidden="true" class="product-url" href="http://shop.coles.com.au/online/national/coles-beef-eye-fillet-steak-434361p">
	    <img role="presentation" aria-hidden="true" class="photo" src="./beef_files/spacer.gif" onerror="this.src=&#39;/wcsstore/ColesStorefrontAssetStore/dist/e0a775baf05f/images/spacer.gif&#39;" alt="Beef Eye Fillet Steak 2-3 Pieces" width="110" height="110">
	</a>

<div class="detail">	
    <span role="presentation" aria-hidden="true" class="brand">Coles</span>
    <span class="item" role="presentation" aria-hidden="true">
        <a role="presentation" aria-hidden="true" class="product-url" href="http://shop.coles.com.au/online/national/coles-beef-eye-fillet-steak-434361p">
        	Beef Eye Fillet Steak 2-3 Pieces&nbsp;
        	approx. 250g
        </a>
    </span>
	<span class="size">
		Indicated price based on approx. weight. Weight may vary between 200g and 300g.	
 	</span>
</div>


	<div class="purchasing">	    
	    <div class="saving">
	    	
	    </div>
	   	
	    		<div class="price"><span class="accessibility">Purchase price </span><small>$</small>10.50</div>
	    	
	    <div class="unit-price"><span class="accessibility">Unit price </span>$42.00 per 1Kg</div>
	    <div class="special-offer">	    	
	    	
	    </div> 
	    <div class="availability">Temporarily unavailable</div>
	    <div class="purchase">
		
			<input type="number" title="Add Quantity for Coles Beef Eye Fillet Steak 2-3 Pieces approx. 250g" name="quantity" id="catEntry_82891_qty" value="1" maxlength="2" size="2" class="v-mandatory v-numeric v-minval-1">
	        <button role="button" type="submit" title="Add to trolley Coles Beef Eye Fillet Steak 2-3 Pieces approx. 250g" class="btn-red action-addToTrolley"><span role="presentation" aria-hidden="true">Add to trolley</span></button>
		
		</div>
	</div>
	<div class="lists">
		
	</div>


	    <div class="actions">
	        			
			   <div class="MUItemForTrolleyDiv MUItemForTrolley_144219" data-catentry="144219">
		         <div class="MUul_144219"><div class="MUli_144219 hidden" aria-hidden="true"><span class="inTrolley"><span class="MUSpan_144219">0</span> in trolley</span></div></div>
		       </div>
		        <p class="clear"></p>
			 
			<div class="member-usuals-remove">
				<a href="http://shop.coles.com.au/online/SearchDisplay?searchTermScope=&multiSearch=&searchType=2&maxPrice=&showResultsPage=true&langId=-1&beginIndex=0&sType=SimpleSearch&browseView=true&metaData=&manufacturer=&resultCatEntryType=&catalogId=10576&pageView=image&minPrice=&urlLangId=-1&categoryId=28164&storeId=10601#" class="action-removeFromUsuals usuals-remove">Remove from list <span class="accessibility">Coles Beef Eye Fillet Steak 2-3 Pieces approx. 250g</span></a>			
			</div>
			
				<div class="list">
					<a href="http://shop.coles.com.au/online/SearchDisplay?searchTermScope=&multiSearch=&searchType=2&maxPrice=&showResultsPage=true&langId=-1&beginIndex=0&sType=SimpleSearch&browseView=true&metaData=&manufacturer=&resultCatEntryType=&catalogId=10576&pageView=image&minPrice=&urlLangId=-1&categoryId=28164&storeId=10601#" class="action-addToList action-list-add">Add to list <span class="accessibility">Coles Beef Eye Fillet Steak 2-3 Pieces approx. 250g</span></a> 
				</div>
				<div class="member-list-add">
					<a href="http://shop.coles.com.au/online/SearchDisplay?searchTermScope=&multiSearch=&searchType=2&maxPrice=&showResultsPage=true&langId=-1&beginIndex=0&sType=SimpleSearch&browseView=true&metaData=&manufacturer=&resultCatEntryType=&catalogId=10576&pageView=image&minPrice=&urlLangId=-1&categoryId=28164&storeId=10601#" class="action-addToList action-list-add">Add to another list <span class="accessibility">Coles Beef Eye Fillet Steak 2-3 Pieces approx. 250g</span></a>
				</div>
			
			<div class="member-list-remove">
				 <a href="http://shop.coles.com.au/online/SearchDisplay?searchTermScope=&multiSearch=&searchType=2&maxPrice=&showResultsPage=true&langId=-1&beginIndex=0&sType=SimpleSearch&browseView=true&metaData=&manufacturer=&resultCatEntryType=&catalogId=10576&pageView=image&minPrice=&urlLangId=-1&categoryId=28164&storeId=10601#" class="action-removeFromList">Remove from list <span class="accessibility">Coles Beef Eye Fillet Steak 2-3 Pieces approx. 250g</span></a> 
			</div>
			
				<div class="compareProd" role="presentation" aria-hidden="true">
					<a href="http://shop.coles.com.au/online/SearchDisplay?searchTermScope=&multiSearch=&searchType=2&maxPrice=&showResultsPage=true&langId=-1&beginIndex=0&sType=SimpleSearch&browseView=true&metaData=&manufacturer=&resultCatEntryType=&catalogId=10576&pageView=image&minPrice=&urlLangId=-1&categoryId=28164&storeId=10601#" class="compare compare-add">Compare</a>
				</div>
			
				<a href="http://shop.coles.com.au/online/national/coles-beef-eye-fillet-steak-434361p" class="product-url accessibility">More details for Coles&nbsp;Beef Eye Fillet Steak 2-3 Pieces</a>
			
		</div>  
      

       	
		    <div role="presentation" aria-hidden="true" id="share" class="share" data-social="{productImgUrl:&#39;http://shop.coles.com.au:27900/wcsstore/Coles-CAS/images/4/3/4/434361-th.jpg&#39;
	                                               ,productDisplayUrl:&#39;http://shop.coles.com.au/online/national/coles-beef-eye-fillet-steak-434361p&#39;
	                                               ,title:&#39;Coles Beef Eye Fillet Steak 2-3 Pieces Indicated price based on approx. weight. Weight may vary between 200g and 300g.&#39;
	                                               ,description:&#39;&#39;}">
		 	</div>
 		
	</div>
</div>


	</form>
</div>


<span class="available hidden"></span>


<div class="outer-prod prodtile" data-refresh="{
					catalogId: &quot;10576&quot;,
					doInventory: &quot;N&quot;,
					fulfillmentCenterId: &quot;11576&quot;,
					forStoreId: &quot;10401&quot;,
					
					productDisplayURL: &quot;http://shop.coles.com.au/online/national/coles-beef-porterhouse-steak-extra-trim-2-pieces&quot;				
			}">
	<form id="catEntryForm_91145" name="catEntryForm_91145" action="http://shop.coles.com.au/online/AjaxOrderChangeServiceItemAdd">
		
<div class=" " data-catentry="catEntry_91145" data-refresh="{
				addCalculationUsage: &quot;-1&quot;,
				langId: &quot;-1&quot;,
				storeId: &quot;10601&quot;, 
				catEntryId: &quot;91145&quot;, 
				catEntryName: &quot;Extra Trim Beef Porterhouse Steak 1-2 pieces&quot;, 
				productView: &quot;list&quot;,
				productId: &quot;91145&quot;,
				itemId: &quot;161723&quot;,
				hideMultibuy: &quot;false&quot;,
                ticketType: &quot;&quot;,
                partNumber: &quot;9492662&quot;,
                offerCode: &quot;20141112&quot;
		}">
   	<div class="wrapper clearfix">   	
		

<h4 class="accessibility" id="heading_91145" tabindex="-1">
		Coles&nbsp;Extra Trim Beef Porterhouse Steak 1-2 pieces&nbsp;
		approx. 400g&nbsp;
		 
</h4> 

<div class="offer-icon"></div>
<a role="presentation" aria-hidden="true" class="product-url" href="http://shop.coles.com.au/online/national/coles-beef-porterhouse-steak-extra-trim-2-pieces">
	    <img role="presentation" aria-hidden="true" class="photo" src="./beef_files/spacer.gif" onerror="this.src=&#39;/wcsstore/ColesStorefrontAssetStore/dist/e0a775baf05f/images/spacer.gif&#39;" alt="Extra Trim Beef Porterhouse Steak 1-2 pieces" width="110" height="110">
	</a>

<div class="detail">	
    <span role="presentation" aria-hidden="true" class="brand">Coles</span>
    <span class="item" role="presentation" aria-hidden="true">
        <a role="presentation" aria-hidden="true" class="product-url" href="http://shop.coles.com.au/online/national/coles-beef-porterhouse-steak-extra-trim-2-pieces">
        	Extra Trim Beef Porterhouse Steak 1-2 pieces&nbsp;
        	approx. 400g
        </a>
    </span>
	<span class="size">
		Indicated price based on approx. weight. Weight may vary between 350g and 450g.	
 	</span>
</div>


	<div class="purchasing">	    
	    <div class="saving">
	    	
	    </div>
	   	
	    		<div class="price"><span class="accessibility">Purchase price </span><small>$</small>12.80</div>
	    	
	    <div class="unit-price"><span class="accessibility">Unit price </span>$32.00 per 1Kg</div>
	    <div class="special-offer">	    	
	    	
	    </div> 
	    <div class="availability">Temporarily unavailable</div>
	    <div class="purchase">
		
			<input type="number" title="Add Quantity for Coles Extra Trim Beef Porterhouse Steak 1-2 pieces approx. 400g" name="quantity" id="catEntry_91145_qty" value="1" maxlength="2" size="2" class="v-mandatory v-numeric v-minval-1">
	        <button role="button" type="submit" title="Add to trolley Coles Extra Trim Beef Porterhouse Steak 1-2 pieces approx. 400g" class="btn-red action-addToTrolley"><span role="presentation" aria-hidden="true">Add to trolley</span></button>
		
		</div>
	</div>
	<div class="lists">
		
	</div>


	    <div class="actions">
	        			
			   <div class="MUItemForTrolleyDiv MUItemForTrolley_161723" data-catentry="161723">
		         <div class="MUul_161723"><div class="MUli_161723 hidden" aria-hidden="true"><span class="inTrolley"><span class="MUSpan_161723">0</span> in trolley</span></div></div>
		       </div>
		        <p class="clear"></p>
			 
			<div class="member-usuals-remove">
				<a href="http://shop.coles.com.au/online/SearchDisplay?searchTermScope=&multiSearch=&searchType=2&maxPrice=&showResultsPage=true&langId=-1&beginIndex=0&sType=SimpleSearch&browseView=true&metaData=&manufacturer=&resultCatEntryType=&catalogId=10576&pageView=image&minPrice=&urlLangId=-1&categoryId=28164&storeId=10601#" class="action-removeFromUsuals usuals-remove">Remove from list <span class="accessibility">Coles Extra Trim Beef Porterhouse Steak 1-2 pieces approx. 400g</span></a>			
			</div>
			
				<div class="list">
					<a href="http://shop.coles.com.au/online/SearchDisplay?searchTermScope=&multiSearch=&searchType=2&maxPrice=&showResultsPage=true&langId=-1&beginIndex=0&sType=SimpleSearch&browseView=true&metaData=&manufacturer=&resultCatEntryType=&catalogId=10576&pageView=image&minPrice=&urlLangId=-1&categoryId=28164&storeId=10601#" class="action-addToList action-list-add">Add to list <span class="accessibility">Coles Extra Trim Beef Porterhouse Steak 1-2 pieces approx. 400g</span></a> 
				</div>
				<div class="member-list-add">
					<a href="http://shop.coles.com.au/online/SearchDisplay?searchTermScope=&multiSearch=&searchType=2&maxPrice=&showResultsPage=true&langId=-1&beginIndex=0&sType=SimpleSearch&browseView=true&metaData=&manufacturer=&resultCatEntryType=&catalogId=10576&pageView=image&minPrice=&urlLangId=-1&categoryId=28164&storeId=10601#" class="action-addToList action-list-add">Add to another list <span class="accessibility">Coles Extra Trim Beef Porterhouse Steak 1-2 pieces approx. 400g</span></a>
				</div>
			
			<div class="member-list-remove">
				 <a href="http://shop.coles.com.au/online/SearchDisplay?searchTermScope=&multiSearch=&searchType=2&maxPrice=&showResultsPage=true&langId=-1&beginIndex=0&sType=SimpleSearch&browseView=true&metaData=&manufacturer=&resultCatEntryType=&catalogId=10576&pageView=image&minPrice=&urlLangId=-1&categoryId=28164&storeId=10601#" class="action-removeFromList">Remove from list <span class="accessibility">Coles Extra Trim Beef Porterhouse Steak 1-2 pieces approx. 400g</span></a> 
			</div>
			
				<div class="compareProd" role="presentation" aria-hidden="true">
					<a href="http://shop.coles.com.au/online/SearchDisplay?searchTermScope=&multiSearch=&searchType=2&maxPrice=&showResultsPage=true&langId=-1&beginIndex=0&sType=SimpleSearch&browseView=true&metaData=&manufacturer=&resultCatEntryType=&catalogId=10576&pageView=image&minPrice=&urlLangId=-1&categoryId=28164&storeId=10601#" class="compare compare-add">Compare</a>
				</div>
			
				<a href="http://shop.coles.com.au/online/national/coles-beef-porterhouse-steak-extra-trim-2-pieces" class="product-url accessibility">More details for Coles&nbsp;Extra Trim Beef Porterhouse Steak 1-2 pieces</a>
			
		</div>  
      

       	
		    <div role="presentation" aria-hidden="true" id="share" class="share" data-social="{productImgUrl:&#39;http://shop.coles.com.au:27900/wcsstore/Coles-CAS/images/9/4/9/9492662-th.jpg&#39;
	                                               ,productDisplayUrl:&#39;http://shop.coles.com.au/online/national/coles-beef-porterhouse-steak-extra-trim-2-pieces&#39;
	                                               ,title:&#39;Coles Extra Trim Beef Porterhouse Steak 1-2 pieces Indicated price based on approx. weight. Weight may vary between 350g and 450g.&#39;
	                                               ,description:&#39;&#39;}">
		 	</div>
 		
	</div>
</div>


	</form>
</div>


<span class="available hidden"></span>


<div class="outer-prod prodtile" data-refresh="{
					catalogId: &quot;10576&quot;,
					doInventory: &quot;N&quot;,
					fulfillmentCenterId: &quot;11576&quot;,
					forStoreId: &quot;10401&quot;,
					
					productDisplayURL: &quot;http://shop.coles.com.au/online/national/coles-beef-corned-silverside-salt-reduced&quot;				
			}">
	<form id="catEntryForm_213691" name="catEntryForm_213691" action="http://shop.coles.com.au/online/AjaxOrderChangeServiceItemAdd">
		
<div class=" " data-catentry="catEntry_213691" data-refresh="{
				addCalculationUsage: &quot;-1&quot;,
				langId: &quot;-1&quot;,
				storeId: &quot;10601&quot;, 
				catEntryId: &quot;213691&quot;, 
				catEntryName: &quot;Salt Reduced Corned Beef Silverside&quot;, 
				productView: &quot;list&quot;,
				productId: &quot;213691&quot;,
				itemId: &quot;213826&quot;,
				hideMultibuy: &quot;false&quot;,
                ticketType: &quot;&quot;,
                partNumber: &quot;1176308&quot;,
                offerCode: &quot;20140813&quot;
		}">
   	<div class="wrapper clearfix">   	
		

<h4 class="accessibility" id="heading_213691" tabindex="-1">
		Coles&nbsp;Salt Reduced Corned Beef Silverside&nbsp;
		approx. 1kg&nbsp;
		 
</h4> 

<div class="offer-icon"></div>
<a role="presentation" aria-hidden="true" class="product-url" href="http://shop.coles.com.au/online/national/coles-beef-corned-silverside-salt-reduced">
	    <img role="presentation" aria-hidden="true" class="photo" src="./beef_files/spacer.gif" onerror="this.src=&#39;/wcsstore/ColesStorefrontAssetStore/dist/e0a775baf05f/images/spacer.gif&#39;" alt="Salt Reduced Corned Beef Silverside" width="110" height="110">
	</a>

<div class="detail">	
    <span role="presentation" aria-hidden="true" class="brand">Coles</span>
    <span class="item" role="presentation" aria-hidden="true">
        <a role="presentation" aria-hidden="true" class="product-url" href="http://shop.coles.com.au/online/national/coles-beef-corned-silverside-salt-reduced">
        	Salt Reduced Corned Beef Silverside&nbsp;
        	approx. 1kg
        </a>
    </span>
	<span class="size">
		Indicated price based on approx. weight. Weight may vary between 900g and 1.1kg.	
 	</span>
</div>


	<div class="purchasing">	    
	    <div class="saving">
	    	
	    </div>
	   	
	    		<div class="price"><span class="accessibility">Purchase price </span><small>$</small>11.00</div>
	    	
	    <div class="unit-price"><span class="accessibility">Unit price </span>$11.00 per 1Kg</div>
	    <div class="special-offer">	    	
	    	
	    </div> 
	    <div class="availability">Temporarily unavailable</div>
	    <div class="purchase">
		
			<input type="number" title="Add Quantity for Coles Salt Reduced Corned Beef Silverside approx. 1kg" name="quantity" id="catEntry_213691_qty" value="1" maxlength="2" size="2" class="v-mandatory v-numeric v-minval-1">
	        <button role="button" type="submit" title="Add to trolley Coles Salt Reduced Corned Beef Silverside approx. 1kg" class="btn-red action-addToTrolley"><span role="presentation" aria-hidden="true">Add to trolley</span></button>
		
		</div>
	</div>
	<div class="lists">
		
	</div>


	    <div class="actions">
	        			
			   <div class="MUItemForTrolleyDiv MUItemForTrolley_213826" data-catentry="213826">
		         <div class="MUul_213826"><div class="MUli_213826 hidden" aria-hidden="true"><span class="inTrolley"><span class="MUSpan_213826">0</span> in trolley</span></div></div>
		       </div>
		        <p class="clear"></p>
			 
			<div class="member-usuals-remove">
				<a href="http://shop.coles.com.au/online/SearchDisplay?searchTermScope=&multiSearch=&searchType=2&maxPrice=&showResultsPage=true&langId=-1&beginIndex=0&sType=SimpleSearch&browseView=true&metaData=&manufacturer=&resultCatEntryType=&catalogId=10576&pageView=image&minPrice=&urlLangId=-1&categoryId=28164&storeId=10601#" class="action-removeFromUsuals usuals-remove">Remove from list <span class="accessibility">Coles Salt Reduced Corned Beef Silverside approx. 1kg</span></a>			
			</div>
			
				<div class="list">
					<a href="http://shop.coles.com.au/online/SearchDisplay?searchTermScope=&multiSearch=&searchType=2&maxPrice=&showResultsPage=true&langId=-1&beginIndex=0&sType=SimpleSearch&browseView=true&metaData=&manufacturer=&resultCatEntryType=&catalogId=10576&pageView=image&minPrice=&urlLangId=-1&categoryId=28164&storeId=10601#" class="action-addToList action-list-add">Add to list <span class="accessibility">Coles Salt Reduced Corned Beef Silverside approx. 1kg</span></a> 
				</div>
				<div class="member-list-add">
					<a href="http://shop.coles.com.au/online/SearchDisplay?searchTermScope=&multiSearch=&searchType=2&maxPrice=&showResultsPage=true&langId=-1&beginIndex=0&sType=SimpleSearch&browseView=true&metaData=&manufacturer=&resultCatEntryType=&catalogId=10576&pageView=image&minPrice=&urlLangId=-1&categoryId=28164&storeId=10601#" class="action-addToList action-list-add">Add to another list <span class="accessibility">Coles Salt Reduced Corned Beef Silverside approx. 1kg</span></a>
				</div>
			
			<div class="member-list-remove">
				 <a href="http://shop.coles.com.au/online/SearchDisplay?searchTermScope=&multiSearch=&searchType=2&maxPrice=&showResultsPage=true&langId=-1&beginIndex=0&sType=SimpleSearch&browseView=true&metaData=&manufacturer=&resultCatEntryType=&catalogId=10576&pageView=image&minPrice=&urlLangId=-1&categoryId=28164&storeId=10601#" class="action-removeFromList">Remove from list <span class="accessibility">Coles Salt Reduced Corned Beef Silverside approx. 1kg</span></a> 
			</div>
			
				<div class="compareProd" role="presentation" aria-hidden="true">
					<a href="http://shop.coles.com.au/online/SearchDisplay?searchTermScope=&multiSearch=&searchType=2&maxPrice=&showResultsPage=true&langId=-1&beginIndex=0&sType=SimpleSearch&browseView=true&metaData=&manufacturer=&resultCatEntryType=&catalogId=10576&pageView=image&minPrice=&urlLangId=-1&categoryId=28164&storeId=10601#" class="compare compare-add">Compare</a>
				</div>
			
				<a href="http://shop.coles.com.au/online/national/coles-beef-corned-silverside-salt-reduced" class="product-url accessibility">More details for Coles&nbsp;Salt Reduced Corned Beef Silverside</a>
			
		</div>  
      

       	
		    <div role="presentation" aria-hidden="true" id="share" class="share" data-social="{productImgUrl:&#39;http://shop.coles.com.au:27900/wcsstore/Coles-CAS/images/1/1/7/1176308-th.jpg&#39;
	                                               ,productDisplayUrl:&#39;http://shop.coles.com.au/online/national/coles-beef-corned-silverside-salt-reduced&#39;
	                                               ,title:&#39;Coles Salt Reduced Corned Beef Silverside Indicated price based on approx. weight. Weight may vary between 900g and 1.1kg.&#39;
	                                               ,description:&#39;&#39;}">
		 	</div>
 		
	</div>
</div>


	</form>
</div>


<span class="available hidden"></span>


<div class="outer-prod prodtile" data-refresh="{
					catalogId: &quot;10576&quot;,
					doInventory: &quot;N&quot;,
					fulfillmentCenterId: &quot;11576&quot;,
					forStoreId: &quot;10401&quot;,
					
					productDisplayURL: &quot;http://shop.coles.com.au/online/national/coles-finest-angus-beef-porterhouse&quot;				
			}">
	<form id="catEntryForm_52070" name="catEntryForm_52070" action="http://shop.coles.com.au/online/AjaxOrderChangeServiceItemAdd">
		
<div class=" " data-catentry="catEntry_52070" data-refresh="{
				addCalculationUsage: &quot;-1&quot;,
				langId: &quot;-1&quot;,
				storeId: &quot;10601&quot;, 
				catEntryId: &quot;52070&quot;, 
				catEntryName: &quot;Angus Beef Porterhouse Steak 1 Piece&quot;, 
				productView: &quot;list&quot;,
				productId: &quot;52070&quot;,
				itemId: &quot;158039&quot;,
				hideMultibuy: &quot;false&quot;,
                ticketType: &quot;&quot;,
                partNumber: &quot;8772324&quot;,
                offerCode: &quot;20120321&quot;
		}">
   	<div class="wrapper clearfix">   	
		

<h4 class="accessibility" id="heading_52070" tabindex="-1">
		Coles Finest&nbsp;Angus Beef Porterhouse Steak 1 Piece&nbsp;
		approx. 300g&nbsp;
		 
</h4> 

<div class="offer-icon"></div>
<a role="presentation" aria-hidden="true" class="product-url" href="http://shop.coles.com.au/online/national/coles-finest-angus-beef-porterhouse">
	    <img role="presentation" aria-hidden="true" class="photo" src="./beef_files/spacer.gif" onerror="this.src=&#39;/wcsstore/ColesStorefrontAssetStore/dist/e0a775baf05f/images/spacer.gif&#39;" alt="Angus Beef Porterhouse Steak 1 Piece" width="110" height="110">
	</a>

<div class="detail">	
    <span role="presentation" aria-hidden="true" class="brand">Coles Finest</span>
    <span class="item" role="presentation" aria-hidden="true">
        <a role="presentation" aria-hidden="true" class="product-url" href="http://shop.coles.com.au/online/national/coles-finest-angus-beef-porterhouse">
        	Angus Beef Porterhouse Steak 1 Piece&nbsp;
        	approx. 300g
        </a>
    </span>
	<span class="size">
		Indicated price based on approx. weight. Weight may vary between 250g and 350kg.	
 	</span>
</div>


	<div class="purchasing">	    
	    <div class="saving">
	    	
	    </div>
	   	
	    		<div class="price"><span class="accessibility">Purchase price </span><small>$</small>10.50</div>
	    	
	    <div class="unit-price"><span class="accessibility">Unit price </span>$34.99 per 1Kg</div>
	    <div class="special-offer">	    	
	    	
	    </div> 
	    <div class="availability">Temporarily unavailable</div>
	    <div class="purchase">
		
			<input type="number" title="Add Quantity for Coles Finest Angus Beef Porterhouse Steak 1 Piece approx. 300g" name="quantity" id="catEntry_52070_qty" value="1" maxlength="2" size="2" class="v-mandatory v-numeric v-minval-1">
	        <button role="button" type="submit" title="Add to trolley Coles Finest Angus Beef Porterhouse Steak 1 Piece approx. 300g" class="btn-red action-addToTrolley"><span role="presentation" aria-hidden="true">Add to trolley</span></button>
		
		</div>
	</div>
	<div class="lists">
		
	</div>


	    <div class="actions">
	        			
			   <div class="MUItemForTrolleyDiv MUItemForTrolley_158039" data-catentry="158039">
		         <div class="MUul_158039"><div class="MUli_158039 hidden" aria-hidden="true"><span class="inTrolley"><span class="MUSpan_158039">0</span> in trolley</span></div></div>
		       </div>
		        <p class="clear"></p>
			 
			<div class="member-usuals-remove">
				<a href="http://shop.coles.com.au/online/SearchDisplay?searchTermScope=&multiSearch=&searchType=2&maxPrice=&showResultsPage=true&langId=-1&beginIndex=0&sType=SimpleSearch&browseView=true&metaData=&manufacturer=&resultCatEntryType=&catalogId=10576&pageView=image&minPrice=&urlLangId=-1&categoryId=28164&storeId=10601#" class="action-removeFromUsuals usuals-remove">Remove from list <span class="accessibility">Coles Finest Angus Beef Porterhouse Steak 1 Piece approx. 300g</span></a>			
			</div>
			
				<div class="list">
					<a href="http://shop.coles.com.au/online/SearchDisplay?searchTermScope=&multiSearch=&searchType=2&maxPrice=&showResultsPage=true&langId=-1&beginIndex=0&sType=SimpleSearch&browseView=true&metaData=&manufacturer=&resultCatEntryType=&catalogId=10576&pageView=image&minPrice=&urlLangId=-1&categoryId=28164&storeId=10601#" class="action-addToList action-list-add">Add to list <span class="accessibility">Coles Finest Angus Beef Porterhouse Steak 1 Piece approx. 300g</span></a> 
				</div>
				<div class="member-list-add">
					<a href="http://shop.coles.com.au/online/SearchDisplay?searchTermScope=&multiSearch=&searchType=2&maxPrice=&showResultsPage=true&langId=-1&beginIndex=0&sType=SimpleSearch&browseView=true&metaData=&manufacturer=&resultCatEntryType=&catalogId=10576&pageView=image&minPrice=&urlLangId=-1&categoryId=28164&storeId=10601#" class="action-addToList action-list-add">Add to another list <span class="accessibility">Coles Finest Angus Beef Porterhouse Steak 1 Piece approx. 300g</span></a>
				</div>
			
			<div class="member-list-remove">
				 <a href="http://shop.coles.com.au/online/SearchDisplay?searchTermScope=&multiSearch=&searchType=2&maxPrice=&showResultsPage=true&langId=-1&beginIndex=0&sType=SimpleSearch&browseView=true&metaData=&manufacturer=&resultCatEntryType=&catalogId=10576&pageView=image&minPrice=&urlLangId=-1&categoryId=28164&storeId=10601#" class="action-removeFromList">Remove from list <span class="accessibility">Coles Finest Angus Beef Porterhouse Steak 1 Piece approx. 300g</span></a> 
			</div>
			
				<div class="compareProd" role="presentation" aria-hidden="true">
					<a href="http://shop.coles.com.au/online/SearchDisplay?searchTermScope=&multiSearch=&searchType=2&maxPrice=&showResultsPage=true&langId=-1&beginIndex=0&sType=SimpleSearch&browseView=true&metaData=&manufacturer=&resultCatEntryType=&catalogId=10576&pageView=image&minPrice=&urlLangId=-1&categoryId=28164&storeId=10601#" class="compare compare-add">Compare</a>
				</div>
			
				<a href="http://shop.coles.com.au/online/national/coles-finest-angus-beef-porterhouse" class="product-url accessibility">More details for Coles Finest&nbsp;Angus Beef Porterhouse Steak 1 Piece</a>
			
		</div>  
      

       	
		    <div role="presentation" aria-hidden="true" id="share" class="share" data-social="{productImgUrl:&#39;http://shop.coles.com.au:27900/wcsstore/Coles-CAS/images/8/7/7/8772324-th.jpg&#39;
	                                               ,productDisplayUrl:&#39;http://shop.coles.com.au/online/national/coles-finest-angus-beef-porterhouse&#39;
	                                               ,title:&#39;Coles Finest Angus Beef Porterhouse Steak 1 Piece Indicated price based on approx. weight. Weight may vary between 250g and 350kg.&#39;
	                                               ,description:&#39;&#39;}">
		 	</div>
 		
	</div>
</div>


	</form>
</div>


<span class="available hidden"></span>


<div class="outer-prod prodtile" data-refresh="{
					catalogId: &quot;10576&quot;,
					doInventory: &quot;N&quot;,
					fulfillmentCenterId: &quot;11576&quot;,
					forStoreId: &quot;10401&quot;,
					
					productDisplayURL: &quot;http://shop.coles.com.au/online/national/coles-finest-rump-steak&quot;				
			}">
	<form id="catEntryForm_309028" name="catEntryForm_309028" action="http://shop.coles.com.au/online/AjaxOrderChangeServiceItemAdd">
		
<div class=" " data-catentry="catEntry_309028" data-refresh="{
				addCalculationUsage: &quot;-1&quot;,
				langId: &quot;-1&quot;,
				storeId: &quot;10601&quot;, 
				catEntryId: &quot;309028&quot;, 
				catEntryName: &quot;Angus Beef Rump Steak&quot;, 
				productView: &quot;list&quot;,
				productId: &quot;309028&quot;,
				itemId: &quot;309074&quot;,
				hideMultibuy: &quot;false&quot;,
                ticketType: &quot;&quot;,
                partNumber: &quot;1175826&quot;,
                offerCode: &quot;20130830&quot;
		}">
   	<div class="wrapper clearfix">   	
		

<h4 class="accessibility" id="heading_309028" tabindex="-1">
		Coles Finest&nbsp;Angus Beef Rump Steak&nbsp;
		approx. 500g&nbsp;
		 
</h4> 

<div class="offer-icon"></div>
<a role="presentation" aria-hidden="true" class="product-url" href="http://shop.coles.com.au/online/national/coles-finest-rump-steak">
	    <img role="presentation" aria-hidden="true" class="photo" src="./beef_files/spacer.gif" onerror="this.src=&#39;/wcsstore/ColesStorefrontAssetStore/dist/e0a775baf05f/images/spacer.gif&#39;" alt="Angus Beef Rump Steak" width="110" height="110">
	</a>

<div class="detail">	
    <span role="presentation" aria-hidden="true" class="brand">Coles Finest</span>
    <span class="item" role="presentation" aria-hidden="true">
        <a role="presentation" aria-hidden="true" class="product-url" href="http://shop.coles.com.au/online/national/coles-finest-rump-steak">
        	Angus Beef Rump Steak&nbsp;
        	approx. 500g
        </a>
    </span>
	<span class="size">
		Indicated price based on approx. weight. Weight may vary between 450g and 550g.	
 	</span>
</div>


	<div class="purchasing">	    
	    <div class="saving">
	    	
	    </div>
	   	
	    		<div class="price"><span class="accessibility">Purchase price </span><small>$</small>16.00</div>
	    	
	    <div class="unit-price"><span class="accessibility">Unit price </span>$31.99 per 1Kg</div>
	    <div class="special-offer">	    	
	    	
	    </div> 
	    <div class="availability">Temporarily unavailable</div>
	    <div class="purchase">
		
			<input type="number" title="Add Quantity for Coles Finest Angus Beef Rump Steak approx. 500g" name="quantity" id="catEntry_309028_qty" value="1" maxlength="2" size="2" class="v-mandatory v-numeric v-minval-1">
	        <button role="button" type="submit" title="Add to trolley Coles Finest Angus Beef Rump Steak approx. 500g" class="btn-red action-addToTrolley"><span role="presentation" aria-hidden="true">Add to trolley</span></button>
		
		</div>
	</div>
	<div class="lists">
		
	</div>


	    <div class="actions">
	        			
			   <div class="MUItemForTrolleyDiv MUItemForTrolley_309074" data-catentry="309074">
		         <div class="MUul_309074"><div class="MUli_309074 hidden" aria-hidden="true"><span class="inTrolley"><span class="MUSpan_309074">0</span> in trolley</span></div></div>
		       </div>
		        <p class="clear"></p>
			 
			<div class="member-usuals-remove">
				<a href="http://shop.coles.com.au/online/SearchDisplay?searchTermScope=&multiSearch=&searchType=2&maxPrice=&showResultsPage=true&langId=-1&beginIndex=0&sType=SimpleSearch&browseView=true&metaData=&manufacturer=&resultCatEntryType=&catalogId=10576&pageView=image&minPrice=&urlLangId=-1&categoryId=28164&storeId=10601#" class="action-removeFromUsuals usuals-remove">Remove from list <span class="accessibility">Coles Finest Angus Beef Rump Steak approx. 500g</span></a>			
			</div>
			
				<div class="list">
					<a href="http://shop.coles.com.au/online/SearchDisplay?searchTermScope=&multiSearch=&searchType=2&maxPrice=&showResultsPage=true&langId=-1&beginIndex=0&sType=SimpleSearch&browseView=true&metaData=&manufacturer=&resultCatEntryType=&catalogId=10576&pageView=image&minPrice=&urlLangId=-1&categoryId=28164&storeId=10601#" class="action-addToList action-list-add">Add to list <span class="accessibility">Coles Finest Angus Beef Rump Steak approx. 500g</span></a> 
				</div>
				<div class="member-list-add">
					<a href="http://shop.coles.com.au/online/SearchDisplay?searchTermScope=&multiSearch=&searchType=2&maxPrice=&showResultsPage=true&langId=-1&beginIndex=0&sType=SimpleSearch&browseView=true&metaData=&manufacturer=&resultCatEntryType=&catalogId=10576&pageView=image&minPrice=&urlLangId=-1&categoryId=28164&storeId=10601#" class="action-addToList action-list-add">Add to another list <span class="accessibility">Coles Finest Angus Beef Rump Steak approx. 500g</span></a>
				</div>
			
			<div class="member-list-remove">
				 <a href="http://shop.coles.com.au/online/SearchDisplay?searchTermScope=&multiSearch=&searchType=2&maxPrice=&showResultsPage=true&langId=-1&beginIndex=0&sType=SimpleSearch&browseView=true&metaData=&manufacturer=&resultCatEntryType=&catalogId=10576&pageView=image&minPrice=&urlLangId=-1&categoryId=28164&storeId=10601#" class="action-removeFromList">Remove from list <span class="accessibility">Coles Finest Angus Beef Rump Steak approx. 500g</span></a> 
			</div>
			
				<div class="compareProd" role="presentation" aria-hidden="true">
					<a href="http://shop.coles.com.au/online/SearchDisplay?searchTermScope=&multiSearch=&searchType=2&maxPrice=&showResultsPage=true&langId=-1&beginIndex=0&sType=SimpleSearch&browseView=true&metaData=&manufacturer=&resultCatEntryType=&catalogId=10576&pageView=image&minPrice=&urlLangId=-1&categoryId=28164&storeId=10601#" class="compare compare-add">Compare</a>
				</div>
			
				<a href="http://shop.coles.com.au/online/national/coles-finest-rump-steak" class="product-url accessibility">More details for Coles Finest&nbsp;Angus Beef Rump Steak</a>
			
		</div>  
      

       	
		    <div role="presentation" aria-hidden="true" id="share" class="share" data-social="{productImgUrl:&#39;http://shop.coles.com.au:27900/wcsstore/Coles-CAS/images/1/1/7/1175826-th.jpg&#39;
	                                               ,productDisplayUrl:&#39;http://shop.coles.com.au/online/national/coles-finest-rump-steak&#39;
	                                               ,title:&#39;Coles Finest Angus Beef Rump Steak Indicated price based on approx. weight. Weight may vary between 450g and 550g.&#39;
	                                               ,description:&#39;Coles finest Angus Beef Rump Steak Sold Per Kg 9&amp;#039;x5&amp;#039;&#39;}">
		 	</div>
 		
	</div>
</div>


	</form>
</div>


<span class="available hidden"></span>


<div class="outer-prod prodtile" data-refresh="{
					catalogId: &quot;10576&quot;,
					doInventory: &quot;N&quot;,
					fulfillmentCenterId: &quot;11576&quot;,
					forStoreId: &quot;10401&quot;,
					
					productDisplayURL: &quot;http://shop.coles.com.au/online/national/coles-grill-beef-butterfly-with-pepper-chilli&quot;				
			}">
	<form id="catEntryForm_58307" name="catEntryForm_58307" action="http://shop.coles.com.au/online/AjaxOrderChangeServiceItemAdd">
		
<div class=" " data-catentry="catEntry_58307" data-refresh="{
				addCalculationUsage: &quot;-1&quot;,
				langId: &quot;-1&quot;,
				storeId: &quot;10601&quot;, 
				catEntryId: &quot;58307&quot;, 
				catEntryName: &quot;Beef Butterfly with Pepper &amp; Chilli&quot;, 
				productView: &quot;list&quot;,
				productId: &quot;58307&quot;,
				itemId: &quot;120696&quot;,
				hideMultibuy: &quot;false&quot;,
                ticketType: &quot;&quot;,
                partNumber: &quot;7923457&quot;,
                offerCode: &quot;20150128&quot;
		}">
   	<div class="wrapper clearfix">   	
		

<h4 class="accessibility" id="heading_58307" tabindex="-1">
		Coles Grill&nbsp;Beef Butterfly with Pepper &amp; Chilli&nbsp;
		approx. 1.2kg&nbsp;
		 
</h4> 

<div class="offer-icon"></div>
<a role="presentation" aria-hidden="true" class="product-url" href="http://shop.coles.com.au/online/national/coles-grill-beef-butterfly-with-pepper-chilli">
	    <img role="presentation" aria-hidden="true" class="photo" src="./beef_files/spacer.gif" onerror="this.src=&#39;/wcsstore/ColesStorefrontAssetStore/dist/e0a775baf05f/images/spacer.gif&#39;" alt="Beef Butterfly with Pepper &amp; Chilli" width="110" height="110">
	</a>

<div class="detail">	
    <span role="presentation" aria-hidden="true" class="brand">Coles Grill</span>
    <span class="item" role="presentation" aria-hidden="true">
        <a role="presentation" aria-hidden="true" class="product-url" href="http://shop.coles.com.au/online/national/coles-grill-beef-butterfly-with-pepper-chilli">
        	Beef Butterfly with Pepper &amp; Chilli&nbsp;
        	approx. 1.2kg
        </a>
    </span>
	<span class="size">
		Indicated price based on approx. weight. Weight may vary between 1kg and 1.4kg.	
 	</span>
</div>


	<div class="purchasing">	    
	    <div class="saving">
	    	
	    </div>
	   	
	    		<div class="price"><span class="accessibility">Purchase price </span><small>$</small>21.60</div>
	    	
	    <div class="unit-price"><span class="accessibility">Unit price </span>$18.00 per 1Kg</div>
	    <div class="special-offer">	    	
	    	
	    </div> 
	    <div class="availability">Temporarily unavailable</div>
	    <div class="purchase">
		
			<input type="number" title="Add Quantity for Coles Grill Beef Butterfly with Pepper &amp; Chilli approx. 1.2kg" name="quantity" id="catEntry_58307_qty" value="1" maxlength="2" size="2" class="v-mandatory v-numeric v-minval-1">
	        <button role="button" type="submit" title="Add to trolley Coles Grill Beef Butterfly with Pepper &amp; Chilli approx. 1.2kg" class="btn-red action-addToTrolley"><span role="presentation" aria-hidden="true">Add to trolley</span></button>
		
		</div>
	</div>
	<div class="lists">
		
	</div>


	    <div class="actions">
	        			
			   <div class="MUItemForTrolleyDiv MUItemForTrolley_120696" data-catentry="120696">
		         <div class="MUul_120696"><div class="MUli_120696 hidden" aria-hidden="true"><span class="inTrolley"><span class="MUSpan_120696">0</span> in trolley</span></div></div>
		       </div>
		        <p class="clear"></p>
			 
			<div class="member-usuals-remove">
				<a href="http://shop.coles.com.au/online/SearchDisplay?searchTermScope=&multiSearch=&searchType=2&maxPrice=&showResultsPage=true&langId=-1&beginIndex=0&sType=SimpleSearch&browseView=true&metaData=&manufacturer=&resultCatEntryType=&catalogId=10576&pageView=image&minPrice=&urlLangId=-1&categoryId=28164&storeId=10601#" class="action-removeFromUsuals usuals-remove">Remove from list <span class="accessibility">Coles Grill Beef Butterfly with Pepper &amp; Chilli approx. 1.2kg</span></a>			
			</div>
			
				<div class="list">
					<a href="http://shop.coles.com.au/online/SearchDisplay?searchTermScope=&multiSearch=&searchType=2&maxPrice=&showResultsPage=true&langId=-1&beginIndex=0&sType=SimpleSearch&browseView=true&metaData=&manufacturer=&resultCatEntryType=&catalogId=10576&pageView=image&minPrice=&urlLangId=-1&categoryId=28164&storeId=10601#" class="action-addToList action-list-add">Add to list <span class="accessibility">Coles Grill Beef Butterfly with Pepper &amp; Chilli approx. 1.2kg</span></a> 
				</div>
				<div class="member-list-add">
					<a href="http://shop.coles.com.au/online/SearchDisplay?searchTermScope=&multiSearch=&searchType=2&maxPrice=&showResultsPage=true&langId=-1&beginIndex=0&sType=SimpleSearch&browseView=true&metaData=&manufacturer=&resultCatEntryType=&catalogId=10576&pageView=image&minPrice=&urlLangId=-1&categoryId=28164&storeId=10601#" class="action-addToList action-list-add">Add to another list <span class="accessibility">Coles Grill Beef Butterfly with Pepper &amp; Chilli approx. 1.2kg</span></a>
				</div>
			
			<div class="member-list-remove">
				 <a href="http://shop.coles.com.au/online/SearchDisplay?searchTermScope=&multiSearch=&searchType=2&maxPrice=&showResultsPage=true&langId=-1&beginIndex=0&sType=SimpleSearch&browseView=true&metaData=&manufacturer=&resultCatEntryType=&catalogId=10576&pageView=image&minPrice=&urlLangId=-1&categoryId=28164&storeId=10601#" class="action-removeFromList">Remove from list <span class="accessibility">Coles Grill Beef Butterfly with Pepper &amp; Chilli approx. 1.2kg</span></a> 
			</div>
			
				<div class="compareProd" role="presentation" aria-hidden="true">
					<a href="http://shop.coles.com.au/online/SearchDisplay?searchTermScope=&multiSearch=&searchType=2&maxPrice=&showResultsPage=true&langId=-1&beginIndex=0&sType=SimpleSearch&browseView=true&metaData=&manufacturer=&resultCatEntryType=&catalogId=10576&pageView=image&minPrice=&urlLangId=-1&categoryId=28164&storeId=10601#" class="compare compare-add">Compare</a>
				</div>
			
				<a href="http://shop.coles.com.au/online/national/coles-grill-beef-butterfly-with-pepper-chilli" class="product-url accessibility">More details for Coles Grill&nbsp;Beef Butterfly with Pepper &amp; Chilli</a>
			
		</div>  
      

       	
		    <div role="presentation" aria-hidden="true" id="share" class="share" data-social="{productImgUrl:&#39;http://shop.coles.com.au:27900/wcsstore/Coles-CAS/images/7/9/2/7923457-th.jpg&#39;
	                                               ,productDisplayUrl:&#39;http://shop.coles.com.au/online/national/coles-grill-beef-butterfly-with-pepper-chilli&#39;
	                                               ,title:&#39;Coles Grill Beef Butterfly with Pepper &amp; Chilli Indicated price based on approx. weight. Weight may vary between 1kg and 1.4kg.&#39;
	                                               ,description:&#39;Butterflied Beef Oyster Blade encrusted with pepper, chilli, parsley and fennel seeds. Product is packed in clear thermoform film approx. 260mm x 190mm, and variable in weight and size. It is &amp;#039;Sold Per Kg&amp;#039;, with the average weight of 1.1kg&#39;}">
		 	</div>
 		
	</div>
</div>


	</form>
</div>


<span class="available hidden"></span>


<div class="outer-prod prodtile" data-refresh="{
					catalogId: &quot;10576&quot;,
					doInventory: &quot;N&quot;,
					fulfillmentCenterId: &quot;11576&quot;,
					forStoreId: &quot;10401&quot;,
					
					productDisplayURL: &quot;http://shop.coles.com.au/online/national/coles-smart-buy-beef-soup-bones&quot;				
			}">
	<form id="catEntryForm_48290" name="catEntryForm_48290" action="http://shop.coles.com.au/online/AjaxOrderChangeServiceItemAdd">
		
<div class=" " data-catentry="catEntry_48290" data-refresh="{
				addCalculationUsage: &quot;-1&quot;,
				langId: &quot;-1&quot;,
				storeId: &quot;10601&quot;, 
				catEntryId: &quot;48290&quot;, 
				catEntryName: &quot;Beef Soup Bones&quot;, 
				productView: &quot;list&quot;,
				productId: &quot;48290&quot;,
				itemId: &quot;109888&quot;,
				hideMultibuy: &quot;false&quot;,
                ticketType: &quot;&quot;,
                partNumber: &quot;8599172&quot;,
                offerCode: &quot;20130509&quot;
		}">
   	<div class="wrapper clearfix">   	
		

<h4 class="accessibility" id="heading_48290" tabindex="-1">
		Coles Smart Buy&nbsp;Beef Soup Bones&nbsp;
		approx. 1.1kg&nbsp;
		 
</h4> 

<div class="offer-icon"></div>
<a role="presentation" aria-hidden="true" class="product-url" href="http://shop.coles.com.au/online/national/coles-smart-buy-beef-soup-bones">
	    <img role="presentation" aria-hidden="true" class="photo" src="./beef_files/spacer.gif" onerror="this.src=&#39;/wcsstore/ColesStorefrontAssetStore/dist/e0a775baf05f/images/spacer.gif&#39;" alt="Beef Soup Bones" width="110" height="110">
	</a>

<div class="detail">	
    <span role="presentation" aria-hidden="true" class="brand">Coles Smart Buy</span>
    <span class="item" role="presentation" aria-hidden="true">
        <a role="presentation" aria-hidden="true" class="product-url" href="http://shop.coles.com.au/online/national/coles-smart-buy-beef-soup-bones">
        	Beef Soup Bones&nbsp;
        	approx. 1.1kg
        </a>
    </span>
	<span class="size">
		Indicated price based on approx. weight. Weight may vary between 900g and 1.3kg.	
 	</span>
</div>


	<div class="purchasing">	    
	    <div class="saving">
	    	
	    </div>
	   	
	    		<div class="price"><span class="accessibility">Purchase price </span><small>$</small>6.55</div>
	    	
	    <div class="unit-price"><span class="accessibility">Unit price </span>$5.95 per 1Kg</div>
	    <div class="special-offer">	    	
	    	
	    </div> 
	    <div class="availability">Temporarily unavailable</div>
	    <div class="purchase">
		
			<input type="number" title="Add Quantity for Coles Smart Buy Beef Soup Bones approx. 1.1kg" name="quantity" id="catEntry_48290_qty" value="1" maxlength="2" size="2" class="v-mandatory v-numeric v-minval-1">
	        <button role="button" type="submit" title="Add to trolley Coles Smart Buy Beef Soup Bones approx. 1.1kg" class="btn-red action-addToTrolley"><span role="presentation" aria-hidden="true">Add to trolley</span></button>
		
		</div>
	</div>
	<div class="lists">
		
	</div>


	    <div class="actions">
	        			
			   <div class="MUItemForTrolleyDiv MUItemForTrolley_109888" data-catentry="109888">
		         <div class="MUul_109888"><div class="MUli_109888 hidden" aria-hidden="true"><span class="inTrolley"><span class="MUSpan_109888">0</span> in trolley</span></div></div>
		       </div>
		        <p class="clear"></p>
			 
			<div class="member-usuals-remove">
				<a href="http://shop.coles.com.au/online/SearchDisplay?searchTermScope=&multiSearch=&searchType=2&maxPrice=&showResultsPage=true&langId=-1&beginIndex=0&sType=SimpleSearch&browseView=true&metaData=&manufacturer=&resultCatEntryType=&catalogId=10576&pageView=image&minPrice=&urlLangId=-1&categoryId=28164&storeId=10601#" class="action-removeFromUsuals usuals-remove">Remove from list <span class="accessibility">Coles Smart Buy Beef Soup Bones approx. 1.1kg</span></a>			
			</div>
			
				<div class="list">
					<a href="http://shop.coles.com.au/online/SearchDisplay?searchTermScope=&multiSearch=&searchType=2&maxPrice=&showResultsPage=true&langId=-1&beginIndex=0&sType=SimpleSearch&browseView=true&metaData=&manufacturer=&resultCatEntryType=&catalogId=10576&pageView=image&minPrice=&urlLangId=-1&categoryId=28164&storeId=10601#" class="action-addToList action-list-add">Add to list <span class="accessibility">Coles Smart Buy Beef Soup Bones approx. 1.1kg</span></a> 
				</div>
				<div class="member-list-add">
					<a href="http://shop.coles.com.au/online/SearchDisplay?searchTermScope=&multiSearch=&searchType=2&maxPrice=&showResultsPage=true&langId=-1&beginIndex=0&sType=SimpleSearch&browseView=true&metaData=&manufacturer=&resultCatEntryType=&catalogId=10576&pageView=image&minPrice=&urlLangId=-1&categoryId=28164&storeId=10601#" class="action-addToList action-list-add">Add to another list <span class="accessibility">Coles Smart Buy Beef Soup Bones approx. 1.1kg</span></a>
				</div>
			
			<div class="member-list-remove">
				 <a href="http://shop.coles.com.au/online/SearchDisplay?searchTermScope=&multiSearch=&searchType=2&maxPrice=&showResultsPage=true&langId=-1&beginIndex=0&sType=SimpleSearch&browseView=true&metaData=&manufacturer=&resultCatEntryType=&catalogId=10576&pageView=image&minPrice=&urlLangId=-1&categoryId=28164&storeId=10601#" class="action-removeFromList">Remove from list <span class="accessibility">Coles Smart Buy Beef Soup Bones approx. 1.1kg</span></a> 
			</div>
			
				<div class="compareProd" role="presentation" aria-hidden="true">
					<a href="http://shop.coles.com.au/online/SearchDisplay?searchTermScope=&multiSearch=&searchType=2&maxPrice=&showResultsPage=true&langId=-1&beginIndex=0&sType=SimpleSearch&browseView=true&metaData=&manufacturer=&resultCatEntryType=&catalogId=10576&pageView=image&minPrice=&urlLangId=-1&categoryId=28164&storeId=10601#" class="compare compare-add">Compare</a>
				</div>
			
				<a href="http://shop.coles.com.au/online/national/coles-smart-buy-beef-soup-bones" class="product-url accessibility">More details for Coles Smart Buy&nbsp;Beef Soup Bones</a>
			
		</div>  
      

       	
		    <div role="presentation" aria-hidden="true" id="share" class="share" data-social="{productImgUrl:&#39;http://shop.coles.com.au:27900/wcsstore/Coles-CAS/images/8/5/9/8599172-th.jpg&#39;
	                                               ,productDisplayUrl:&#39;http://shop.coles.com.au/online/national/coles-smart-buy-beef-soup-bones&#39;
	                                               ,title:&#39;Coles Smart Buy Beef Soup Bones Indicated price based on approx. weight. Weight may vary between 900g and 1.3kg.&#39;
	                                               ,description:&#39;&#39;}">
		 	</div>
 		
	</div>
</div>


	</form>
</div>


<span class="available hidden"></span>


<div class="outer-prod prodtile" data-refresh="{
					catalogId: &quot;10576&quot;,
					doInventory: &quot;N&quot;,
					fulfillmentCenterId: &quot;11576&quot;,
					forStoreId: &quot;10401&quot;,
					
					productDisplayURL: &quot;http://shop.coles.com.au/online/national/norfolk-foods-beef-roast-mini-flavoured&quot;				
			}">
	<form id="catEntryForm_262016" name="catEntryForm_262016" action="http://shop.coles.com.au/online/AjaxOrderChangeServiceItemAdd">
		
<div class=" " data-catentry="catEntry_262016" data-refresh="{
				addCalculationUsage: &quot;-1&quot;,
				langId: &quot;-1&quot;,
				storeId: &quot;10601&quot;, 
				catEntryId: &quot;262016&quot;, 
				catEntryName: &quot;Flavoured Beef Mini Roast&quot;, 
				productView: &quot;list&quot;,
				productId: &quot;262016&quot;,
				itemId: &quot;262073&quot;,
				hideMultibuy: &quot;false&quot;,
                ticketType: &quot;&quot;,
                partNumber: &quot;1176669&quot;,
                offerCode: &quot;20130828&quot;
		}">
   	<div class="wrapper clearfix">   	
		

<h4 class="accessibility" id="heading_262016" tabindex="-1">
		Norfolk Foods&nbsp;Flavoured Beef Mini Roast&nbsp;
		approx. 500g&nbsp;
		 
</h4> 

<div class="offer-icon"></div>
<a role="presentation" aria-hidden="true" class="product-url" href="http://shop.coles.com.au/online/national/norfolk-foods-beef-roast-mini-flavoured">
	    <img role="presentation" aria-hidden="true" class="photo" src="./beef_files/spacer.gif" onerror="this.src=&#39;/wcsstore/ColesStorefrontAssetStore/dist/e0a775baf05f/images/spacer.gif&#39;" alt="Flavoured Beef Mini Roast" width="110" height="110">
	</a>

<div class="detail">	
    <span role="presentation" aria-hidden="true" class="brand">Norfolk Foods</span>
    <span class="item" role="presentation" aria-hidden="true">
        <a role="presentation" aria-hidden="true" class="product-url" href="http://shop.coles.com.au/online/national/norfolk-foods-beef-roast-mini-flavoured">
        	Flavoured Beef Mini Roast&nbsp;
        	approx. 500g
        </a>
    </span>
	<span class="size">
		Indicated price based on approx. weight. Weight may vary between 450g and 550g.	
 	</span>
</div>


	<div class="purchasing">	    
	    <div class="saving">
	    	
	    </div>
	   	
	    		<div class="price"><span class="accessibility">Purchase price </span><small>$</small>7.50</div>
	    	
	    <div class="unit-price"><span class="accessibility">Unit price </span>$15.00 per 1Kg</div>
	    <div class="special-offer">	    	
	    	
	    </div> 
	    <div class="availability">Temporarily unavailable</div>
	    <div class="purchase">
		
			<input type="number" title="Add Quantity for Norfolk Foods Flavoured Beef Mini Roast approx. 500g" name="quantity" id="catEntry_262016_qty" value="1" maxlength="2" size="2" class="v-mandatory v-numeric v-minval-1">
	        <button role="button" type="submit" title="Add to trolley Norfolk Foods Flavoured Beef Mini Roast approx. 500g" class="btn-red action-addToTrolley"><span role="presentation" aria-hidden="true">Add to trolley</span></button>
		
		</div>
	</div>
	<div class="lists">
		
	</div>


	    <div class="actions">
	        			
			   <div class="MUItemForTrolleyDiv MUItemForTrolley_262073" data-catentry="262073">
		         <div class="MUul_262073"><div class="MUli_262073 hidden" aria-hidden="true"><span class="inTrolley"><span class="MUSpan_262073">0</span> in trolley</span></div></div>
		       </div>
		        <p class="clear"></p>
			 
			<div class="member-usuals-remove">
				<a href="http://shop.coles.com.au/online/SearchDisplay?searchTermScope=&multiSearch=&searchType=2&maxPrice=&showResultsPage=true&langId=-1&beginIndex=0&sType=SimpleSearch&browseView=true&metaData=&manufacturer=&resultCatEntryType=&catalogId=10576&pageView=image&minPrice=&urlLangId=-1&categoryId=28164&storeId=10601#" class="action-removeFromUsuals usuals-remove">Remove from list <span class="accessibility">Norfolk Foods Flavoured Beef Mini Roast approx. 500g</span></a>			
			</div>
			
				<div class="list">
					<a href="http://shop.coles.com.au/online/SearchDisplay?searchTermScope=&multiSearch=&searchType=2&maxPrice=&showResultsPage=true&langId=-1&beginIndex=0&sType=SimpleSearch&browseView=true&metaData=&manufacturer=&resultCatEntryType=&catalogId=10576&pageView=image&minPrice=&urlLangId=-1&categoryId=28164&storeId=10601#" class="action-addToList action-list-add">Add to list <span class="accessibility">Norfolk Foods Flavoured Beef Mini Roast approx. 500g</span></a> 
				</div>
				<div class="member-list-add">
					<a href="http://shop.coles.com.au/online/SearchDisplay?searchTermScope=&multiSearch=&searchType=2&maxPrice=&showResultsPage=true&langId=-1&beginIndex=0&sType=SimpleSearch&browseView=true&metaData=&manufacturer=&resultCatEntryType=&catalogId=10576&pageView=image&minPrice=&urlLangId=-1&categoryId=28164&storeId=10601#" class="action-addToList action-list-add">Add to another list <span class="accessibility">Norfolk Foods Flavoured Beef Mini Roast approx. 500g</span></a>
				</div>
			
			<div class="member-list-remove">
				 <a href="http://shop.coles.com.au/online/SearchDisplay?searchTermScope=&multiSearch=&searchType=2&maxPrice=&showResultsPage=true&langId=-1&beginIndex=0&sType=SimpleSearch&browseView=true&metaData=&manufacturer=&resultCatEntryType=&catalogId=10576&pageView=image&minPrice=&urlLangId=-1&categoryId=28164&storeId=10601#" class="action-removeFromList">Remove from list <span class="accessibility">Norfolk Foods Flavoured Beef Mini Roast approx. 500g</span></a> 
			</div>
			
				<div class="compareProd" role="presentation" aria-hidden="true">
					<a href="http://shop.coles.com.au/online/SearchDisplay?searchTermScope=&multiSearch=&searchType=2&maxPrice=&showResultsPage=true&langId=-1&beginIndex=0&sType=SimpleSearch&browseView=true&metaData=&manufacturer=&resultCatEntryType=&catalogId=10576&pageView=image&minPrice=&urlLangId=-1&categoryId=28164&storeId=10601#" class="compare compare-add">Compare</a>
				</div>
			
				<a href="http://shop.coles.com.au/online/national/norfolk-foods-beef-roast-mini-flavoured" class="product-url accessibility">More details for Norfolk Foods&nbsp;Flavoured Beef Mini Roast</a>
			
		</div>  
      

       	
		    <div role="presentation" aria-hidden="true" id="share" class="share" data-social="{productImgUrl:&#39;http://shop.coles.com.au:27900/wcsstore/Coles-CAS/images/1/1/7/1176669-th.jpg&#39;
	                                               ,productDisplayUrl:&#39;http://shop.coles.com.au/online/national/norfolk-foods-beef-roast-mini-flavoured&#39;
	                                               ,title:&#39;Norfolk Foods Flavoured Beef Mini Roast Indicated price based on approx. weight. Weight may vary between 450g and 550g.&#39;
	                                               ,description:&#39;&#39;}">
		 	</div>
 		
	</div>
</div>


	</form>
</div>


<span class="available hidden"></span>


<div class="outer-prod prodtile" data-refresh="{
					catalogId: &quot;10576&quot;,
					doInventory: &quot;N&quot;,
					fulfillmentCenterId: &quot;11576&quot;,
					forStoreId: &quot;10401&quot;,
					
					productDisplayURL: &quot;http://shop.coles.com.au/online/national/coles-beef-ox-tail&quot;				
			}">
	<form id="catEntryForm_15955" name="catEntryForm_15955" action="http://shop.coles.com.au/online/AjaxOrderChangeServiceItemAdd">
		
<div class=" " data-catentry="catEntry_15955" data-refresh="{
				addCalculationUsage: &quot;-1&quot;,
				langId: &quot;-1&quot;,
				storeId: &quot;10601&quot;, 
				catEntryId: &quot;15955&quot;, 
				catEntryName: &quot;Ox Tail&quot;, 
				productView: &quot;list&quot;,
				productId: &quot;15955&quot;,
				itemId: &quot;34134&quot;,
				hideMultibuy: &quot;false&quot;,
                ticketType: &quot;&quot;,
                partNumber: &quot;9672960&quot;,
                offerCode: &quot;20120321&quot;
		}">
   	<div class="wrapper clearfix">   	
		

<h4 class="accessibility" id="heading_15955" tabindex="-1">
		Coles&nbsp;Ox Tail&nbsp;
		approx. 1kg&nbsp;
		 
</h4> 

<div class="offer-icon"></div>
<a role="presentation" aria-hidden="true" class="product-url" href="http://shop.coles.com.au/online/national/coles-beef-ox-tail">
	    <img role="presentation" aria-hidden="true" class="photo" src="./beef_files/spacer.gif" onerror="this.src=&#39;/wcsstore/ColesStorefrontAssetStore/dist/e0a775baf05f/images/spacer.gif&#39;" alt="Ox Tail" width="110" height="110">
	</a>

<div class="detail">	
    <span role="presentation" aria-hidden="true" class="brand">Coles</span>
    <span class="item" role="presentation" aria-hidden="true">
        <a role="presentation" aria-hidden="true" class="product-url" href="http://shop.coles.com.au/online/national/coles-beef-ox-tail">
        	Ox Tail&nbsp;
        	approx. 1kg
        </a>
    </span>
	<span class="size">
		Indicated price based on approx. weight. Weight may vary between 900g and 1.1kg.	
 	</span>
</div>


	<div class="purchasing">	    
	    <div class="saving">
	    	
	    </div>
	   	
	    		<div class="price"><span class="accessibility">Purchase price </span><small>$</small>8.99</div>
	    	
	    <div class="unit-price"><span class="accessibility">Unit price </span>$8.99 per 1Kg</div>
	    <div class="special-offer">	    	
	    	
	    </div> 
	    <div class="availability">Temporarily unavailable</div>
	    <div class="purchase">
		
			<input type="number" title="Add Quantity for Coles Ox Tail approx. 1kg" name="quantity" id="catEntry_15955_qty" value="1" maxlength="2" size="2" class="v-mandatory v-numeric v-minval-1">
	        <button role="button" type="submit" title="Add to trolley Coles Ox Tail approx. 1kg" class="btn-red action-addToTrolley"><span role="presentation" aria-hidden="true">Add to trolley</span></button>
		
		</div>
	</div>
	<div class="lists">
		
	</div>


	    <div class="actions">
	        			
			   <div class="MUItemForTrolleyDiv MUItemForTrolley_34134" data-catentry="34134">
		         <div class="MUul_34134"><div class="MUli_34134 hidden" aria-hidden="true"><span class="inTrolley"><span class="MUSpan_34134">0</span> in trolley</span></div></div>
		       </div>
		        <p class="clear"></p>
			 
			<div class="member-usuals-remove">
				<a href="http://shop.coles.com.au/online/SearchDisplay?searchTermScope=&multiSearch=&searchType=2&maxPrice=&showResultsPage=true&langId=-1&beginIndex=0&sType=SimpleSearch&browseView=true&metaData=&manufacturer=&resultCatEntryType=&catalogId=10576&pageView=image&minPrice=&urlLangId=-1&categoryId=28164&storeId=10601#" class="action-removeFromUsuals usuals-remove">Remove from list <span class="accessibility">Coles Ox Tail approx. 1kg</span></a>			
			</div>
			
				<div class="list">
					<a href="http://shop.coles.com.au/online/SearchDisplay?searchTermScope=&multiSearch=&searchType=2&maxPrice=&showResultsPage=true&langId=-1&beginIndex=0&sType=SimpleSearch&browseView=true&metaData=&manufacturer=&resultCatEntryType=&catalogId=10576&pageView=image&minPrice=&urlLangId=-1&categoryId=28164&storeId=10601#" class="action-addToList action-list-add">Add to list <span class="accessibility">Coles Ox Tail approx. 1kg</span></a> 
				</div>
				<div class="member-list-add">
					<a href="http://shop.coles.com.au/online/SearchDisplay?searchTermScope=&multiSearch=&searchType=2&maxPrice=&showResultsPage=true&langId=-1&beginIndex=0&sType=SimpleSearch&browseView=true&metaData=&manufacturer=&resultCatEntryType=&catalogId=10576&pageView=image&minPrice=&urlLangId=-1&categoryId=28164&storeId=10601#" class="action-addToList action-list-add">Add to another list <span class="accessibility">Coles Ox Tail approx. 1kg</span></a>
				</div>
			
			<div class="member-list-remove">
				 <a href="http://shop.coles.com.au/online/SearchDisplay?searchTermScope=&multiSearch=&searchType=2&maxPrice=&showResultsPage=true&langId=-1&beginIndex=0&sType=SimpleSearch&browseView=true&metaData=&manufacturer=&resultCatEntryType=&catalogId=10576&pageView=image&minPrice=&urlLangId=-1&categoryId=28164&storeId=10601#" class="action-removeFromList">Remove from list <span class="accessibility">Coles Ox Tail approx. 1kg</span></a> 
			</div>
			
				<div class="compareProd" role="presentation" aria-hidden="true">
					<a href="http://shop.coles.com.au/online/SearchDisplay?searchTermScope=&multiSearch=&searchType=2&maxPrice=&showResultsPage=true&langId=-1&beginIndex=0&sType=SimpleSearch&browseView=true&metaData=&manufacturer=&resultCatEntryType=&catalogId=10576&pageView=image&minPrice=&urlLangId=-1&categoryId=28164&storeId=10601#" class="compare compare-add">Compare</a>
				</div>
			
				<a href="http://shop.coles.com.au/online/national/coles-beef-ox-tail" class="product-url accessibility">More details for Coles&nbsp;Ox Tail</a>
			
		</div>  
      

       	
		    <div role="presentation" aria-hidden="true" id="share" class="share" data-social="{productImgUrl:&#39;http://shop.coles.com.au:27900/wcsstore/Coles-CAS/images/9/6/7/9672960-th.jpg&#39;
	                                               ,productDisplayUrl:&#39;http://shop.coles.com.au/online/national/coles-beef-ox-tail&#39;
	                                               ,title:&#39;Coles Ox Tail Indicated price based on approx. weight. Weight may vary between 900g and 1.1kg.&#39;
	                                               ,description:&#39;&#39;}">
		 	</div>
 		
	</div>
</div>


	</form>
</div>


<span class="available hidden"></span>


<div class="outer-prod prodtile" data-refresh="{
					catalogId: &quot;10576&quot;,
					doInventory: &quot;N&quot;,
					fulfillmentCenterId: &quot;11576&quot;,
					forStoreId: &quot;10401&quot;,
					
					productDisplayURL: &quot;http://shop.coles.com.au/online/national/coles-beef-brisket-bones-9947423p&quot;				
			}">
	<form id="catEntryForm_97054" name="catEntryForm_97054" action="http://shop.coles.com.au/online/AjaxOrderChangeServiceItemAdd">
		
<div class=" " data-catentry="catEntry_97054" data-refresh="{
				addCalculationUsage: &quot;-1&quot;,
				langId: &quot;-1&quot;,
				storeId: &quot;10601&quot;, 
				catEntryId: &quot;97054&quot;, 
				catEntryName: &quot;Beef Brisket Bones&quot;, 
				productView: &quot;list&quot;,
				productId: &quot;97054&quot;,
				itemId: &quot;156654&quot;,
				hideMultibuy: &quot;false&quot;,
                ticketType: &quot;&quot;,
                partNumber: &quot;9947423&quot;,
                offerCode: &quot;20120321&quot;
		}">
   	<div class="wrapper clearfix">   	
		

<h4 class="accessibility" id="heading_97054" tabindex="-1">
		Coles&nbsp;Beef Brisket Bones&nbsp;
		approx. 1kg&nbsp;
		 
</h4> 

<div class="offer-icon"></div>
<a role="presentation" aria-hidden="true" class="product-url" href="http://shop.coles.com.au/online/national/coles-beef-brisket-bones-9947423p">
	    <img role="presentation" aria-hidden="true" class="photo" src="./beef_files/spacer.gif" onerror="this.src=&#39;/wcsstore/ColesStorefrontAssetStore/dist/e0a775baf05f/images/spacer.gif&#39;" alt="Beef Brisket Bones" width="110" height="110">
	</a>

<div class="detail">	
    <span role="presentation" aria-hidden="true" class="brand">Coles</span>
    <span class="item" role="presentation" aria-hidden="true">
        <a role="presentation" aria-hidden="true" class="product-url" href="http://shop.coles.com.au/online/national/coles-beef-brisket-bones-9947423p">
        	Beef Brisket Bones&nbsp;
        	approx. 1kg
        </a>
    </span>
	<span class="size">
		Indicated price based on approx. weight. Weight may vary between 900g and 1.1kg.	
 	</span>
</div>


	<div class="purchasing">	    
	    <div class="saving">
	    	
	    </div>
	   	
	    		<div class="price"><span class="accessibility">Purchase price </span><small>$</small>4.50</div>
	    	
	    <div class="unit-price"><span class="accessibility">Unit price </span>$4.50 per 1Kg</div>
	    <div class="special-offer">	    	
	    	
	    </div> 
	    <div class="availability">Temporarily unavailable</div>
	    <div class="purchase">
		
			<input type="number" title="Add Quantity for Coles Beef Brisket Bones approx. 1kg" name="quantity" id="catEntry_97054_qty" value="1" maxlength="2" size="2" class="v-mandatory v-numeric v-minval-1">
	        <button role="button" type="submit" title="Add to trolley Coles Beef Brisket Bones approx. 1kg" class="btn-red action-addToTrolley"><span role="presentation" aria-hidden="true">Add to trolley</span></button>
		
		</div>
	</div>
	<div class="lists">
		
	</div>


	    <div class="actions">
	        			
			   <div class="MUItemForTrolleyDiv MUItemForTrolley_156654" data-catentry="156654">
		         <div class="MUul_156654"><div class="MUli_156654 hidden" aria-hidden="true"><span class="inTrolley"><span class="MUSpan_156654">0</span> in trolley</span></div></div>
		       </div>
		        <p class="clear"></p>
			 
			<div class="member-usuals-remove">
				<a href="http://shop.coles.com.au/online/SearchDisplay?searchTermScope=&multiSearch=&searchType=2&maxPrice=&showResultsPage=true&langId=-1&beginIndex=0&sType=SimpleSearch&browseView=true&metaData=&manufacturer=&resultCatEntryType=&catalogId=10576&pageView=image&minPrice=&urlLangId=-1&categoryId=28164&storeId=10601#" class="action-removeFromUsuals usuals-remove">Remove from list <span class="accessibility">Coles Beef Brisket Bones approx. 1kg</span></a>			
			</div>
			
				<div class="list">
					<a href="http://shop.coles.com.au/online/SearchDisplay?searchTermScope=&multiSearch=&searchType=2&maxPrice=&showResultsPage=true&langId=-1&beginIndex=0&sType=SimpleSearch&browseView=true&metaData=&manufacturer=&resultCatEntryType=&catalogId=10576&pageView=image&minPrice=&urlLangId=-1&categoryId=28164&storeId=10601#" class="action-addToList action-list-add">Add to list <span class="accessibility">Coles Beef Brisket Bones approx. 1kg</span></a> 
				</div>
				<div class="member-list-add">
					<a href="http://shop.coles.com.au/online/SearchDisplay?searchTermScope=&multiSearch=&searchType=2&maxPrice=&showResultsPage=true&langId=-1&beginIndex=0&sType=SimpleSearch&browseView=true&metaData=&manufacturer=&resultCatEntryType=&catalogId=10576&pageView=image&minPrice=&urlLangId=-1&categoryId=28164&storeId=10601#" class="action-addToList action-list-add">Add to another list <span class="accessibility">Coles Beef Brisket Bones approx. 1kg</span></a>
				</div>
			
			<div class="member-list-remove">
				 <a href="http://shop.coles.com.au/online/SearchDisplay?searchTermScope=&multiSearch=&searchType=2&maxPrice=&showResultsPage=true&langId=-1&beginIndex=0&sType=SimpleSearch&browseView=true&metaData=&manufacturer=&resultCatEntryType=&catalogId=10576&pageView=image&minPrice=&urlLangId=-1&categoryId=28164&storeId=10601#" class="action-removeFromList">Remove from list <span class="accessibility">Coles Beef Brisket Bones approx. 1kg</span></a> 
			</div>
			
				<div class="compareProd" role="presentation" aria-hidden="true">
					<a href="http://shop.coles.com.au/online/SearchDisplay?searchTermScope=&multiSearch=&searchType=2&maxPrice=&showResultsPage=true&langId=-1&beginIndex=0&sType=SimpleSearch&browseView=true&metaData=&manufacturer=&resultCatEntryType=&catalogId=10576&pageView=image&minPrice=&urlLangId=-1&categoryId=28164&storeId=10601#" class="compare compare-add">Compare</a>
				</div>
			
				<a href="http://shop.coles.com.au/online/national/coles-beef-brisket-bones-9947423p" class="product-url accessibility">More details for Coles&nbsp;Beef Brisket Bones</a>
			
		</div>  
      

       	
		    <div role="presentation" aria-hidden="true" id="share" class="share" data-social="{productImgUrl:&#39;http://shop.coles.com.au:27900/wcsstore/Coles-CAS/images/9/9/4/9947423-th.jpg&#39;
	                                               ,productDisplayUrl:&#39;http://shop.coles.com.au/online/national/coles-beef-brisket-bones-9947423p&#39;
	                                               ,title:&#39;Coles Beef Brisket Bones Indicated price based on approx. weight. Weight may vary between 900g and 1.1kg.&#39;
	                                               ,description:&#39;&#39;}">
		 	</div>
 		
	</div>
</div>


	</form>
</div>


<span class="available hidden"></span>


<div class="outer-prod prodtile" data-refresh="{
					catalogId: &quot;10576&quot;,
					doInventory: &quot;N&quot;,
					fulfillmentCenterId: &quot;11576&quot;,
					forStoreId: &quot;10401&quot;,
					
					productDisplayURL: &quot;http://shop.coles.com.au/online/national/coles-finest-angus-beef-eye-fillet-steak&quot;				
			}">
	<form id="catEntryForm_52071" name="catEntryForm_52071" action="http://shop.coles.com.au/online/AjaxOrderChangeServiceItemAdd">
		
<div class=" " data-catentry="catEntry_52071" data-refresh="{
				addCalculationUsage: &quot;-1&quot;,
				langId: &quot;-1&quot;,
				storeId: &quot;10601&quot;, 
				catEntryId: &quot;52071&quot;, 
				catEntryName: &quot;Angus Beef Eye Fillet Steak 1 Piece&quot;, 
				productView: &quot;list&quot;,
				productId: &quot;52071&quot;,
				itemId: &quot;109616&quot;,
				hideMultibuy: &quot;false&quot;,
                ticketType: &quot;&quot;,
                partNumber: &quot;8772302&quot;,
                offerCode: &quot;20140326&quot;
		}">
   	<div class="wrapper clearfix">   	
		

<h4 class="accessibility" id="heading_52071" tabindex="-1">
		Coles Finest&nbsp;Angus Beef Eye Fillet Steak 1 Piece&nbsp;
		approx. 250g&nbsp;
		 
</h4> 

<div class="offer-icon"></div>
<a role="presentation" aria-hidden="true" class="product-url" href="http://shop.coles.com.au/online/national/coles-finest-angus-beef-eye-fillet-steak">
	    <img role="presentation" aria-hidden="true" class="photo" src="./beef_files/spacer.gif" onerror="this.src=&#39;/wcsstore/ColesStorefrontAssetStore/dist/e0a775baf05f/images/spacer.gif&#39;" alt="Angus Beef Eye Fillet Steak 1 Piece" width="110" height="110">
	</a>

<div class="detail">	
    <span role="presentation" aria-hidden="true" class="brand">Coles Finest</span>
    <span class="item" role="presentation" aria-hidden="true">
        <a role="presentation" aria-hidden="true" class="product-url" href="http://shop.coles.com.au/online/national/coles-finest-angus-beef-eye-fillet-steak">
        	Angus Beef Eye Fillet Steak 1 Piece&nbsp;
        	approx. 250g
        </a>
    </span>
	<span class="size">
		Indicated price based on approx. weight. Weight may vary between 225g and 275g.	
 	</span>
</div>


	<div class="purchasing">	    
	    <div class="saving">
	    	
	    </div>
	   	
	    		<div class="price"><span class="accessibility">Purchase price </span><small>$</small>14.25</div>
	    	
	    <div class="unit-price"><span class="accessibility">Unit price </span>$57.00 per 1Kg</div>
	    <div class="special-offer">	    	
	    	
	    </div> 
	    <div class="availability">Temporarily unavailable</div>
	    <div class="purchase">
		
			<input type="number" title="Add Quantity for Coles Finest Angus Beef Eye Fillet Steak 1 Piece approx. 250g" name="quantity" id="catEntry_52071_qty" value="1" maxlength="2" size="2" class="v-mandatory v-numeric v-minval-1">
	        <button role="button" type="submit" title="Add to trolley Coles Finest Angus Beef Eye Fillet Steak 1 Piece approx. 250g" class="btn-red action-addToTrolley"><span role="presentation" aria-hidden="true">Add to trolley</span></button>
		
		</div>
	</div>
	<div class="lists">
		
	</div>


	    <div class="actions">
	        			
			   <div class="MUItemForTrolleyDiv MUItemForTrolley_109616" data-catentry="109616">
		         <div class="MUul_109616"><div class="MUli_109616 hidden" aria-hidden="true"><span class="inTrolley"><span class="MUSpan_109616">0</span> in trolley</span></div></div>
		       </div>
		        <p class="clear"></p>
			 
			<div class="member-usuals-remove">
				<a href="http://shop.coles.com.au/online/SearchDisplay?searchTermScope=&multiSearch=&searchType=2&maxPrice=&showResultsPage=true&langId=-1&beginIndex=0&sType=SimpleSearch&browseView=true&metaData=&manufacturer=&resultCatEntryType=&catalogId=10576&pageView=image&minPrice=&urlLangId=-1&categoryId=28164&storeId=10601#" class="action-removeFromUsuals usuals-remove">Remove from list <span class="accessibility">Coles Finest Angus Beef Eye Fillet Steak 1 Piece approx. 250g</span></a>			
			</div>
			
				<div class="list">
					<a href="http://shop.coles.com.au/online/SearchDisplay?searchTermScope=&multiSearch=&searchType=2&maxPrice=&showResultsPage=true&langId=-1&beginIndex=0&sType=SimpleSearch&browseView=true&metaData=&manufacturer=&resultCatEntryType=&catalogId=10576&pageView=image&minPrice=&urlLangId=-1&categoryId=28164&storeId=10601#" class="action-addToList action-list-add">Add to list <span class="accessibility">Coles Finest Angus Beef Eye Fillet Steak 1 Piece approx. 250g</span></a> 
				</div>
				<div class="member-list-add">
					<a href="http://shop.coles.com.au/online/SearchDisplay?searchTermScope=&multiSearch=&searchType=2&maxPrice=&showResultsPage=true&langId=-1&beginIndex=0&sType=SimpleSearch&browseView=true&metaData=&manufacturer=&resultCatEntryType=&catalogId=10576&pageView=image&minPrice=&urlLangId=-1&categoryId=28164&storeId=10601#" class="action-addToList action-list-add">Add to another list <span class="accessibility">Coles Finest Angus Beef Eye Fillet Steak 1 Piece approx. 250g</span></a>
				</div>
			
			<div class="member-list-remove">
				 <a href="http://shop.coles.com.au/online/SearchDisplay?searchTermScope=&multiSearch=&searchType=2&maxPrice=&showResultsPage=true&langId=-1&beginIndex=0&sType=SimpleSearch&browseView=true&metaData=&manufacturer=&resultCatEntryType=&catalogId=10576&pageView=image&minPrice=&urlLangId=-1&categoryId=28164&storeId=10601#" class="action-removeFromList">Remove from list <span class="accessibility">Coles Finest Angus Beef Eye Fillet Steak 1 Piece approx. 250g</span></a> 
			</div>
			
				<div class="compareProd" role="presentation" aria-hidden="true">
					<a href="http://shop.coles.com.au/online/SearchDisplay?searchTermScope=&multiSearch=&searchType=2&maxPrice=&showResultsPage=true&langId=-1&beginIndex=0&sType=SimpleSearch&browseView=true&metaData=&manufacturer=&resultCatEntryType=&catalogId=10576&pageView=image&minPrice=&urlLangId=-1&categoryId=28164&storeId=10601#" class="compare compare-add">Compare</a>
				</div>
			
				<a href="http://shop.coles.com.au/online/national/coles-finest-angus-beef-eye-fillet-steak" class="product-url accessibility">More details for Coles Finest&nbsp;Angus Beef Eye Fillet Steak 1 Piece</a>
			
		</div>  
      

       	
		    <div role="presentation" aria-hidden="true" id="share" class="share" data-social="{productImgUrl:&#39;http://shop.coles.com.au:27900/wcsstore/Coles-CAS/images/8/7/7/8772302-th.jpg&#39;
	                                               ,productDisplayUrl:&#39;http://shop.coles.com.au/online/national/coles-finest-angus-beef-eye-fillet-steak&#39;
	                                               ,title:&#39;Coles Finest Angus Beef Eye Fillet Steak 1 Piece Indicated price based on approx. weight. Weight may vary between 225g and 275g.&#39;
	                                               ,description:&#39;&amp;lt;p class=&amp;#034;MsoNormal&amp;#034; style=&amp;#034;margin: 0cm 0cm 0pt&amp;#034;&amp;gt;&amp;lt;font face=&amp;#034;Calibri&amp;#034;&amp;gt;Sourced exclusively from Australia&amp;#039;s best breeders of fine quality Angus, our cattle are grain fed for 100 days to increase marbling.  This, along with ageing the prime cuts for 21 days, ensures a succulent, juicy steak.&amp;lt;p&amp;gt;&amp;lt;/p&amp;gt;&amp;lt;/font&amp;gt;&amp;lt;/p&amp;gt;&#39;}">
		 	</div>
 		
	</div>
</div>


	</form>
</div>


<span class="available hidden"></span>


<div class="outer-prod prodtile" data-refresh="{
					catalogId: &quot;10576&quot;,
					doInventory: &quot;N&quot;,
					fulfillmentCenterId: &quot;11576&quot;,
					forStoreId: &quot;10401&quot;,
					
					productDisplayURL: &quot;http://shop.coles.com.au/online/national/coles-finest-angus-beef-scotch-fillet&quot;				
			}">
	<form id="catEntryForm_95307" name="catEntryForm_95307" action="http://shop.coles.com.au/online/AjaxOrderChangeServiceItemAdd">
		
<div class=" " data-catentry="catEntry_95307" data-refresh="{
				addCalculationUsage: &quot;-1&quot;,
				langId: &quot;-1&quot;,
				storeId: &quot;10601&quot;, 
				catEntryId: &quot;95307&quot;, 
				catEntryName: &quot;Angus Beef Scotch Fillet 1 Piece&quot;, 
				productView: &quot;list&quot;,
				productId: &quot;95307&quot;,
				itemId: &quot;109617&quot;,
				hideMultibuy: &quot;false&quot;,
                ticketType: &quot;&quot;,
                partNumber: &quot;8772299&quot;,
                offerCode: &quot;20131209&quot;
		}">
   	<div class="wrapper clearfix">   	
		

<h4 class="accessibility" id="heading_95307" tabindex="-1">
		Coles Finest&nbsp;Angus Beef Scotch Fillet 1 Piece&nbsp;
		approx. 350g&nbsp;
		 
</h4> 

<div class="offer-icon"></div>
<a role="presentation" aria-hidden="true" class="product-url" href="http://shop.coles.com.au/online/national/coles-finest-angus-beef-scotch-fillet">
	    <img role="presentation" aria-hidden="true" class="photo" src="./beef_files/spacer.gif" onerror="this.src=&#39;/wcsstore/ColesStorefrontAssetStore/dist/e0a775baf05f/images/spacer.gif&#39;" alt="Angus Beef Scotch Fillet 1 Piece" width="110" height="110">
	</a>

<div class="detail">	
    <span role="presentation" aria-hidden="true" class="brand">Coles Finest</span>
    <span class="item" role="presentation" aria-hidden="true">
        <a role="presentation" aria-hidden="true" class="product-url" href="http://shop.coles.com.au/online/national/coles-finest-angus-beef-scotch-fillet">
        	Angus Beef Scotch Fillet 1 Piece&nbsp;
        	approx. 350g
        </a>
    </span>
	<span class="size">
		Indicated price based on approx. weight. Weight may vary between 300g and 400g.	
 	</span>
</div>


	<div class="purchasing">	    
	    <div class="saving">
	    	
	    </div>
	   	
	    		<div class="price"><span class="accessibility">Purchase price </span><small>$</small>14.00</div>
	    	
	    <div class="unit-price"><span class="accessibility">Unit price </span>$39.99 per 1Kg</div>
	    <div class="special-offer">	    	
	    	
	    </div> 
	    <div class="availability">Temporarily unavailable</div>
	    <div class="purchase">
		
			<input type="number" title="Add Quantity for Coles Finest Angus Beef Scotch Fillet 1 Piece approx. 350g" name="quantity" id="catEntry_95307_qty" value="1" maxlength="2" size="2" class="v-mandatory v-numeric v-minval-1">
	        <button role="button" type="submit" title="Add to trolley Coles Finest Angus Beef Scotch Fillet 1 Piece approx. 350g" class="btn-red action-addToTrolley"><span role="presentation" aria-hidden="true">Add to trolley</span></button>
		
		</div>
	</div>
	<div class="lists">
		
	</div>


	    <div class="actions">
	        			
			   <div class="MUItemForTrolleyDiv MUItemForTrolley_109617" data-catentry="109617">
		         <div class="MUul_109617"><div class="MUli_109617 hidden" aria-hidden="true"><span class="inTrolley"><span class="MUSpan_109617">0</span> in trolley</span></div></div>
		       </div>
		        <p class="clear"></p>
			 
			<div class="member-usuals-remove">
				<a href="http://shop.coles.com.au/online/SearchDisplay?searchTermScope=&multiSearch=&searchType=2&maxPrice=&showResultsPage=true&langId=-1&beginIndex=0&sType=SimpleSearch&browseView=true&metaData=&manufacturer=&resultCatEntryType=&catalogId=10576&pageView=image&minPrice=&urlLangId=-1&categoryId=28164&storeId=10601#" class="action-removeFromUsuals usuals-remove">Remove from list <span class="accessibility">Coles Finest Angus Beef Scotch Fillet 1 Piece approx. 350g</span></a>			
			</div>
			
				<div class="list">
					<a href="http://shop.coles.com.au/online/SearchDisplay?searchTermScope=&multiSearch=&searchType=2&maxPrice=&showResultsPage=true&langId=-1&beginIndex=0&sType=SimpleSearch&browseView=true&metaData=&manufacturer=&resultCatEntryType=&catalogId=10576&pageView=image&minPrice=&urlLangId=-1&categoryId=28164&storeId=10601#" class="action-addToList action-list-add">Add to list <span class="accessibility">Coles Finest Angus Beef Scotch Fillet 1 Piece approx. 350g</span></a> 
				</div>
				<div class="member-list-add">
					<a href="http://shop.coles.com.au/online/SearchDisplay?searchTermScope=&multiSearch=&searchType=2&maxPrice=&showResultsPage=true&langId=-1&beginIndex=0&sType=SimpleSearch&browseView=true&metaData=&manufacturer=&resultCatEntryType=&catalogId=10576&pageView=image&minPrice=&urlLangId=-1&categoryId=28164&storeId=10601#" class="action-addToList action-list-add">Add to another list <span class="accessibility">Coles Finest Angus Beef Scotch Fillet 1 Piece approx. 350g</span></a>
				</div>
			
			<div class="member-list-remove">
				 <a href="http://shop.coles.com.au/online/SearchDisplay?searchTermScope=&multiSearch=&searchType=2&maxPrice=&showResultsPage=true&langId=-1&beginIndex=0&sType=SimpleSearch&browseView=true&metaData=&manufacturer=&resultCatEntryType=&catalogId=10576&pageView=image&minPrice=&urlLangId=-1&categoryId=28164&storeId=10601#" class="action-removeFromList">Remove from list <span class="accessibility">Coles Finest Angus Beef Scotch Fillet 1 Piece approx. 350g</span></a> 
			</div>
			
				<div class="compareProd" role="presentation" aria-hidden="true">
					<a href="http://shop.coles.com.au/online/SearchDisplay?searchTermScope=&multiSearch=&searchType=2&maxPrice=&showResultsPage=true&langId=-1&beginIndex=0&sType=SimpleSearch&browseView=true&metaData=&manufacturer=&resultCatEntryType=&catalogId=10576&pageView=image&minPrice=&urlLangId=-1&categoryId=28164&storeId=10601#" class="compare compare-add">Compare</a>
				</div>
			
				<a href="http://shop.coles.com.au/online/national/coles-finest-angus-beef-scotch-fillet" class="product-url accessibility">More details for Coles Finest&nbsp;Angus Beef Scotch Fillet 1 Piece</a>
			
		</div>  
      

       	
		    <div role="presentation" aria-hidden="true" id="share" class="share" data-social="{productImgUrl:&#39;http://shop.coles.com.au:27900/wcsstore/Coles-CAS/images/8/7/7/8772299-th.jpg&#39;
	                                               ,productDisplayUrl:&#39;http://shop.coles.com.au/online/national/coles-finest-angus-beef-scotch-fillet&#39;
	                                               ,title:&#39;Coles Finest Angus Beef Scotch Fillet 1 Piece Indicated price based on approx. weight. Weight may vary between 300g and 400g.&#39;
	                                               ,description:&#39;&amp;lt;span style=&amp;#034;font-family: &amp;amp;quot;calibri&amp;amp;quot;,&amp;amp;quot;sans-serif&amp;amp;quot;; font-size: 11pt; mso-fareast-font-family: calibri; mso-fareast-theme-font: minor-latin; mso-bidi-font-family: &amp;#039;times new roman&amp;#039;; mso-fareast-language: en-us; mso-ansi-language: en-au; mso-bidi-language: ar-sa&amp;#034;&amp;gt;Sourced exclusively from Australia&amp;#039;s best breeders of fine quality Angus, our cattle are grain fed for 100 days to increase marbling.  This, along with ageing the prime cuts for 21 days, ensures a succulent, juicy steak.&amp;lt;/span&amp;gt;&#39;}">
		 	</div>
 		
	</div>
</div>


	</form>
</div>


<span class="available hidden"></span>


<div class="outer-prod prodtile" data-refresh="{
					catalogId: &quot;10576&quot;,
					doInventory: &quot;N&quot;,
					fulfillmentCenterId: &quot;11576&quot;,
					forStoreId: &quot;10401&quot;,
					
					productDisplayURL: &quot;http://shop.coles.com.au/online/national/coles-grill-beef-smoked-bbq-ribs&quot;				
			}">
	<form id="catEntryForm_252045" name="catEntryForm_252045" action="http://shop.coles.com.au/online/AjaxOrderChangeServiceItemAdd">
		
<div class=" " data-catentry="catEntry_252045" data-refresh="{
				addCalculationUsage: &quot;-1&quot;,
				langId: &quot;-1&quot;,
				storeId: &quot;10601&quot;, 
				catEntryId: &quot;252045&quot;, 
				catEntryName: &quot;Smoked BBQ Beef Ribs&quot;, 
				productView: &quot;list&quot;,
				productId: &quot;252045&quot;,
				itemId: &quot;252057&quot;,
				hideMultibuy: &quot;false&quot;,
                ticketType: &quot;&quot;,
                partNumber: &quot;1498552&quot;,
                offerCode: &quot;20120904&quot;
		}">
   	<div class="wrapper clearfix">   	
		

<h4 class="accessibility" id="heading_252045" tabindex="-1">
		Coles Grill&nbsp;Smoked BBQ Beef Ribs&nbsp;
		700g&nbsp;
		 
</h4> 

<div class="offer-icon"></div>
<a role="presentation" aria-hidden="true" class="product-url" href="http://shop.coles.com.au/online/national/coles-grill-beef-smoked-bbq-ribs">
	    <img role="presentation" aria-hidden="true" class="photo" src="./beef_files/spacer.gif" onerror="this.src=&#39;/wcsstore/ColesStorefrontAssetStore/dist/e0a775baf05f/images/spacer.gif&#39;" alt="Smoked BBQ Beef Ribs" width="110" height="110">
	</a>

<div class="detail">	
    <span role="presentation" aria-hidden="true" class="brand">Coles Grill</span>
    <span class="item" role="presentation" aria-hidden="true">
        <a role="presentation" aria-hidden="true" class="product-url" href="http://shop.coles.com.au/online/national/coles-grill-beef-smoked-bbq-ribs">
        	Smoked BBQ Beef Ribs&nbsp;
        	700g
        </a>
    </span>
	<span class="size">
			
 	</span>
</div>


	<div class="purchasing">	    
	    <div class="saving">
	    	
	    </div>
	   	
	    		<div class="price"><span class="accessibility">Purchase price </span><small>$</small>14.00</div>
	    	
	    <div class="unit-price"><span class="accessibility">Unit price </span>$20.00 per 1Kg</div>
	    <div class="special-offer">	    	
	    	
	    </div> 
	    <div class="availability">Temporarily unavailable</div>
	    <div class="purchase">
		
			<input type="number" title="Add Quantity for Coles Grill Smoked BBQ Beef Ribs 700g" name="quantity" id="catEntry_252045_qty" value="1" maxlength="2" size="2" class="v-mandatory v-numeric v-minval-1">
	        <button role="button" type="submit" title="Add to trolley Coles Grill Smoked BBQ Beef Ribs 700g" class="btn-red action-addToTrolley"><span role="presentation" aria-hidden="true">Add to trolley</span></button>
		
		</div>
	</div>
	<div class="lists">
		
	</div>


	    <div class="actions">
	        			
			   <div class="MUItemForTrolleyDiv MUItemForTrolley_252057" data-catentry="252057">
		         <div class="MUul_252057"><div class="MUli_252057 hidden" aria-hidden="true"><span class="inTrolley"><span class="MUSpan_252057">0</span> in trolley</span></div></div>
		       </div>
		        <p class="clear"></p>
			 
			<div class="member-usuals-remove">
				<a href="http://shop.coles.com.au/online/SearchDisplay?searchTermScope=&multiSearch=&searchType=2&maxPrice=&showResultsPage=true&langId=-1&beginIndex=0&sType=SimpleSearch&browseView=true&metaData=&manufacturer=&resultCatEntryType=&catalogId=10576&pageView=image&minPrice=&urlLangId=-1&categoryId=28164&storeId=10601#" class="action-removeFromUsuals usuals-remove">Remove from list <span class="accessibility">Coles Grill Smoked BBQ Beef Ribs 700g</span></a>			
			</div>
			
				<div class="list">
					<a href="http://shop.coles.com.au/online/SearchDisplay?searchTermScope=&multiSearch=&searchType=2&maxPrice=&showResultsPage=true&langId=-1&beginIndex=0&sType=SimpleSearch&browseView=true&metaData=&manufacturer=&resultCatEntryType=&catalogId=10576&pageView=image&minPrice=&urlLangId=-1&categoryId=28164&storeId=10601#" class="action-addToList action-list-add">Add to list <span class="accessibility">Coles Grill Smoked BBQ Beef Ribs 700g</span></a> 
				</div>
				<div class="member-list-add">
					<a href="http://shop.coles.com.au/online/SearchDisplay?searchTermScope=&multiSearch=&searchType=2&maxPrice=&showResultsPage=true&langId=-1&beginIndex=0&sType=SimpleSearch&browseView=true&metaData=&manufacturer=&resultCatEntryType=&catalogId=10576&pageView=image&minPrice=&urlLangId=-1&categoryId=28164&storeId=10601#" class="action-addToList action-list-add">Add to another list <span class="accessibility">Coles Grill Smoked BBQ Beef Ribs 700g</span></a>
				</div>
			
			<div class="member-list-remove">
				 <a href="http://shop.coles.com.au/online/SearchDisplay?searchTermScope=&multiSearch=&searchType=2&maxPrice=&showResultsPage=true&langId=-1&beginIndex=0&sType=SimpleSearch&browseView=true&metaData=&manufacturer=&resultCatEntryType=&catalogId=10576&pageView=image&minPrice=&urlLangId=-1&categoryId=28164&storeId=10601#" class="action-removeFromList">Remove from list <span class="accessibility">Coles Grill Smoked BBQ Beef Ribs 700g</span></a> 
			</div>
			
				<div class="compareProd" role="presentation" aria-hidden="true">
					<a href="http://shop.coles.com.au/online/SearchDisplay?searchTermScope=&multiSearch=&searchType=2&maxPrice=&showResultsPage=true&langId=-1&beginIndex=0&sType=SimpleSearch&browseView=true&metaData=&manufacturer=&resultCatEntryType=&catalogId=10576&pageView=image&minPrice=&urlLangId=-1&categoryId=28164&storeId=10601#" class="compare compare-add">Compare</a>
				</div>
			
				<a href="http://shop.coles.com.au/online/national/coles-grill-beef-smoked-bbq-ribs" class="product-url accessibility">More details for Coles Grill&nbsp;Smoked BBQ Beef Ribs</a>
			
		</div>  
      

       	
		    <div role="presentation" aria-hidden="true" id="share" class="share" data-social="{productImgUrl:&#39;http://shop.coles.com.au:27900/wcsstore/Coles-CAS/images/1/4/9/1498552-th.jpg&#39;
	                                               ,productDisplayUrl:&#39;http://shop.coles.com.au/online/national/coles-grill-beef-smoked-bbq-ribs&#39;
	                                               ,title:&#39;Coles Grill Smoked BBQ Beef Ribs  &#39;
	                                               ,description:&#39;Smoked and Slow Cooked Beef Ribs&#39;}">
		 	</div>
 		
	</div>
</div>


	</form>
</div>


<span class="available hidden"></span>


<div class="outer-prod prodtile" data-refresh="{
					catalogId: &quot;10576&quot;,
					doInventory: &quot;N&quot;,
					fulfillmentCenterId: &quot;11576&quot;,
					forStoreId: &quot;10401&quot;,
					
					productDisplayURL: &quot;http://shop.coles.com.au/online/national/coles-made-easy-beef-braised-in-red-wine&quot;				
			}">
	<form id="catEntryForm_173589" name="catEntryForm_173589" action="http://shop.coles.com.au/online/AjaxOrderChangeServiceItemAdd">
		
<div class=" " data-catentry="catEntry_173589" data-refresh="{
				addCalculationUsage: &quot;-1&quot;,
				langId: &quot;-1&quot;,
				storeId: &quot;10601&quot;, 
				catEntryId: &quot;173589&quot;, 
				catEntryName: &quot;Beef Braised in Red Wine&quot;, 
				productView: &quot;list&quot;,
				productId: &quot;173589&quot;,
				itemId: &quot;173616&quot;,
				hideMultibuy: &quot;false&quot;,
                ticketType: &quot;&quot;,
                partNumber: &quot;1203273&quot;,
                offerCode: &quot;20120410&quot;
		}">
   	<div class="wrapper clearfix">   	
		

<h4 class="accessibility" id="heading_173589" tabindex="-1">
		Coles Made Easy&nbsp;Beef Braised in Red Wine&nbsp;
		680g&nbsp;
		 
</h4> 

<div class="offer-icon"></div>
<a role="presentation" aria-hidden="true" class="product-url" href="http://shop.coles.com.au/online/national/coles-made-easy-beef-braised-in-red-wine">
	    <img role="presentation" aria-hidden="true" class="photo" src="./beef_files/spacer.gif" onerror="this.src=&#39;/wcsstore/ColesStorefrontAssetStore/dist/e0a775baf05f/images/spacer.gif&#39;" alt="Beef Braised in Red Wine" width="110" height="110">
	</a>

<div class="detail">	
    <span role="presentation" aria-hidden="true" class="brand">Coles Made Easy</span>
    <span class="item" role="presentation" aria-hidden="true">
        <a role="presentation" aria-hidden="true" class="product-url" href="http://shop.coles.com.au/online/national/coles-made-easy-beef-braised-in-red-wine">
        	Beef Braised in Red Wine&nbsp;
        	680g
        </a>
    </span>
	<span class="size">
			
 	</span>
</div>


	<div class="purchasing">	    
	    <div class="saving">
	    	
	    </div>
	   	
	    		<div class="price"><span class="accessibility">Purchase price </span><small>$</small>12.00</div>
	    	
	    <div class="unit-price"><span class="accessibility">Unit price </span>$17.65 per 1Kg</div>
	    <div class="special-offer">	    	
	    	
	    </div> 
	    <div class="availability">Temporarily unavailable</div>
	    <div class="purchase">
		
			<input type="number" title="Add Quantity for Coles Made Easy Beef Braised in Red Wine 680g" name="quantity" id="catEntry_173589_qty" value="1" maxlength="2" size="2" class="v-mandatory v-numeric v-minval-1">
	        <button role="button" type="submit" title="Add to trolley Coles Made Easy Beef Braised in Red Wine 680g" class="btn-red action-addToTrolley"><span role="presentation" aria-hidden="true">Add to trolley</span></button>
		
		</div>
	</div>
	<div class="lists">
		
	</div>


	    <div class="actions">
	        			
			   <div class="MUItemForTrolleyDiv MUItemForTrolley_173616" data-catentry="173616">
		         <div class="MUul_173616"><div class="MUli_173616 hidden" aria-hidden="true"><span class="inTrolley"><span class="MUSpan_173616">0</span> in trolley</span></div></div>
		       </div>
		        <p class="clear"></p>
			 
			<div class="member-usuals-remove">
				<a href="http://shop.coles.com.au/online/SearchDisplay?searchTermScope=&multiSearch=&searchType=2&maxPrice=&showResultsPage=true&langId=-1&beginIndex=0&sType=SimpleSearch&browseView=true&metaData=&manufacturer=&resultCatEntryType=&catalogId=10576&pageView=image&minPrice=&urlLangId=-1&categoryId=28164&storeId=10601#" class="action-removeFromUsuals usuals-remove">Remove from list <span class="accessibility">Coles Made Easy Beef Braised in Red Wine 680g</span></a>			
			</div>
			
				<div class="list">
					<a href="http://shop.coles.com.au/online/SearchDisplay?searchTermScope=&multiSearch=&searchType=2&maxPrice=&showResultsPage=true&langId=-1&beginIndex=0&sType=SimpleSearch&browseView=true&metaData=&manufacturer=&resultCatEntryType=&catalogId=10576&pageView=image&minPrice=&urlLangId=-1&categoryId=28164&storeId=10601#" class="action-addToList action-list-add">Add to list <span class="accessibility">Coles Made Easy Beef Braised in Red Wine 680g</span></a> 
				</div>
				<div class="member-list-add">
					<a href="http://shop.coles.com.au/online/SearchDisplay?searchTermScope=&multiSearch=&searchType=2&maxPrice=&showResultsPage=true&langId=-1&beginIndex=0&sType=SimpleSearch&browseView=true&metaData=&manufacturer=&resultCatEntryType=&catalogId=10576&pageView=image&minPrice=&urlLangId=-1&categoryId=28164&storeId=10601#" class="action-addToList action-list-add">Add to another list <span class="accessibility">Coles Made Easy Beef Braised in Red Wine 680g</span></a>
				</div>
			
			<div class="member-list-remove">
				 <a href="http://shop.coles.com.au/online/SearchDisplay?searchTermScope=&multiSearch=&searchType=2&maxPrice=&showResultsPage=true&langId=-1&beginIndex=0&sType=SimpleSearch&browseView=true&metaData=&manufacturer=&resultCatEntryType=&catalogId=10576&pageView=image&minPrice=&urlLangId=-1&categoryId=28164&storeId=10601#" class="action-removeFromList">Remove from list <span class="accessibility">Coles Made Easy Beef Braised in Red Wine 680g</span></a> 
			</div>
			
				<div class="compareProd" role="presentation" aria-hidden="true">
					<a href="http://shop.coles.com.au/online/SearchDisplay?searchTermScope=&multiSearch=&searchType=2&maxPrice=&showResultsPage=true&langId=-1&beginIndex=0&sType=SimpleSearch&browseView=true&metaData=&manufacturer=&resultCatEntryType=&catalogId=10576&pageView=image&minPrice=&urlLangId=-1&categoryId=28164&storeId=10601#" class="compare compare-add">Compare</a>
				</div>
			
				<a href="http://shop.coles.com.au/online/national/coles-made-easy-beef-braised-in-red-wine" class="product-url accessibility">More details for Coles Made Easy&nbsp;Beef Braised in Red Wine</a>
			
		</div>  
      

       	
		    <div role="presentation" aria-hidden="true" id="share" class="share" data-social="{productImgUrl:&#39;http://shop.coles.com.au:27900/wcsstore/Coles-CAS/images/1/2/0/1203273-th.jpg&#39;
	                                               ,productDisplayUrl:&#39;http://shop.coles.com.au/online/national/coles-made-easy-beef-braised-in-red-wine&#39;
	                                               ,title:&#39;Coles Made Easy Beef Braised in Red Wine  &#39;
	                                               ,description:&#39;Braised Beef with Red Wine and Thyme&#39;}">
		 	</div>
 		
	</div>
</div>


	</form>
</div>


<span class="available hidden"></span>


<div class="outer-prod prodtile" data-refresh="{
					catalogId: &quot;10576&quot;,
					doInventory: &quot;N&quot;,
					fulfillmentCenterId: &quot;11576&quot;,
					forStoreId: &quot;10401&quot;,
					
					productDisplayURL: &quot;http://shop.coles.com.au/online/national/economy-bulk-beef-scotch-fillet-steak&quot;				
			}">
	<form id="catEntryForm_46357" name="catEntryForm_46357" action="http://shop.coles.com.au/online/AjaxOrderChangeServiceItemAdd">
		
<div class=" " data-catentry="catEntry_46357" data-refresh="{
				addCalculationUsage: &quot;-1&quot;,
				langId: &quot;-1&quot;,
				storeId: &quot;10601&quot;, 
				catEntryId: &quot;46357&quot;, 
				catEntryName: &quot;Economy Beef Scotch Fillet Steak 4-5 Pieces&quot;, 
				productView: &quot;list&quot;,
				productId: &quot;46357&quot;,
				itemId: &quot;164318&quot;,
				hideMultibuy: &quot;false&quot;,
                ticketType: &quot;&quot;,
                partNumber: &quot;8815460&quot;,
                offerCode: &quot;20120321&quot;
		}">
   	<div class="wrapper clearfix">   	
		

<h4 class="accessibility" id="heading_46357" tabindex="-1">
		Coles Smart Buy&nbsp;Economy Beef Scotch Fillet Steak 4-5 Pieces&nbsp;
		1.1kg&nbsp;
		 
</h4> 

<div class="offer-icon"></div>
<a role="presentation" aria-hidden="true" class="product-url" href="http://shop.coles.com.au/online/national/economy-bulk-beef-scotch-fillet-steak">
	    <img role="presentation" aria-hidden="true" class="photo" src="./beef_files/spacer.gif" onerror="this.src=&#39;/wcsstore/ColesStorefrontAssetStore/dist/e0a775baf05f/images/spacer.gif&#39;" alt="Economy Beef Scotch Fillet Steak 4-5 Pieces" width="110" height="110">
	</a>

<div class="detail">	
    <span role="presentation" aria-hidden="true" class="brand">Coles Smart Buy</span>
    <span class="item" role="presentation" aria-hidden="true">
        <a role="presentation" aria-hidden="true" class="product-url" href="http://shop.coles.com.au/online/national/economy-bulk-beef-scotch-fillet-steak">
        	Economy Beef Scotch Fillet Steak 4-5 Pieces&nbsp;
        	1.1kg
        </a>
    </span>
	<span class="size">
		Indicated price based on approx. weight. Weight may vary between 900gand 1.2Kg.	
 	</span>
</div>


	<div class="purchasing">	    
	    <div class="saving">
	    	
	    </div>
	   	
	    		<div class="price"><span class="accessibility">Purchase price </span><small>$</small>21.99</div>
	    	
	    <div class="unit-price"><span class="accessibility">Unit price </span>$19.99 per 1Kg</div>
	    <div class="special-offer">	    	
	    	
	    </div> 
	    <div class="availability">Temporarily unavailable</div>
	    <div class="purchase">
		
			<input type="number" title="Add Quantity for Coles Smart Buy Economy Beef Scotch Fillet Steak 4-5 Pieces 1.1kg" name="quantity" id="catEntry_46357_qty" value="1" maxlength="2" size="2" class="v-mandatory v-numeric v-minval-1">
	        <button role="button" type="submit" title="Add to trolley Coles Smart Buy Economy Beef Scotch Fillet Steak 4-5 Pieces 1.1kg" class="btn-red action-addToTrolley"><span role="presentation" aria-hidden="true">Add to trolley</span></button>
		
		</div>
	</div>
	<div class="lists">
		
	</div>


	    <div class="actions">
	        			
			   <div class="MUItemForTrolleyDiv MUItemForTrolley_164318" data-catentry="164318">
		         <div class="MUul_164318"><div class="MUli_164318 hidden" aria-hidden="true"><span class="inTrolley"><span class="MUSpan_164318">0</span> in trolley</span></div></div>
		       </div>
		        <p class="clear"></p>
			 
			<div class="member-usuals-remove">
				<a href="http://shop.coles.com.au/online/SearchDisplay?searchTermScope=&multiSearch=&searchType=2&maxPrice=&showResultsPage=true&langId=-1&beginIndex=0&sType=SimpleSearch&browseView=true&metaData=&manufacturer=&resultCatEntryType=&catalogId=10576&pageView=image&minPrice=&urlLangId=-1&categoryId=28164&storeId=10601#" class="action-removeFromUsuals usuals-remove">Remove from list <span class="accessibility">Coles Smart Buy Economy Beef Scotch Fillet Steak 4-5 Pieces 1.1kg</span></a>			
			</div>
			
				<div class="list">
					<a href="http://shop.coles.com.au/online/SearchDisplay?searchTermScope=&multiSearch=&searchType=2&maxPrice=&showResultsPage=true&langId=-1&beginIndex=0&sType=SimpleSearch&browseView=true&metaData=&manufacturer=&resultCatEntryType=&catalogId=10576&pageView=image&minPrice=&urlLangId=-1&categoryId=28164&storeId=10601#" class="action-addToList action-list-add">Add to list <span class="accessibility">Coles Smart Buy Economy Beef Scotch Fillet Steak 4-5 Pieces 1.1kg</span></a> 
				</div>
				<div class="member-list-add">
					<a href="http://shop.coles.com.au/online/SearchDisplay?searchTermScope=&multiSearch=&searchType=2&maxPrice=&showResultsPage=true&langId=-1&beginIndex=0&sType=SimpleSearch&browseView=true&metaData=&manufacturer=&resultCatEntryType=&catalogId=10576&pageView=image&minPrice=&urlLangId=-1&categoryId=28164&storeId=10601#" class="action-addToList action-list-add">Add to another list <span class="accessibility">Coles Smart Buy Economy Beef Scotch Fillet Steak 4-5 Pieces 1.1kg</span></a>
				</div>
			
			<div class="member-list-remove">
				 <a href="http://shop.coles.com.au/online/SearchDisplay?searchTermScope=&multiSearch=&searchType=2&maxPrice=&showResultsPage=true&langId=-1&beginIndex=0&sType=SimpleSearch&browseView=true&metaData=&manufacturer=&resultCatEntryType=&catalogId=10576&pageView=image&minPrice=&urlLangId=-1&categoryId=28164&storeId=10601#" class="action-removeFromList">Remove from list <span class="accessibility">Coles Smart Buy Economy Beef Scotch Fillet Steak 4-5 Pieces 1.1kg</span></a> 
			</div>
			
				<div class="compareProd" role="presentation" aria-hidden="true">
					<a href="http://shop.coles.com.au/online/SearchDisplay?searchTermScope=&multiSearch=&searchType=2&maxPrice=&showResultsPage=true&langId=-1&beginIndex=0&sType=SimpleSearch&browseView=true&metaData=&manufacturer=&resultCatEntryType=&catalogId=10576&pageView=image&minPrice=&urlLangId=-1&categoryId=28164&storeId=10601#" class="compare compare-add">Compare</a>
				</div>
			
				<a href="http://shop.coles.com.au/online/national/economy-bulk-beef-scotch-fillet-steak" class="product-url accessibility">More details for Coles Smart Buy&nbsp;Economy Beef Scotch Fillet Steak 4-5 Pieces</a>
			
		</div>  
      

       	
		    <div role="presentation" aria-hidden="true" id="share" class="share" data-social="{productImgUrl:&#39;http://shop.coles.com.au:27900/wcsstore/Coles-CAS/images/8/8/1/8815460-th.jpg&#39;
	                                               ,productDisplayUrl:&#39;http://shop.coles.com.au/online/national/economy-bulk-beef-scotch-fillet-steak&#39;
	                                               ,title:&#39;Coles Smart Buy Economy Beef Scotch Fillet Steak 4-5 Pieces Indicated price based on approx. weight. Weight may vary between 900gand 1.2Kg.&#39;
	                                               ,description:&#39;&#39;}">
		 	</div>
 		
	</div>
</div>


	</form>
</div>


<span class="available hidden"></span>


<div class="outer-prod prodtile" data-refresh="{
					catalogId: &quot;10576&quot;,
					doInventory: &quot;N&quot;,
					fulfillmentCenterId: &quot;11576&quot;,
					forStoreId: &quot;10401&quot;,
					
					productDisplayURL: &quot;http://shop.coles.com.au/online/national/coles-smart-buy-beef-porterhouse-steak-economy-5-6-pieces&quot;				
			}">
	<form id="catEntryForm_90890" name="catEntryForm_90890" action="http://shop.coles.com.au/online/AjaxOrderChangeServiceItemAdd">
		
<div class=" " data-catentry="catEntry_90890" data-refresh="{
				addCalculationUsage: &quot;-1&quot;,
				langId: &quot;-1&quot;,
				storeId: &quot;10601&quot;, 
				catEntryId: &quot;90890&quot;, 
				catEntryName: &quot;Economy Beef Porterhouse Steak 5-6 pieces&quot;, 
				productView: &quot;list&quot;,
				productId: &quot;90890&quot;,
				itemId: &quot;153895&quot;,
				hideMultibuy: &quot;false&quot;,
                ticketType: &quot;&quot;,
                partNumber: &quot;9718380&quot;,
                offerCode: &quot;20130509&quot;
		}">
   	<div class="wrapper clearfix">   	
		

<h4 class="accessibility" id="heading_90890" tabindex="-1">
		Coles Smart Buy&nbsp;Economy Beef Porterhouse Steak 5-6 pieces&nbsp;
		approx. 1kg&nbsp;
		 
</h4> 

<div class="offer-icon"></div>
<a role="presentation" aria-hidden="true" class="product-url" href="http://shop.coles.com.au/online/national/coles-smart-buy-beef-porterhouse-steak-economy-5-6-pieces">
	    <img role="presentation" aria-hidden="true" class="photo" src="./beef_files/spacer.gif" onerror="this.src=&#39;/wcsstore/ColesStorefrontAssetStore/dist/e0a775baf05f/images/spacer.gif&#39;" alt="Economy Beef Porterhouse Steak 5-6 pieces" width="110" height="110">
	</a>

<div class="detail">	
    <span role="presentation" aria-hidden="true" class="brand">Coles Smart Buy</span>
    <span class="item" role="presentation" aria-hidden="true">
        <a role="presentation" aria-hidden="true" class="product-url" href="http://shop.coles.com.au/online/national/coles-smart-buy-beef-porterhouse-steak-economy-5-6-pieces">
        	Economy Beef Porterhouse Steak 5-6 pieces&nbsp;
        	approx. 1kg
        </a>
    </span>
	<span class="size">
		Indicated price based on approx. weight. Weight may vary between 900g and 1.1kg.	
 	</span>
</div>


	<div class="purchasing">	    
	    <div class="saving">
	    	
	    </div>
	   	
	    		<div class="price"><span class="accessibility">Purchase price </span><small>$</small>18.99</div>
	    	
	    <div class="unit-price"><span class="accessibility">Unit price </span>$18.99 per 1Kg</div>
	    <div class="special-offer">	    	
	    	
	    </div> 
	    <div class="availability">Temporarily unavailable</div>
	    <div class="purchase">
		
			<input type="number" title="Add Quantity for Coles Smart Buy Economy Beef Porterhouse Steak 5-6 pieces approx. 1kg" name="quantity" id="catEntry_90890_qty" value="1" maxlength="2" size="2" class="v-mandatory v-numeric v-minval-1">
	        <button role="button" type="submit" title="Add to trolley Coles Smart Buy Economy Beef Porterhouse Steak 5-6 pieces approx. 1kg" class="btn-red action-addToTrolley"><span role="presentation" aria-hidden="true">Add to trolley</span></button>
		
		</div>
	</div>
	<div class="lists">
		
	</div>


	    <div class="actions">
	        			
			   <div class="MUItemForTrolleyDiv MUItemForTrolley_153895" data-catentry="153895">
		         <div class="MUul_153895"><div class="MUli_153895 hidden" aria-hidden="true"><span class="inTrolley"><span class="MUSpan_153895">0</span> in trolley</span></div></div>
		       </div>
		        <p class="clear"></p>
			 
			<div class="member-usuals-remove">
				<a href="http://shop.coles.com.au/online/SearchDisplay?searchTermScope=&multiSearch=&searchType=2&maxPrice=&showResultsPage=true&langId=-1&beginIndex=0&sType=SimpleSearch&browseView=true&metaData=&manufacturer=&resultCatEntryType=&catalogId=10576&pageView=image&minPrice=&urlLangId=-1&categoryId=28164&storeId=10601#" class="action-removeFromUsuals usuals-remove">Remove from list <span class="accessibility">Coles Smart Buy Economy Beef Porterhouse Steak 5-6 pieces approx. 1kg</span></a>			
			</div>
			
				<div class="list">
					<a href="http://shop.coles.com.au/online/SearchDisplay?searchTermScope=&multiSearch=&searchType=2&maxPrice=&showResultsPage=true&langId=-1&beginIndex=0&sType=SimpleSearch&browseView=true&metaData=&manufacturer=&resultCatEntryType=&catalogId=10576&pageView=image&minPrice=&urlLangId=-1&categoryId=28164&storeId=10601#" class="action-addToList action-list-add">Add to list <span class="accessibility">Coles Smart Buy Economy Beef Porterhouse Steak 5-6 pieces approx. 1kg</span></a> 
				</div>
				<div class="member-list-add">
					<a href="http://shop.coles.com.au/online/SearchDisplay?searchTermScope=&multiSearch=&searchType=2&maxPrice=&showResultsPage=true&langId=-1&beginIndex=0&sType=SimpleSearch&browseView=true&metaData=&manufacturer=&resultCatEntryType=&catalogId=10576&pageView=image&minPrice=&urlLangId=-1&categoryId=28164&storeId=10601#" class="action-addToList action-list-add">Add to another list <span class="accessibility">Coles Smart Buy Economy Beef Porterhouse Steak 5-6 pieces approx. 1kg</span></a>
				</div>
			
			<div class="member-list-remove">
				 <a href="http://shop.coles.com.au/online/SearchDisplay?searchTermScope=&multiSearch=&searchType=2&maxPrice=&showResultsPage=true&langId=-1&beginIndex=0&sType=SimpleSearch&browseView=true&metaData=&manufacturer=&resultCatEntryType=&catalogId=10576&pageView=image&minPrice=&urlLangId=-1&categoryId=28164&storeId=10601#" class="action-removeFromList">Remove from list <span class="accessibility">Coles Smart Buy Economy Beef Porterhouse Steak 5-6 pieces approx. 1kg</span></a> 
			</div>
			
				<div class="compareProd" role="presentation" aria-hidden="true">
					<a href="http://shop.coles.com.au/online/SearchDisplay?searchTermScope=&multiSearch=&searchType=2&maxPrice=&showResultsPage=true&langId=-1&beginIndex=0&sType=SimpleSearch&browseView=true&metaData=&manufacturer=&resultCatEntryType=&catalogId=10576&pageView=image&minPrice=&urlLangId=-1&categoryId=28164&storeId=10601#" class="compare compare-add">Compare</a>
				</div>
			
				<a href="http://shop.coles.com.au/online/national/coles-smart-buy-beef-porterhouse-steak-economy-5-6-pieces" class="product-url accessibility">More details for Coles Smart Buy&nbsp;Economy Beef Porterhouse Steak 5-6 pieces</a>
			
		</div>  
      

       	
		    <div role="presentation" aria-hidden="true" id="share" class="share" data-social="{productImgUrl:&#39;http://shop.coles.com.au:27900/wcsstore/Coles-CAS/images/9/7/1/9718380-th.jpg&#39;
	                                               ,productDisplayUrl:&#39;http://shop.coles.com.au/online/national/coles-smart-buy-beef-porterhouse-steak-economy-5-6-pieces&#39;
	                                               ,title:&#39;Coles Smart Buy Economy Beef Porterhouse Steak 5-6 pieces Indicated price based on approx. weight. Weight may vary between 900g and 1.1kg.&#39;
	                                               ,description:&#39;Retail Ready Budget Beef Porterhouse Steak, Budget Beef Striploin.&#39;}">
		 	</div>
 		
	</div>
</div>


	</form>
</div>


<span class="available hidden"></span>


<div class="outer-prod prodtile" data-refresh="{
					catalogId: &quot;10576&quot;,
					doInventory: &quot;N&quot;,
					fulfillmentCenterId: &quot;11576&quot;,
					forStoreId: &quot;10401&quot;,
					
					productDisplayURL: &quot;http://shop.coles.com.au/online/national/graze-grassfed-beef-eye-fillet-steak-2-pieces&quot;				
			}">
	<form id="catEntryForm_403539" name="catEntryForm_403539" action="http://shop.coles.com.au/online/AjaxOrderChangeServiceItemAdd">
		
<div class=" " data-catentry="catEntry_403539" data-refresh="{
				addCalculationUsage: &quot;-1&quot;,
				langId: &quot;-1&quot;,
				storeId: &quot;10601&quot;, 
				catEntryId: &quot;403539&quot;, 
				catEntryName: &quot;Grassfed Beef Eye Fillet Steak 2 Pieces&quot;, 
				productView: &quot;list&quot;,
				productId: &quot;403539&quot;,
				itemId: &quot;403660&quot;,
				hideMultibuy: &quot;false&quot;,
                ticketType: &quot;&quot;,
                partNumber: &quot;2023700&quot;,
                offerCode: &quot;20150202&quot;
		}">
   	<div class="wrapper clearfix">   	
		

<h4 class="accessibility" id="heading_403539" tabindex="-1">
		Graze&nbsp;Grassfed Beef Eye Fillet Steak 2 Pieces&nbsp;
		approx. 330g&nbsp;
		 
</h4> 

<div class="offer-icon"></div>
<a role="presentation" aria-hidden="true" class="product-url" href="http://shop.coles.com.au/online/national/graze-grassfed-beef-eye-fillet-steak-2-pieces">
	    <img role="presentation" aria-hidden="true" class="photo" src="./beef_files/spacer.gif" onerror="this.src=&#39;/wcsstore/ColesStorefrontAssetStore/dist/e0a775baf05f/images/spacer.gif&#39;" alt="Grassfed Beef Eye Fillet Steak 2 Pieces" width="110" height="110">
	</a>

<div class="detail">	
    <span role="presentation" aria-hidden="true" class="brand">Graze</span>
    <span class="item" role="presentation" aria-hidden="true">
        <a role="presentation" aria-hidden="true" class="product-url" href="http://shop.coles.com.au/online/national/graze-grassfed-beef-eye-fillet-steak-2-pieces">
        	Grassfed Beef Eye Fillet Steak 2 Pieces&nbsp;
        	approx. 330g
        </a>
    </span>
	<span class="size">
		Indicated price based on approx. weight. Weight may vary between 300g and 360g.	
 	</span>
</div>


	<div class="purchasing">	    
	    <div class="saving">
	    	
	    </div>
	   	
	    		<div class="price"><span class="accessibility">Purchase price </span><small>$</small>15.51</div>
	    	
	    <div class="unit-price"><span class="accessibility">Unit price </span>$47.00 per 1Kg</div>
	    <div class="special-offer">	    	
	    	
	    </div> 
	    <div class="availability">Temporarily unavailable</div>
	    <div class="purchase">
		
			<input type="number" title="Add Quantity for Graze Grassfed Beef Eye Fillet Steak 2 Pieces approx. 330g" name="quantity" id="catEntry_403539_qty" value="1" maxlength="2" size="2" class="v-mandatory v-numeric v-minval-1">
	        <button role="button" type="submit" title="Add to trolley Graze Grassfed Beef Eye Fillet Steak 2 Pieces approx. 330g" class="btn-red action-addToTrolley"><span role="presentation" aria-hidden="true">Add to trolley</span></button>
		
		</div>
	</div>
	<div class="lists">
		
	</div>


	    <div class="actions">
	        			
			   <div class="MUItemForTrolleyDiv MUItemForTrolley_403660" data-catentry="403660">
		         <div class="MUul_403660"><div class="MUli_403660 hidden" aria-hidden="true"><span class="inTrolley"><span class="MUSpan_403660">0</span> in trolley</span></div></div>
		       </div>
		        <p class="clear"></p>
			 
			<div class="member-usuals-remove">
				<a href="http://shop.coles.com.au/online/SearchDisplay?searchTermScope=&multiSearch=&searchType=2&maxPrice=&showResultsPage=true&langId=-1&beginIndex=0&sType=SimpleSearch&browseView=true&metaData=&manufacturer=&resultCatEntryType=&catalogId=10576&pageView=image&minPrice=&urlLangId=-1&categoryId=28164&storeId=10601#" class="action-removeFromUsuals usuals-remove">Remove from list <span class="accessibility">Graze Grassfed Beef Eye Fillet Steak 2 Pieces approx. 330g</span></a>			
			</div>
			
				<div class="list">
					<a href="http://shop.coles.com.au/online/SearchDisplay?searchTermScope=&multiSearch=&searchType=2&maxPrice=&showResultsPage=true&langId=-1&beginIndex=0&sType=SimpleSearch&browseView=true&metaData=&manufacturer=&resultCatEntryType=&catalogId=10576&pageView=image&minPrice=&urlLangId=-1&categoryId=28164&storeId=10601#" class="action-addToList action-list-add">Add to list <span class="accessibility">Graze Grassfed Beef Eye Fillet Steak 2 Pieces approx. 330g</span></a> 
				</div>
				<div class="member-list-add">
					<a href="http://shop.coles.com.au/online/SearchDisplay?searchTermScope=&multiSearch=&searchType=2&maxPrice=&showResultsPage=true&langId=-1&beginIndex=0&sType=SimpleSearch&browseView=true&metaData=&manufacturer=&resultCatEntryType=&catalogId=10576&pageView=image&minPrice=&urlLangId=-1&categoryId=28164&storeId=10601#" class="action-addToList action-list-add">Add to another list <span class="accessibility">Graze Grassfed Beef Eye Fillet Steak 2 Pieces approx. 330g</span></a>
				</div>
			
			<div class="member-list-remove">
				 <a href="http://shop.coles.com.au/online/SearchDisplay?searchTermScope=&multiSearch=&searchType=2&maxPrice=&showResultsPage=true&langId=-1&beginIndex=0&sType=SimpleSearch&browseView=true&metaData=&manufacturer=&resultCatEntryType=&catalogId=10576&pageView=image&minPrice=&urlLangId=-1&categoryId=28164&storeId=10601#" class="action-removeFromList">Remove from list <span class="accessibility">Graze Grassfed Beef Eye Fillet Steak 2 Pieces approx. 330g</span></a> 
			</div>
			
				<div class="compareProd" role="presentation" aria-hidden="true">
					<a href="http://shop.coles.com.au/online/SearchDisplay?searchTermScope=&multiSearch=&searchType=2&maxPrice=&showResultsPage=true&langId=-1&beginIndex=0&sType=SimpleSearch&browseView=true&metaData=&manufacturer=&resultCatEntryType=&catalogId=10576&pageView=image&minPrice=&urlLangId=-1&categoryId=28164&storeId=10601#" class="compare compare-add">Compare</a>
				</div>
			
				<a href="http://shop.coles.com.au/online/national/graze-grassfed-beef-eye-fillet-steak-2-pieces" class="product-url accessibility">More details for Graze&nbsp;Grassfed Beef Eye Fillet Steak 2 Pieces</a>
			
		</div>  
      

       	
		    <div role="presentation" aria-hidden="true" id="share" class="share" data-social="{productImgUrl:&#39;http://shop.coles.com.au:27900/wcsstore/Coles-CAS/images/2/0/2/2023700-th.jpg&#39;
	                                               ,productDisplayUrl:&#39;http://shop.coles.com.au/online/national/graze-grassfed-beef-eye-fillet-steak-2-pieces&#39;
	                                               ,title:&#39;Graze Grassfed Beef Eye Fillet Steak 2 Pieces Indicated price based on approx. weight. Weight may vary between 300g and 360g.&#39;
	                                               ,description:&#39;&#39;}">
		 	</div>
 		
	</div>
</div>


	</form>
</div>


<span class="available hidden"></span>


<div class="outer-prod prodtile" data-refresh="{
					catalogId: &quot;10576&quot;,
					doInventory: &quot;N&quot;,
					fulfillmentCenterId: &quot;11576&quot;,
					forStoreId: &quot;10401&quot;,
					
					productDisplayURL: &quot;http://shop.coles.com.au/online/national/graze-grassfed-diced-beef-steak&quot;				
			}">
	<form id="catEntryForm_403587" name="catEntryForm_403587" action="http://shop.coles.com.au/online/AjaxOrderChangeServiceItemAdd">
		
<div class=" " data-catentry="catEntry_403587" data-refresh="{
				addCalculationUsage: &quot;-1&quot;,
				langId: &quot;-1&quot;,
				storeId: &quot;10601&quot;, 
				catEntryId: &quot;403587&quot;, 
				catEntryName: &quot;Grassfed Diced Beef Steak&quot;, 
				productView: &quot;list&quot;,
				productId: &quot;403587&quot;,
				itemId: &quot;403654&quot;,
				hideMultibuy: &quot;false&quot;,
                ticketType: &quot;&quot;,
                partNumber: &quot;2024393&quot;,
                offerCode: &quot;20140924&quot;
		}">
   	<div class="wrapper clearfix">   	
		

<h4 class="accessibility" id="heading_403587" tabindex="-1">
		Graze&nbsp;Grassfed Diced Beef Steak&nbsp;
		500g&nbsp;
		 
</h4> 

<div class="offer-icon"></div>
<a role="presentation" aria-hidden="true" class="product-url" href="http://shop.coles.com.au/online/national/graze-grassfed-diced-beef-steak">
	    <img role="presentation" aria-hidden="true" class="photo" src="./beef_files/spacer.gif" onerror="this.src=&#39;/wcsstore/ColesStorefrontAssetStore/dist/e0a775baf05f/images/spacer.gif&#39;" alt="Grassfed Diced Beef Steak" width="110" height="110">
	</a>

<div class="detail">	
    <span role="presentation" aria-hidden="true" class="brand">Graze</span>
    <span class="item" role="presentation" aria-hidden="true">
        <a role="presentation" aria-hidden="true" class="product-url" href="http://shop.coles.com.au/online/national/graze-grassfed-diced-beef-steak">
        	Grassfed Diced Beef Steak&nbsp;
        	500g
        </a>
    </span>
	<span class="size">
			
 	</span>
</div>


	<div class="purchasing">	    
	    <div class="saving">
	    	
	    </div>
	   	
	    		<div class="price"><span class="accessibility">Purchase price </span><small>$</small>9.00</div>
	    	
	    <div class="unit-price"><span class="accessibility">Unit price </span>$18.00 per 1Kg</div>
	    <div class="special-offer">	    	
	    	
	    </div> 
	    <div class="availability">Temporarily unavailable</div>
	    <div class="purchase">
		
			<input type="number" title="Add Quantity for Graze Grassfed Diced Beef Steak 500g" name="quantity" id="catEntry_403587_qty" value="1" maxlength="2" size="2" class="v-mandatory v-numeric v-minval-1">
	        <button role="button" type="submit" title="Add to trolley Graze Grassfed Diced Beef Steak 500g" class="btn-red action-addToTrolley"><span role="presentation" aria-hidden="true">Add to trolley</span></button>
		
		</div>
	</div>
	<div class="lists">
		
	</div>


	    <div class="actions">
	        			
			   <div class="MUItemForTrolleyDiv MUItemForTrolley_403654" data-catentry="403654">
		         <div class="MUul_403654"><div class="MUli_403654 hidden" aria-hidden="true"><span class="inTrolley"><span class="MUSpan_403654">0</span> in trolley</span></div></div>
		       </div>
		        <p class="clear"></p>
			 
			<div class="member-usuals-remove">
				<a href="http://shop.coles.com.au/online/SearchDisplay?searchTermScope=&multiSearch=&searchType=2&maxPrice=&showResultsPage=true&langId=-1&beginIndex=0&sType=SimpleSearch&browseView=true&metaData=&manufacturer=&resultCatEntryType=&catalogId=10576&pageView=image&minPrice=&urlLangId=-1&categoryId=28164&storeId=10601#" class="action-removeFromUsuals usuals-remove">Remove from list <span class="accessibility">Graze Grassfed Diced Beef Steak 500g</span></a>			
			</div>
			
				<div class="list">
					<a href="http://shop.coles.com.au/online/SearchDisplay?searchTermScope=&multiSearch=&searchType=2&maxPrice=&showResultsPage=true&langId=-1&beginIndex=0&sType=SimpleSearch&browseView=true&metaData=&manufacturer=&resultCatEntryType=&catalogId=10576&pageView=image&minPrice=&urlLangId=-1&categoryId=28164&storeId=10601#" class="action-addToList action-list-add">Add to list <span class="accessibility">Graze Grassfed Diced Beef Steak 500g</span></a> 
				</div>
				<div class="member-list-add">
					<a href="http://shop.coles.com.au/online/SearchDisplay?searchTermScope=&multiSearch=&searchType=2&maxPrice=&showResultsPage=true&langId=-1&beginIndex=0&sType=SimpleSearch&browseView=true&metaData=&manufacturer=&resultCatEntryType=&catalogId=10576&pageView=image&minPrice=&urlLangId=-1&categoryId=28164&storeId=10601#" class="action-addToList action-list-add">Add to another list <span class="accessibility">Graze Grassfed Diced Beef Steak 500g</span></a>
				</div>
			
			<div class="member-list-remove">
				 <a href="http://shop.coles.com.au/online/SearchDisplay?searchTermScope=&multiSearch=&searchType=2&maxPrice=&showResultsPage=true&langId=-1&beginIndex=0&sType=SimpleSearch&browseView=true&metaData=&manufacturer=&resultCatEntryType=&catalogId=10576&pageView=image&minPrice=&urlLangId=-1&categoryId=28164&storeId=10601#" class="action-removeFromList">Remove from list <span class="accessibility">Graze Grassfed Diced Beef Steak 500g</span></a> 
			</div>
			
				<div class="compareProd" role="presentation" aria-hidden="true">
					<a href="http://shop.coles.com.au/online/SearchDisplay?searchTermScope=&multiSearch=&searchType=2&maxPrice=&showResultsPage=true&langId=-1&beginIndex=0&sType=SimpleSearch&browseView=true&metaData=&manufacturer=&resultCatEntryType=&catalogId=10576&pageView=image&minPrice=&urlLangId=-1&categoryId=28164&storeId=10601#" class="compare compare-add">Compare</a>
				</div>
			
				<a href="http://shop.coles.com.au/online/national/graze-grassfed-diced-beef-steak" class="product-url accessibility">More details for Graze&nbsp;Grassfed Diced Beef Steak</a>
			
		</div>  
      

       	
		    <div role="presentation" aria-hidden="true" id="share" class="share" data-social="{productImgUrl:&#39;http://shop.coles.com.au:27900/wcsstore/Coles-CAS/images/2/0/2/2024393-th.jpg&#39;
	                                               ,productDisplayUrl:&#39;http://shop.coles.com.au/online/national/graze-grassfed-diced-beef-steak&#39;
	                                               ,title:&#39;Graze Grassfed Diced Beef Steak &#39;
	                                               ,description:&#39;&#39;}">
		 	</div>
 		
	</div>
</div>


	</form>
</div>


<span class="available hidden"></span>


<div class="outer-prod prodtile" data-refresh="{
					catalogId: &quot;10576&quot;,
					doInventory: &quot;N&quot;,
					fulfillmentCenterId: &quot;11576&quot;,
					forStoreId: &quot;10401&quot;,
					
					productDisplayURL: &quot;http://shop.coles.com.au/online/national/graze-grassfed-beef-stirfry&quot;				
			}">
	<form id="catEntryForm_403589" name="catEntryForm_403589" action="http://shop.coles.com.au/online/AjaxOrderChangeServiceItemAdd">
		
<div class=" " data-catentry="catEntry_403589" data-refresh="{
				addCalculationUsage: &quot;-1&quot;,
				langId: &quot;-1&quot;,
				storeId: &quot;10601&quot;, 
				catEntryId: &quot;403589&quot;, 
				catEntryName: &quot;Grassfed Beef Stirfry&quot;, 
				productView: &quot;list&quot;,
				productId: &quot;403589&quot;,
				itemId: &quot;403710&quot;,
				hideMultibuy: &quot;false&quot;,
                ticketType: &quot;&quot;,
                partNumber: &quot;2023765&quot;,
                offerCode: &quot;20140924&quot;
		}">
   	<div class="wrapper clearfix">   	
		

<h4 class="accessibility" id="heading_403589" tabindex="-1">
		Graze&nbsp;Grassfed Beef Stirfry&nbsp;
		500g&nbsp;
		 
</h4> 

<div class="offer-icon"></div>
<a role="presentation" aria-hidden="true" class="product-url" href="http://shop.coles.com.au/online/national/graze-grassfed-beef-stirfry">
	    <img role="presentation" aria-hidden="true" class="photo" src="./beef_files/spacer.gif" onerror="this.src=&#39;/wcsstore/ColesStorefrontAssetStore/dist/e0a775baf05f/images/spacer.gif&#39;" alt="Grassfed Beef Stirfry" width="110" height="110">
	</a>

<div class="detail">	
    <span role="presentation" aria-hidden="true" class="brand">Graze</span>
    <span class="item" role="presentation" aria-hidden="true">
        <a role="presentation" aria-hidden="true" class="product-url" href="http://shop.coles.com.au/online/national/graze-grassfed-beef-stirfry">
        	Grassfed Beef Stirfry&nbsp;
        	500g
        </a>
    </span>
	<span class="size">
			
 	</span>
</div>


	<div class="purchasing">	    
	    <div class="saving">
	    	
	    </div>
	   	
	    		<div class="price"><span class="accessibility">Purchase price </span><small>$</small>9.00</div>
	    	
	    <div class="unit-price"><span class="accessibility">Unit price </span>$18.00 per 1Kg</div>
	    <div class="special-offer">	    	
	    	
	    </div> 
	    <div class="availability">Temporarily unavailable</div>
	    <div class="purchase">
		
			<input type="number" title="Add Quantity for Graze Grassfed Beef Stirfry 500g" name="quantity" id="catEntry_403589_qty" value="1" maxlength="2" size="2" class="v-mandatory v-numeric v-minval-1">
	        <button role="button" type="submit" title="Add to trolley Graze Grassfed Beef Stirfry 500g" class="btn-red action-addToTrolley"><span role="presentation" aria-hidden="true">Add to trolley</span></button>
		
		</div>
	</div>
	<div class="lists">
		
	</div>


	    <div class="actions">
	        			
			   <div class="MUItemForTrolleyDiv MUItemForTrolley_403710" data-catentry="403710">
		         <div class="MUul_403710"><div class="MUli_403710 hidden" aria-hidden="true"><span class="inTrolley"><span class="MUSpan_403710">0</span> in trolley</span></div></div>
		       </div>
		        <p class="clear"></p>
			 
			<div class="member-usuals-remove">
				<a href="http://shop.coles.com.au/online/SearchDisplay?searchTermScope=&multiSearch=&searchType=2&maxPrice=&showResultsPage=true&langId=-1&beginIndex=0&sType=SimpleSearch&browseView=true&metaData=&manufacturer=&resultCatEntryType=&catalogId=10576&pageView=image&minPrice=&urlLangId=-1&categoryId=28164&storeId=10601#" class="action-removeFromUsuals usuals-remove">Remove from list <span class="accessibility">Graze Grassfed Beef Stirfry 500g</span></a>			
			</div>
			
				<div class="list">
					<a href="http://shop.coles.com.au/online/SearchDisplay?searchTermScope=&multiSearch=&searchType=2&maxPrice=&showResultsPage=true&langId=-1&beginIndex=0&sType=SimpleSearch&browseView=true&metaData=&manufacturer=&resultCatEntryType=&catalogId=10576&pageView=image&minPrice=&urlLangId=-1&categoryId=28164&storeId=10601#" class="action-addToList action-list-add">Add to list <span class="accessibility">Graze Grassfed Beef Stirfry 500g</span></a> 
				</div>
				<div class="member-list-add">
					<a href="http://shop.coles.com.au/online/SearchDisplay?searchTermScope=&multiSearch=&searchType=2&maxPrice=&showResultsPage=true&langId=-1&beginIndex=0&sType=SimpleSearch&browseView=true&metaData=&manufacturer=&resultCatEntryType=&catalogId=10576&pageView=image&minPrice=&urlLangId=-1&categoryId=28164&storeId=10601#" class="action-addToList action-list-add">Add to another list <span class="accessibility">Graze Grassfed Beef Stirfry 500g</span></a>
				</div>
			
			<div class="member-list-remove">
				 <a href="http://shop.coles.com.au/online/SearchDisplay?searchTermScope=&multiSearch=&searchType=2&maxPrice=&showResultsPage=true&langId=-1&beginIndex=0&sType=SimpleSearch&browseView=true&metaData=&manufacturer=&resultCatEntryType=&catalogId=10576&pageView=image&minPrice=&urlLangId=-1&categoryId=28164&storeId=10601#" class="action-removeFromList">Remove from list <span class="accessibility">Graze Grassfed Beef Stirfry 500g</span></a> 
			</div>
			
				<div class="compareProd" role="presentation" aria-hidden="true">
					<a href="http://shop.coles.com.au/online/SearchDisplay?searchTermScope=&multiSearch=&searchType=2&maxPrice=&showResultsPage=true&langId=-1&beginIndex=0&sType=SimpleSearch&browseView=true&metaData=&manufacturer=&resultCatEntryType=&catalogId=10576&pageView=image&minPrice=&urlLangId=-1&categoryId=28164&storeId=10601#" class="compare compare-add">Compare</a>
				</div>
			
				<a href="http://shop.coles.com.au/online/national/graze-grassfed-beef-stirfry" class="product-url accessibility">More details for Graze&nbsp;Grassfed Beef Stirfry</a>
			
		</div>  
      

       	
		    <div role="presentation" aria-hidden="true" id="share" class="share" data-social="{productImgUrl:&#39;http://shop.coles.com.au:27900/wcsstore/Coles-CAS/images/2/0/2/2023765-th.jpg&#39;
	                                               ,productDisplayUrl:&#39;http://shop.coles.com.au/online/national/graze-grassfed-beef-stirfry&#39;
	                                               ,title:&#39;Graze Grassfed Beef Stirfry &#39;
	                                               ,description:&#39;&#39;}">
		 	</div>
 		
	</div>
</div>


	</form>
</div>


<span class="available hidden"></span>


<div class="outer-prod prodtile" data-refresh="{
					catalogId: &quot;10576&quot;,
					doInventory: &quot;N&quot;,
					fulfillmentCenterId: &quot;11576&quot;,
					forStoreId: &quot;10401&quot;,
					
					productDisplayURL: &quot;http://shop.coles.com.au/online/national/graze-grassfed-beef-rump-steak-1-piece&quot;				
			}">
	<form id="catEntryForm_403590" name="catEntryForm_403590" action="http://shop.coles.com.au/online/AjaxOrderChangeServiceItemAdd">
		
<div class=" " data-catentry="catEntry_403590" data-refresh="{
				addCalculationUsage: &quot;-1&quot;,
				langId: &quot;-1&quot;,
				storeId: &quot;10601&quot;, 
				catEntryId: &quot;403590&quot;, 
				catEntryName: &quot;Grassfed Beef Rump Steak 1 Piece&quot;, 
				productView: &quot;list&quot;,
				productId: &quot;403590&quot;,
				itemId: &quot;403657&quot;,
				hideMultibuy: &quot;false&quot;,
                ticketType: &quot;&quot;,
                partNumber: &quot;2023743&quot;,
                offerCode: &quot;20150202&quot;
		}">
   	<div class="wrapper clearfix">   	
		

<h4 class="accessibility" id="heading_403590" tabindex="-1">
		Graze&nbsp;Grassfed Beef Rump Steak 1 Piece&nbsp;
		approx. 230g&nbsp;
		 
</h4> 

<div class="offer-icon"></div>
<a role="presentation" aria-hidden="true" class="product-url" href="http://shop.coles.com.au/online/national/graze-grassfed-beef-rump-steak-1-piece">
	    <img role="presentation" aria-hidden="true" class="photo" src="./beef_files/spacer.gif" onerror="this.src=&#39;/wcsstore/ColesStorefrontAssetStore/dist/e0a775baf05f/images/spacer.gif&#39;" alt="Grassfed Beef Rump Steak 1 Piece" width="110" height="110">
	</a>

<div class="detail">	
    <span role="presentation" aria-hidden="true" class="brand">Graze</span>
    <span class="item" role="presentation" aria-hidden="true">
        <a role="presentation" aria-hidden="true" class="product-url" href="http://shop.coles.com.au/online/national/graze-grassfed-beef-rump-steak-1-piece">
        	Grassfed Beef Rump Steak 1 Piece&nbsp;
        	approx. 230g
        </a>
    </span>
	<span class="size">
		Indicated price based on approx. weight. Weight may vary between 200g and 260g.	
 	</span>
</div>


	<div class="purchasing">	    
	    <div class="saving">
	    	
	    </div>
	   	
	    		<div class="price"><span class="accessibility">Purchase price </span><small>$</small>4.83</div>
	    	
	    <div class="unit-price"><span class="accessibility">Unit price </span>$21.00 per 1Kg</div>
	    <div class="special-offer">	    	
	    	
	    </div> 
	    <div class="availability">Temporarily unavailable</div>
	    <div class="purchase">
		
			<input type="number" title="Add Quantity for Graze Grassfed Beef Rump Steak 1 Piece approx. 230g" name="quantity" id="catEntry_403590_qty" value="1" maxlength="2" size="2" class="v-mandatory v-numeric v-minval-1">
	        <button role="button" type="submit" title="Add to trolley Graze Grassfed Beef Rump Steak 1 Piece approx. 230g" class="btn-red action-addToTrolley"><span role="presentation" aria-hidden="true">Add to trolley</span></button>
		
		</div>
	</div>
	<div class="lists">
		
	</div>


	    <div class="actions">
	        			
			   <div class="MUItemForTrolleyDiv MUItemForTrolley_403657" data-catentry="403657">
		         <div class="MUul_403657"><div class="MUli_403657 hidden" aria-hidden="true"><span class="inTrolley"><span class="MUSpan_403657">0</span> in trolley</span></div></div>
		       </div>
		        <p class="clear"></p>
			 
			<div class="member-usuals-remove">
				<a href="http://shop.coles.com.au/online/SearchDisplay?searchTermScope=&multiSearch=&searchType=2&maxPrice=&showResultsPage=true&langId=-1&beginIndex=0&sType=SimpleSearch&browseView=true&metaData=&manufacturer=&resultCatEntryType=&catalogId=10576&pageView=image&minPrice=&urlLangId=-1&categoryId=28164&storeId=10601#" class="action-removeFromUsuals usuals-remove">Remove from list <span class="accessibility">Graze Grassfed Beef Rump Steak 1 Piece approx. 230g</span></a>			
			</div>
			
				<div class="list">
					<a href="http://shop.coles.com.au/online/SearchDisplay?searchTermScope=&multiSearch=&searchType=2&maxPrice=&showResultsPage=true&langId=-1&beginIndex=0&sType=SimpleSearch&browseView=true&metaData=&manufacturer=&resultCatEntryType=&catalogId=10576&pageView=image&minPrice=&urlLangId=-1&categoryId=28164&storeId=10601#" class="action-addToList action-list-add">Add to list <span class="accessibility">Graze Grassfed Beef Rump Steak 1 Piece approx. 230g</span></a> 
				</div>
				<div class="member-list-add">
					<a href="http://shop.coles.com.au/online/SearchDisplay?searchTermScope=&multiSearch=&searchType=2&maxPrice=&showResultsPage=true&langId=-1&beginIndex=0&sType=SimpleSearch&browseView=true&metaData=&manufacturer=&resultCatEntryType=&catalogId=10576&pageView=image&minPrice=&urlLangId=-1&categoryId=28164&storeId=10601#" class="action-addToList action-list-add">Add to another list <span class="accessibility">Graze Grassfed Beef Rump Steak 1 Piece approx. 230g</span></a>
				</div>
			
			<div class="member-list-remove">
				 <a href="http://shop.coles.com.au/online/SearchDisplay?searchTermScope=&multiSearch=&searchType=2&maxPrice=&showResultsPage=true&langId=-1&beginIndex=0&sType=SimpleSearch&browseView=true&metaData=&manufacturer=&resultCatEntryType=&catalogId=10576&pageView=image&minPrice=&urlLangId=-1&categoryId=28164&storeId=10601#" class="action-removeFromList">Remove from list <span class="accessibility">Graze Grassfed Beef Rump Steak 1 Piece approx. 230g</span></a> 
			</div>
			
				<div class="compareProd" role="presentation" aria-hidden="true">
					<a href="http://shop.coles.com.au/online/SearchDisplay?searchTermScope=&multiSearch=&searchType=2&maxPrice=&showResultsPage=true&langId=-1&beginIndex=0&sType=SimpleSearch&browseView=true&metaData=&manufacturer=&resultCatEntryType=&catalogId=10576&pageView=image&minPrice=&urlLangId=-1&categoryId=28164&storeId=10601#" class="compare compare-add">Compare</a>
				</div>
			
				<a href="http://shop.coles.com.au/online/national/graze-grassfed-beef-rump-steak-1-piece" class="product-url accessibility">More details for Graze&nbsp;Grassfed Beef Rump Steak 1 Piece</a>
			
		</div>  
      

       	
		    <div role="presentation" aria-hidden="true" id="share" class="share" data-social="{productImgUrl:&#39;http://shop.coles.com.au:27900/wcsstore/Coles-CAS/images/2/0/2/2023743-th.jpg&#39;
	                                               ,productDisplayUrl:&#39;http://shop.coles.com.au/online/national/graze-grassfed-beef-rump-steak-1-piece&#39;
	                                               ,title:&#39;Graze Grassfed Beef Rump Steak 1 Piece Indicated price based on approx. weight. Weight may vary between 200g and 260g.&#39;
	                                               ,description:&#39;&#39;}">
		 	</div>
 		
	</div>
</div>


	</form>
</div>


<span class="available hidden"></span>


<div class="outer-prod prodtile" data-refresh="{
					catalogId: &quot;10576&quot;,
					doInventory: &quot;N&quot;,
					fulfillmentCenterId: &quot;11576&quot;,
					forStoreId: &quot;10401&quot;,
					
					productDisplayURL: &quot;http://shop.coles.com.au/online/national/king-island-beef-eye-fillet-steak&quot;				
			}">
	<form id="catEntryForm_50013" name="catEntryForm_50013" action="http://shop.coles.com.au/online/AjaxOrderChangeServiceItemAdd">
		
<div class=" " data-catentry="catEntry_50013" data-refresh="{
				addCalculationUsage: &quot;-1&quot;,
				langId: &quot;-1&quot;,
				storeId: &quot;10601&quot;, 
				catEntryId: &quot;50013&quot;, 
				catEntryName: &quot;Beef Eye Fillet Steak 2 Pieces&quot;, 
				productView: &quot;list&quot;,
				productId: &quot;50013&quot;,
				itemId: &quot;119371&quot;,
				hideMultibuy: &quot;false&quot;,
                ticketType: &quot;&quot;,
                partNumber: &quot;7934114&quot;,
                offerCode: &quot;20140326&quot;
		}">
   	<div class="wrapper clearfix">   	
		

<h4 class="accessibility" id="heading_50013" tabindex="-1">
		King Island&nbsp;Beef Eye Fillet Steak 2 Pieces&nbsp;
		approx. 360g&nbsp;
		 
</h4> 

<div class="offer-icon"></div>
<a role="presentation" aria-hidden="true" class="product-url" href="http://shop.coles.com.au/online/national/king-island-beef-eye-fillet-steak">
	    <img role="presentation" aria-hidden="true" class="photo" src="./beef_files/spacer.gif" onerror="this.src=&#39;/wcsstore/ColesStorefrontAssetStore/dist/e0a775baf05f/images/spacer.gif&#39;" alt="Beef Eye Fillet Steak 2 Pieces" width="110" height="110">
	</a>

<div class="detail">	
    <span role="presentation" aria-hidden="true" class="brand">King Island</span>
    <span class="item" role="presentation" aria-hidden="true">
        <a role="presentation" aria-hidden="true" class="product-url" href="http://shop.coles.com.au/online/national/king-island-beef-eye-fillet-steak">
        	Beef Eye Fillet Steak 2 Pieces&nbsp;
        	approx. 360g
        </a>
    </span>
	<span class="size">
		Indicated price based on approx. weight. Weight may vary between 310g and 410kg.	
 	</span>
</div>


	<div class="purchasing">	    
	    <div class="saving">
	    	
	    </div>
	   	
	    		<div class="price"><span class="accessibility">Purchase price </span><small>$</small>17.64</div>
	    	
	    <div class="unit-price"><span class="accessibility">Unit price </span>$49.00 per 1Kg</div>
	    <div class="special-offer">	    	
	    	
	    </div> 
	    <div class="availability">Temporarily unavailable</div>
	    <div class="purchase">
		
			<input type="number" title="Add Quantity for King Island Beef Eye Fillet Steak 2 Pieces approx. 360g" name="quantity" id="catEntry_50013_qty" value="1" maxlength="2" size="2" class="v-mandatory v-numeric v-minval-1">
	        <button role="button" type="submit" title="Add to trolley King Island Beef Eye Fillet Steak 2 Pieces approx. 360g" class="btn-red action-addToTrolley"><span role="presentation" aria-hidden="true">Add to trolley</span></button>
		
		</div>
	</div>
	<div class="lists">
		
	</div>


	    <div class="actions">
	        			
			   <div class="MUItemForTrolleyDiv MUItemForTrolley_119371" data-catentry="119371">
		         <div class="MUul_119371"><div class="MUli_119371 hidden" aria-hidden="true"><span class="inTrolley"><span class="MUSpan_119371">0</span> in trolley</span></div></div>
		       </div>
		        <p class="clear"></p>
			 
			<div class="member-usuals-remove">
				<a href="http://shop.coles.com.au/online/SearchDisplay?searchTermScope=&multiSearch=&searchType=2&maxPrice=&showResultsPage=true&langId=-1&beginIndex=0&sType=SimpleSearch&browseView=true&metaData=&manufacturer=&resultCatEntryType=&catalogId=10576&pageView=image&minPrice=&urlLangId=-1&categoryId=28164&storeId=10601#" class="action-removeFromUsuals usuals-remove">Remove from list <span class="accessibility">King Island Beef Eye Fillet Steak 2 Pieces approx. 360g</span></a>			
			</div>
			
				<div class="list">
					<a href="http://shop.coles.com.au/online/SearchDisplay?searchTermScope=&multiSearch=&searchType=2&maxPrice=&showResultsPage=true&langId=-1&beginIndex=0&sType=SimpleSearch&browseView=true&metaData=&manufacturer=&resultCatEntryType=&catalogId=10576&pageView=image&minPrice=&urlLangId=-1&categoryId=28164&storeId=10601#" class="action-addToList action-list-add">Add to list <span class="accessibility">King Island Beef Eye Fillet Steak 2 Pieces approx. 360g</span></a> 
				</div>
				<div class="member-list-add">
					<a href="http://shop.coles.com.au/online/SearchDisplay?searchTermScope=&multiSearch=&searchType=2&maxPrice=&showResultsPage=true&langId=-1&beginIndex=0&sType=SimpleSearch&browseView=true&metaData=&manufacturer=&resultCatEntryType=&catalogId=10576&pageView=image&minPrice=&urlLangId=-1&categoryId=28164&storeId=10601#" class="action-addToList action-list-add">Add to another list <span class="accessibility">King Island Beef Eye Fillet Steak 2 Pieces approx. 360g</span></a>
				</div>
			
			<div class="member-list-remove">
				 <a href="http://shop.coles.com.au/online/SearchDisplay?searchTermScope=&multiSearch=&searchType=2&maxPrice=&showResultsPage=true&langId=-1&beginIndex=0&sType=SimpleSearch&browseView=true&metaData=&manufacturer=&resultCatEntryType=&catalogId=10576&pageView=image&minPrice=&urlLangId=-1&categoryId=28164&storeId=10601#" class="action-removeFromList">Remove from list <span class="accessibility">King Island Beef Eye Fillet Steak 2 Pieces approx. 360g</span></a> 
			</div>
			
				<div class="compareProd" role="presentation" aria-hidden="true">
					<a href="http://shop.coles.com.au/online/SearchDisplay?searchTermScope=&multiSearch=&searchType=2&maxPrice=&showResultsPage=true&langId=-1&beginIndex=0&sType=SimpleSearch&browseView=true&metaData=&manufacturer=&resultCatEntryType=&catalogId=10576&pageView=image&minPrice=&urlLangId=-1&categoryId=28164&storeId=10601#" class="compare compare-add">Compare</a>
				</div>
			
				<a href="http://shop.coles.com.au/online/national/king-island-beef-eye-fillet-steak" class="product-url accessibility">More details for King Island&nbsp;Beef Eye Fillet Steak 2 Pieces</a>
			
		</div>  
      

       	
		    <div role="presentation" aria-hidden="true" id="share" class="share" data-social="{productImgUrl:&#39;http://shop.coles.com.au:27900/wcsstore/Coles-CAS/images/7/9/3/7934114-th.jpg&#39;
	                                               ,productDisplayUrl:&#39;http://shop.coles.com.au/online/national/king-island-beef-eye-fillet-steak&#39;
	                                               ,title:&#39;King Island Beef Eye Fillet Steak 2 Pieces Indicated price based on approx. weight. Weight may vary between 310g and 410kg.&#39;
	                                               ,description:&#39;&#39;}">
		 	</div>
 		
	</div>
</div>


	</form>
</div>


<span class="available hidden"></span>


<div class="outer-prod prodtile" data-refresh="{
					catalogId: &quot;10576&quot;,
					doInventory: &quot;N&quot;,
					fulfillmentCenterId: &quot;11576&quot;,
					forStoreId: &quot;10401&quot;,
					
					productDisplayURL: &quot;http://shop.coles.com.au/online/national/king-island-beef-rump-steak-with-garlic-butter&quot;				
			}">
	<form id="catEntryForm_58285" name="catEntryForm_58285" action="http://shop.coles.com.au/online/AjaxOrderChangeServiceItemAdd">
		
<div class=" " data-catentry="catEntry_58285" data-refresh="{
				addCalculationUsage: &quot;-1&quot;,
				langId: &quot;-1&quot;,
				storeId: &quot;10601&quot;, 
				catEntryId: &quot;58285&quot;, 
				catEntryName: &quot;Beef Rump Steak&quot;, 
				productView: &quot;list&quot;,
				productId: &quot;58285&quot;,
				itemId: &quot;120679&quot;,
				hideMultibuy: &quot;false&quot;,
                ticketType: &quot;&quot;,
                partNumber: &quot;7934012&quot;,
                offerCode: &quot;20140326&quot;
		}">
   	<div class="wrapper clearfix">   	
		

<h4 class="accessibility" id="heading_58285" tabindex="-1">
		King Island&nbsp;Beef Rump Steak&nbsp;
		approx. 400g&nbsp;
		 
</h4> 

<div class="offer-icon"></div>
<a role="presentation" aria-hidden="true" class="product-url" href="http://shop.coles.com.au/online/national/king-island-beef-rump-steak-with-garlic-butter">
	    <img role="presentation" aria-hidden="true" class="photo" src="./beef_files/spacer.gif" onerror="this.src=&#39;/wcsstore/ColesStorefrontAssetStore/dist/e0a775baf05f/images/spacer.gif&#39;" alt="Beef Rump Steak" width="110" height="110">
	</a>

<div class="detail">	
    <span role="presentation" aria-hidden="true" class="brand">King Island</span>
    <span class="item" role="presentation" aria-hidden="true">
        <a role="presentation" aria-hidden="true" class="product-url" href="http://shop.coles.com.au/online/national/king-island-beef-rump-steak-with-garlic-butter">
        	Beef Rump Steak&nbsp;
        	approx. 400g
        </a>
    </span>
	<span class="size">
		Indicated price based on approx. weight. Weight may vary between 350g and 450g.	
 	</span>
</div>


	<div class="purchasing">	    
	    <div class="saving">
	    	
	    </div>
	   	
	    		<div class="price"><span class="accessibility">Purchase price </span><small>$</small>10.80</div>
	    	
	    <div class="unit-price"><span class="accessibility">Unit price </span>$27.00 per 1Kg</div>
	    <div class="special-offer">	    	
	    	
	    </div> 
	    <div class="availability">Temporarily unavailable</div>
	    <div class="purchase">
		
			<input type="number" title="Add Quantity for King Island Beef Rump Steak approx. 400g" name="quantity" id="catEntry_58285_qty" value="1" maxlength="2" size="2" class="v-mandatory v-numeric v-minval-1">
	        <button role="button" type="submit" title="Add to trolley King Island Beef Rump Steak approx. 400g" class="btn-red action-addToTrolley"><span role="presentation" aria-hidden="true">Add to trolley</span></button>
		
		</div>
	</div>
	<div class="lists">
		
	</div>


	    <div class="actions">
	        			
			   <div class="MUItemForTrolleyDiv MUItemForTrolley_120679" data-catentry="120679">
		         <div class="MUul_120679"><div class="MUli_120679 hidden" aria-hidden="true"><span class="inTrolley"><span class="MUSpan_120679">0</span> in trolley</span></div></div>
		       </div>
		        <p class="clear"></p>
			 
			<div class="member-usuals-remove">
				<a href="http://shop.coles.com.au/online/SearchDisplay?searchTermScope=&multiSearch=&searchType=2&maxPrice=&showResultsPage=true&langId=-1&beginIndex=0&sType=SimpleSearch&browseView=true&metaData=&manufacturer=&resultCatEntryType=&catalogId=10576&pageView=image&minPrice=&urlLangId=-1&categoryId=28164&storeId=10601#" class="action-removeFromUsuals usuals-remove">Remove from list <span class="accessibility">King Island Beef Rump Steak approx. 400g</span></a>			
			</div>
			
				<div class="list">
					<a href="http://shop.coles.com.au/online/SearchDisplay?searchTermScope=&multiSearch=&searchType=2&maxPrice=&showResultsPage=true&langId=-1&beginIndex=0&sType=SimpleSearch&browseView=true&metaData=&manufacturer=&resultCatEntryType=&catalogId=10576&pageView=image&minPrice=&urlLangId=-1&categoryId=28164&storeId=10601#" class="action-addToList action-list-add">Add to list <span class="accessibility">King Island Beef Rump Steak approx. 400g</span></a> 
				</div>
				<div class="member-list-add">
					<a href="http://shop.coles.com.au/online/SearchDisplay?searchTermScope=&multiSearch=&searchType=2&maxPrice=&showResultsPage=true&langId=-1&beginIndex=0&sType=SimpleSearch&browseView=true&metaData=&manufacturer=&resultCatEntryType=&catalogId=10576&pageView=image&minPrice=&urlLangId=-1&categoryId=28164&storeId=10601#" class="action-addToList action-list-add">Add to another list <span class="accessibility">King Island Beef Rump Steak approx. 400g</span></a>
				</div>
			
			<div class="member-list-remove">
				 <a href="http://shop.coles.com.au/online/SearchDisplay?searchTermScope=&multiSearch=&searchType=2&maxPrice=&showResultsPage=true&langId=-1&beginIndex=0&sType=SimpleSearch&browseView=true&metaData=&manufacturer=&resultCatEntryType=&catalogId=10576&pageView=image&minPrice=&urlLangId=-1&categoryId=28164&storeId=10601#" class="action-removeFromList">Remove from list <span class="accessibility">King Island Beef Rump Steak approx. 400g</span></a> 
			</div>
			
				<div class="compareProd" role="presentation" aria-hidden="true">
					<a href="http://shop.coles.com.au/online/SearchDisplay?searchTermScope=&multiSearch=&searchType=2&maxPrice=&showResultsPage=true&langId=-1&beginIndex=0&sType=SimpleSearch&browseView=true&metaData=&manufacturer=&resultCatEntryType=&catalogId=10576&pageView=image&minPrice=&urlLangId=-1&categoryId=28164&storeId=10601#" class="compare compare-add">Compare</a>
				</div>
			
				<a href="http://shop.coles.com.au/online/national/king-island-beef-rump-steak-with-garlic-butter" class="product-url accessibility">More details for King Island&nbsp;Beef Rump Steak</a>
			
		</div>  
      

       	
		    <div role="presentation" aria-hidden="true" id="share" class="share" data-social="{productImgUrl:&#39;http://shop.coles.com.au:27900/wcsstore/Coles-CAS/images/7/9/3/7934012-th.jpg&#39;
	                                               ,productDisplayUrl:&#39;http://shop.coles.com.au/online/national/king-island-beef-rump-steak-with-garlic-butter&#39;
	                                               ,title:&#39;King Island Beef Rump Steak Indicated price based on approx. weight. Weight may vary between 350g and 450g.&#39;
	                                               ,description:&#39;&#39;}">
		 	</div>
 		
	</div>
</div>


	</form>
</div>


<span class="available hidden"></span>


<div class="outer-prod prodtile" data-refresh="{
					catalogId: &quot;10576&quot;,
					doInventory: &quot;N&quot;,
					fulfillmentCenterId: &quot;11576&quot;,
					forStoreId: &quot;10401&quot;,
					
					productDisplayURL: &quot;http://shop.coles.com.au/online/national/cleavers-organic-beef-eye-fillet&quot;				
			}">
	<form id="catEntryForm_65773" name="catEntryForm_65773" action="http://shop.coles.com.au/online/AjaxOrderChangeServiceItemAdd">
		
<div class=" " data-catentry="catEntry_65773" data-refresh="{
				addCalculationUsage: &quot;-1&quot;,
				langId: &quot;-1&quot;,
				storeId: &quot;10601&quot;, 
				catEntryId: &quot;65773&quot;, 
				catEntryName: &quot;Beef Eye Fillet Steak 1-2 Pieces&quot;, 
				productView: &quot;list&quot;,
				productId: &quot;65773&quot;,
				itemId: &quot;131089&quot;,
				hideMultibuy: &quot;false&quot;,
                ticketType: &quot;&quot;,
                partNumber: &quot;7327440&quot;,
                offerCode: &quot;20150202&quot;
		}">
   	<div class="wrapper clearfix">   	
		

<h4 class="accessibility" id="heading_65773" tabindex="-1">
		Cleavers Organic&nbsp;Beef Eye Fillet Steak 1-2 Pieces&nbsp;
		approx. 375g&nbsp;
		 
</h4> 

<div class="offer-icon"></div>
<a role="presentation" aria-hidden="true" class="product-url" href="http://shop.coles.com.au/online/national/cleavers-organic-beef-eye-fillet">
	    <img role="presentation" aria-hidden="true" class="photo" src="./beef_files/spacer.gif" onerror="this.src=&#39;/wcsstore/ColesStorefrontAssetStore/dist/e0a775baf05f/images/spacer.gif&#39;" alt="Beef Eye Fillet Steak 1-2 Pieces" width="110" height="110">
	</a>

<div class="detail">	
    <span role="presentation" aria-hidden="true" class="brand">Cleavers Organic</span>
    <span class="item" role="presentation" aria-hidden="true">
        <a role="presentation" aria-hidden="true" class="product-url" href="http://shop.coles.com.au/online/national/cleavers-organic-beef-eye-fillet">
        	Beef Eye Fillet Steak 1-2 Pieces&nbsp;
        	approx. 375g
        </a>
    </span>
	<span class="size">
		Indicated price based on approx. weight. Weight may vary between 325g and 425g.	
 	</span>
</div>


	<div class="purchasing">	    
	    <div class="saving">
	    	
	    </div>
	   	
	    		<div class="price"><span class="accessibility">Purchase price </span><small>$</small>18.75</div>
	    	
	    <div class="unit-price"><span class="accessibility">Unit price </span>$50.00 per 1Kg</div>
	    <div class="special-offer">	    	
	    	
	    </div> 
	    <div class="availability">Temporarily unavailable</div>
	    <div class="purchase">
		
			<input type="number" title="Add Quantity for Cleavers Organic Beef Eye Fillet Steak 1-2 Pieces approx. 375g" name="quantity" id="catEntry_65773_qty" value="1" maxlength="2" size="2" class="v-mandatory v-numeric v-minval-1">
	        <button role="button" type="submit" title="Add to trolley Cleavers Organic Beef Eye Fillet Steak 1-2 Pieces approx. 375g" class="btn-red action-addToTrolley"><span role="presentation" aria-hidden="true">Add to trolley</span></button>
		
		</div>
	</div>
	<div class="lists">
		
	</div>


	    <div class="actions">
	        			
			   <div class="MUItemForTrolleyDiv MUItemForTrolley_131089" data-catentry="131089">
		         <div class="MUul_131089"><div class="MUli_131089 hidden" aria-hidden="true"><span class="inTrolley"><span class="MUSpan_131089">0</span> in trolley</span></div></div>
		       </div>
		        <p class="clear"></p>
			 
			<div class="member-usuals-remove">
				<a href="http://shop.coles.com.au/online/SearchDisplay?searchTermScope=&multiSearch=&searchType=2&maxPrice=&showResultsPage=true&langId=-1&beginIndex=0&sType=SimpleSearch&browseView=true&metaData=&manufacturer=&resultCatEntryType=&catalogId=10576&pageView=image&minPrice=&urlLangId=-1&categoryId=28164&storeId=10601#" class="action-removeFromUsuals usuals-remove">Remove from list <span class="accessibility">Cleavers Organic Beef Eye Fillet Steak 1-2 Pieces approx. 375g</span></a>			
			</div>
			
				<div class="list">
					<a href="http://shop.coles.com.au/online/SearchDisplay?searchTermScope=&multiSearch=&searchType=2&maxPrice=&showResultsPage=true&langId=-1&beginIndex=0&sType=SimpleSearch&browseView=true&metaData=&manufacturer=&resultCatEntryType=&catalogId=10576&pageView=image&minPrice=&urlLangId=-1&categoryId=28164&storeId=10601#" class="action-addToList action-list-add">Add to list <span class="accessibility">Cleavers Organic Beef Eye Fillet Steak 1-2 Pieces approx. 375g</span></a> 
				</div>
				<div class="member-list-add">
					<a href="http://shop.coles.com.au/online/SearchDisplay?searchTermScope=&multiSearch=&searchType=2&maxPrice=&showResultsPage=true&langId=-1&beginIndex=0&sType=SimpleSearch&browseView=true&metaData=&manufacturer=&resultCatEntryType=&catalogId=10576&pageView=image&minPrice=&urlLangId=-1&categoryId=28164&storeId=10601#" class="action-addToList action-list-add">Add to another list <span class="accessibility">Cleavers Organic Beef Eye Fillet Steak 1-2 Pieces approx. 375g</span></a>
				</div>
			
			<div class="member-list-remove">
				 <a href="http://shop.coles.com.au/online/SearchDisplay?searchTermScope=&multiSearch=&searchType=2&maxPrice=&showResultsPage=true&langId=-1&beginIndex=0&sType=SimpleSearch&browseView=true&metaData=&manufacturer=&resultCatEntryType=&catalogId=10576&pageView=image&minPrice=&urlLangId=-1&categoryId=28164&storeId=10601#" class="action-removeFromList">Remove from list <span class="accessibility">Cleavers Organic Beef Eye Fillet Steak 1-2 Pieces approx. 375g</span></a> 
			</div>
			
				<div class="compareProd" role="presentation" aria-hidden="true">
					<a href="http://shop.coles.com.au/online/SearchDisplay?searchTermScope=&multiSearch=&searchType=2&maxPrice=&showResultsPage=true&langId=-1&beginIndex=0&sType=SimpleSearch&browseView=true&metaData=&manufacturer=&resultCatEntryType=&catalogId=10576&pageView=image&minPrice=&urlLangId=-1&categoryId=28164&storeId=10601#" class="compare compare-add">Compare</a>
				</div>
			
				<a href="http://shop.coles.com.au/online/national/cleavers-organic-beef-eye-fillet" class="product-url accessibility">More details for Cleavers Organic&nbsp;Beef Eye Fillet Steak 1-2 Pieces</a>
			
		</div>  
      

       	
		    <div role="presentation" aria-hidden="true" id="share" class="share" data-social="{productImgUrl:&#39;http://shop.coles.com.au:27900/wcsstore/Coles-CAS/images/7/3/2/7327440-th.jpg&#39;
	                                               ,productDisplayUrl:&#39;http://shop.coles.com.au/online/national/cleavers-organic-beef-eye-fillet&#39;
	                                               ,title:&#39;Cleavers Organic Beef Eye Fillet Steak 1-2 Pieces Indicated price based on approx. weight. Weight may vary between 325g and 425g.&#39;
	                                               ,description:&#39;&#39;}">
		 	</div>
 		
	</div>
</div>


	</form>
</div>


<span class="available hidden"></span>


<div class="outer-prod prodtile" data-refresh="{
					catalogId: &quot;10576&quot;,
					doInventory: &quot;N&quot;,
					fulfillmentCenterId: &quot;11576&quot;,
					forStoreId: &quot;10401&quot;,
					
					productDisplayURL: &quot;http://shop.coles.com.au/online/national/cleavers-organic-beef-scotch-steak&quot;				
			}">
	<form id="catEntryForm_66963" name="catEntryForm_66963" action="http://shop.coles.com.au/online/AjaxOrderChangeServiceItemAdd">
		
<div class=" " data-catentry="catEntry_66963" data-refresh="{
				addCalculationUsage: &quot;-1&quot;,
				langId: &quot;-1&quot;,
				storeId: &quot;10601&quot;, 
				catEntryId: &quot;66963&quot;, 
				catEntryName: &quot;Beef Scotch Steak 1 Piece&quot;, 
				productView: &quot;list&quot;,
				productId: &quot;66963&quot;,
				itemId: &quot;129219&quot;,
				hideMultibuy: &quot;false&quot;,
                ticketType: &quot;&quot;,
                partNumber: &quot;7327789&quot;,
                offerCode: &quot;20150202&quot;
		}">
   	<div class="wrapper clearfix">   	
		

<h4 class="accessibility" id="heading_66963" tabindex="-1">
		Cleavers Organic&nbsp;Beef Scotch Steak 1 Piece&nbsp;
		approx. 400g&nbsp;
		 
</h4> 

<div class="offer-icon"></div>
<a role="presentation" aria-hidden="true" class="product-url" href="http://shop.coles.com.au/online/national/cleavers-organic-beef-scotch-steak">
	    <img role="presentation" aria-hidden="true" class="photo" src="./beef_files/spacer.gif" onerror="this.src=&#39;/wcsstore/ColesStorefrontAssetStore/dist/e0a775baf05f/images/spacer.gif&#39;" alt="Beef Scotch Steak 1 Piece" width="110" height="110">
	</a>

<div class="detail">	
    <span role="presentation" aria-hidden="true" class="brand">Cleavers Organic</span>
    <span class="item" role="presentation" aria-hidden="true">
        <a role="presentation" aria-hidden="true" class="product-url" href="http://shop.coles.com.au/online/national/cleavers-organic-beef-scotch-steak">
        	Beef Scotch Steak 1 Piece&nbsp;
        	approx. 400g
        </a>
    </span>
	<span class="size">
		Indicated price based on approx. weight. Weight may vary between 350g and 450g.	
 	</span>
</div>


	<div class="purchasing">	    
	    <div class="saving">
	    	
	    </div>
	   	
	    		<div class="price"><span class="accessibility">Purchase price </span><small>$</small>16.00</div>
	    	
	    <div class="unit-price"><span class="accessibility">Unit price </span>$40.00 per 1Kg</div>
	    <div class="special-offer">	    	
	    	
	    </div> 
	    <div class="availability">Temporarily unavailable</div>
	    <div class="purchase">
		
			<input type="number" title="Add Quantity for Cleavers Organic Beef Scotch Steak 1 Piece approx. 400g" name="quantity" id="catEntry_66963_qty" value="1" maxlength="2" size="2" class="v-mandatory v-numeric v-minval-1">
	        <button role="button" type="submit" title="Add to trolley Cleavers Organic Beef Scotch Steak 1 Piece approx. 400g" class="btn-red action-addToTrolley"><span role="presentation" aria-hidden="true">Add to trolley</span></button>
		
		</div>
	</div>
	<div class="lists">
		
	</div>


	    <div class="actions">
	        			
			   <div class="MUItemForTrolleyDiv MUItemForTrolley_129219" data-catentry="129219">
		         <div class="MUul_129219"><div class="MUli_129219 hidden" aria-hidden="true"><span class="inTrolley"><span class="MUSpan_129219">0</span> in trolley</span></div></div>
		       </div>
		        <p class="clear"></p>
			 
			<div class="member-usuals-remove">
				<a href="http://shop.coles.com.au/online/SearchDisplay?searchTermScope=&multiSearch=&searchType=2&maxPrice=&showResultsPage=true&langId=-1&beginIndex=0&sType=SimpleSearch&browseView=true&metaData=&manufacturer=&resultCatEntryType=&catalogId=10576&pageView=image&minPrice=&urlLangId=-1&categoryId=28164&storeId=10601#" class="action-removeFromUsuals usuals-remove">Remove from list <span class="accessibility">Cleavers Organic Beef Scotch Steak 1 Piece approx. 400g</span></a>			
			</div>
			
				<div class="list">
					<a href="http://shop.coles.com.au/online/SearchDisplay?searchTermScope=&multiSearch=&searchType=2&maxPrice=&showResultsPage=true&langId=-1&beginIndex=0&sType=SimpleSearch&browseView=true&metaData=&manufacturer=&resultCatEntryType=&catalogId=10576&pageView=image&minPrice=&urlLangId=-1&categoryId=28164&storeId=10601#" class="action-addToList action-list-add">Add to list <span class="accessibility">Cleavers Organic Beef Scotch Steak 1 Piece approx. 400g</span></a> 
				</div>
				<div class="member-list-add">
					<a href="http://shop.coles.com.au/online/SearchDisplay?searchTermScope=&multiSearch=&searchType=2&maxPrice=&showResultsPage=true&langId=-1&beginIndex=0&sType=SimpleSearch&browseView=true&metaData=&manufacturer=&resultCatEntryType=&catalogId=10576&pageView=image&minPrice=&urlLangId=-1&categoryId=28164&storeId=10601#" class="action-addToList action-list-add">Add to another list <span class="accessibility">Cleavers Organic Beef Scotch Steak 1 Piece approx. 400g</span></a>
				</div>
			
			<div class="member-list-remove">
				 <a href="http://shop.coles.com.au/online/SearchDisplay?searchTermScope=&multiSearch=&searchType=2&maxPrice=&showResultsPage=true&langId=-1&beginIndex=0&sType=SimpleSearch&browseView=true&metaData=&manufacturer=&resultCatEntryType=&catalogId=10576&pageView=image&minPrice=&urlLangId=-1&categoryId=28164&storeId=10601#" class="action-removeFromList">Remove from list <span class="accessibility">Cleavers Organic Beef Scotch Steak 1 Piece approx. 400g</span></a> 
			</div>
			
				<div class="compareProd" role="presentation" aria-hidden="true">
					<a href="http://shop.coles.com.au/online/SearchDisplay?searchTermScope=&multiSearch=&searchType=2&maxPrice=&showResultsPage=true&langId=-1&beginIndex=0&sType=SimpleSearch&browseView=true&metaData=&manufacturer=&resultCatEntryType=&catalogId=10576&pageView=image&minPrice=&urlLangId=-1&categoryId=28164&storeId=10601#" class="compare compare-add">Compare</a>
				</div>
			
				<a href="http://shop.coles.com.au/online/national/cleavers-organic-beef-scotch-steak" class="product-url accessibility">More details for Cleavers Organic&nbsp;Beef Scotch Steak 1 Piece</a>
			
		</div>  
      

       	
		    <div role="presentation" aria-hidden="true" id="share" class="share" data-social="{productImgUrl:&#39;http://shop.coles.com.au:27900/wcsstore/Coles-CAS/images/7/3/2/7327789-th.jpg&#39;
	                                               ,productDisplayUrl:&#39;http://shop.coles.com.au/online/national/cleavers-organic-beef-scotch-steak&#39;
	                                               ,title:&#39;Cleavers Organic Beef Scotch Steak 1 Piece Indicated price based on approx. weight. Weight may vary between 350g and 450g.&#39;
	                                               ,description:&#39;&#39;}">
		 	</div>
 		
	</div>
</div>


	</form>
</div>


<span class="available hidden"></span>


<div class="outer-prod prodtile" data-refresh="{
					catalogId: &quot;10576&quot;,
					doInventory: &quot;N&quot;,
					fulfillmentCenterId: &quot;11576&quot;,
					forStoreId: &quot;10401&quot;,
					
					productDisplayURL: &quot;http://shop.coles.com.au/online/national/coles-beef-ox-heart&quot;				
			}">
	<form id="catEntryForm_10186" name="catEntryForm_10186" action="http://shop.coles.com.au/online/AjaxOrderChangeServiceItemAdd">
		
<div class=" " data-catentry="catEntry_10186" data-refresh="{
				addCalculationUsage: &quot;-1&quot;,
				langId: &quot;-1&quot;,
				storeId: &quot;10601&quot;, 
				catEntryId: &quot;10186&quot;, 
				catEntryName: &quot;Ox Heart&quot;, 
				productView: &quot;list&quot;,
				productId: &quot;10186&quot;,
				itemId: &quot;30499&quot;,
				hideMultibuy: &quot;false&quot;,
                ticketType: &quot;&quot;,
                partNumber: &quot;9672948&quot;,
                offerCode: &quot;20130509&quot;
		}">
   	<div class="wrapper clearfix">   	
		

<h4 class="accessibility" id="heading_10186" tabindex="-1">
		Coles&nbsp;Ox Heart&nbsp;
		approx. 700g&nbsp;
		 
</h4> 

<div class="offer-icon"></div>
<a role="presentation" aria-hidden="true" class="product-url" href="http://shop.coles.com.au/online/national/coles-beef-ox-heart">
	    <img role="presentation" aria-hidden="true" class="photo" src="./beef_files/spacer.gif" onerror="this.src=&#39;/wcsstore/ColesStorefrontAssetStore/dist/e0a775baf05f/images/spacer.gif&#39;" alt="Ox Heart" width="110" height="110">
	</a>

<div class="detail">	
    <span role="presentation" aria-hidden="true" class="brand">Coles</span>
    <span class="item" role="presentation" aria-hidden="true">
        <a role="presentation" aria-hidden="true" class="product-url" href="http://shop.coles.com.au/online/national/coles-beef-ox-heart">
        	Ox Heart&nbsp;
        	approx. 700g
        </a>
    </span>
	<span class="size">
		Indicated price based on approx. weight. Weight may vary between 650g and 750g.	
 	</span>
</div>


	<div class="purchasing">	    
	    <div class="saving">
	    	
	    </div>
	   	
	    		<div class="price"><span class="accessibility">Purchase price </span><small>$</small>3.50</div>
	    	
	    <div class="unit-price"><span class="accessibility">Unit price </span>$5.00 per 1Kg</div>
	    <div class="special-offer">	    	
	    	
	    </div> 
	    <div class="availability">Temporarily unavailable</div>
	    <div class="purchase">
		
			<input type="number" title="Add Quantity for Coles Ox Heart approx. 700g" name="quantity" id="catEntry_10186_qty" value="1" maxlength="2" size="2" class="v-mandatory v-numeric v-minval-1">
	        <button role="button" type="submit" title="Add to trolley Coles Ox Heart approx. 700g" class="btn-red action-addToTrolley"><span role="presentation" aria-hidden="true">Add to trolley</span></button>
		
		</div>
	</div>
	<div class="lists">
		
	</div>


	    <div class="actions">
	        			
			   <div class="MUItemForTrolleyDiv MUItemForTrolley_30499" data-catentry="30499">
		         <div class="MUul_30499"><div class="MUli_30499 hidden" aria-hidden="true"><span class="inTrolley"><span class="MUSpan_30499">0</span> in trolley</span></div></div>
		       </div>
		        <p class="clear"></p>
			 
			<div class="member-usuals-remove">
				<a href="http://shop.coles.com.au/online/SearchDisplay?searchTermScope=&multiSearch=&searchType=2&maxPrice=&showResultsPage=true&langId=-1&beginIndex=0&sType=SimpleSearch&browseView=true&metaData=&manufacturer=&resultCatEntryType=&catalogId=10576&pageView=image&minPrice=&urlLangId=-1&categoryId=28164&storeId=10601#" class="action-removeFromUsuals usuals-remove">Remove from list <span class="accessibility">Coles Ox Heart approx. 700g</span></a>			
			</div>
			
				<div class="list">
					<a href="http://shop.coles.com.au/online/SearchDisplay?searchTermScope=&multiSearch=&searchType=2&maxPrice=&showResultsPage=true&langId=-1&beginIndex=0&sType=SimpleSearch&browseView=true&metaData=&manufacturer=&resultCatEntryType=&catalogId=10576&pageView=image&minPrice=&urlLangId=-1&categoryId=28164&storeId=10601#" class="action-addToList action-list-add">Add to list <span class="accessibility">Coles Ox Heart approx. 700g</span></a> 
				</div>
				<div class="member-list-add">
					<a href="http://shop.coles.com.au/online/SearchDisplay?searchTermScope=&multiSearch=&searchType=2&maxPrice=&showResultsPage=true&langId=-1&beginIndex=0&sType=SimpleSearch&browseView=true&metaData=&manufacturer=&resultCatEntryType=&catalogId=10576&pageView=image&minPrice=&urlLangId=-1&categoryId=28164&storeId=10601#" class="action-addToList action-list-add">Add to another list <span class="accessibility">Coles Ox Heart approx. 700g</span></a>
				</div>
			
			<div class="member-list-remove">
				 <a href="http://shop.coles.com.au/online/SearchDisplay?searchTermScope=&multiSearch=&searchType=2&maxPrice=&showResultsPage=true&langId=-1&beginIndex=0&sType=SimpleSearch&browseView=true&metaData=&manufacturer=&resultCatEntryType=&catalogId=10576&pageView=image&minPrice=&urlLangId=-1&categoryId=28164&storeId=10601#" class="action-removeFromList">Remove from list <span class="accessibility">Coles Ox Heart approx. 700g</span></a> 
			</div>
			
				<div class="compareProd" role="presentation" aria-hidden="true">
					<a href="http://shop.coles.com.au/online/SearchDisplay?searchTermScope=&multiSearch=&searchType=2&maxPrice=&showResultsPage=true&langId=-1&beginIndex=0&sType=SimpleSearch&browseView=true&metaData=&manufacturer=&resultCatEntryType=&catalogId=10576&pageView=image&minPrice=&urlLangId=-1&categoryId=28164&storeId=10601#" class="compare compare-add">Compare</a>
				</div>
			
				<a href="http://shop.coles.com.au/online/national/coles-beef-ox-heart" class="product-url accessibility">More details for Coles&nbsp;Ox Heart</a>
			
		</div>  
      

       	
		    <div role="presentation" aria-hidden="true" id="share" class="share" data-social="{productImgUrl:&#39;http://shop.coles.com.au:27900/wcsstore/Coles-CAS/images/9/6/7/9672948-th.jpg&#39;
	                                               ,productDisplayUrl:&#39;http://shop.coles.com.au/online/national/coles-beef-ox-heart&#39;
	                                               ,title:&#39;Coles Ox Heart Indicated price based on approx. weight. Weight may vary between 650g and 750g.&#39;
	                                               ,description:&#39;&#39;}">
		 	</div>
 		
	</div>
</div>


	</form>
</div>


<span class="available hidden"></span>


<div class="outer-prod prodtile" data-refresh="{
					catalogId: &quot;10576&quot;,
					doInventory: &quot;N&quot;,
					fulfillmentCenterId: &quot;11576&quot;,
					forStoreId: &quot;10401&quot;,
					
					productDisplayURL: &quot;http://shop.coles.com.au/online/national/coles-beef-sandwich-steak&quot;				
			}">
	<form id="catEntryForm_16647" name="catEntryForm_16647" action="http://shop.coles.com.au/online/AjaxOrderChangeServiceItemAdd">
		
<div class=" " data-catentry="catEntry_16647" data-refresh="{
				addCalculationUsage: &quot;-1&quot;,
				langId: &quot;-1&quot;,
				storeId: &quot;10601&quot;, 
				catEntryId: &quot;16647&quot;, 
				catEntryName: &quot;Beef Sandwich Steak&quot;, 
				productView: &quot;list&quot;,
				productId: &quot;16647&quot;,
				itemId: &quot;29720&quot;,
				hideMultibuy: &quot;false&quot;,
                ticketType: &quot;&quot;,
                partNumber: &quot;434645&quot;,
                offerCode: &quot;20130509&quot;
		}">
   	<div class="wrapper clearfix">   	
		

<h4 class="accessibility" id="heading_16647" tabindex="-1">
		Coles&nbsp;Beef Sandwich Steak&nbsp;
		approx. 200g&nbsp;
		 
</h4> 

<div class="offer-icon"></div>
<a role="presentation" aria-hidden="true" class="product-url" href="http://shop.coles.com.au/online/national/coles-beef-sandwich-steak">
	    <img role="presentation" aria-hidden="true" class="photo" src="./beef_files/spacer.gif" onerror="this.src=&#39;/wcsstore/ColesStorefrontAssetStore/dist/e0a775baf05f/images/spacer.gif&#39;" alt="Beef Sandwich Steak" width="110" height="110">
	</a>

<div class="detail">	
    <span role="presentation" aria-hidden="true" class="brand">Coles</span>
    <span class="item" role="presentation" aria-hidden="true">
        <a role="presentation" aria-hidden="true" class="product-url" href="http://shop.coles.com.au/online/national/coles-beef-sandwich-steak">
        	Beef Sandwich Steak&nbsp;
        	approx. 200g
        </a>
    </span>
	<span class="size">
		Indicated price based on approx. weight. Weight may vary between 175g and 225g.	
 	</span>
</div>


	<div class="purchasing">	    
	    <div class="saving">
	    	
	    </div>
	   	
	    		<div class="price"><span class="accessibility">Purchase price </span><small>$</small>2.99</div>
	    	
	    <div class="unit-price"><span class="accessibility">Unit price </span>$14.94 per 1Kg</div>
	    <div class="special-offer">	    	
	    	
	    </div> 
	    <div class="availability">Temporarily unavailable</div>
	    <div class="purchase">
		
			<input type="number" title="Add Quantity for Coles Beef Sandwich Steak approx. 200g" name="quantity" id="catEntry_16647_qty" value="1" maxlength="2" size="2" class="v-mandatory v-numeric v-minval-1">
	        <button role="button" type="submit" title="Add to trolley Coles Beef Sandwich Steak approx. 200g" class="btn-red action-addToTrolley"><span role="presentation" aria-hidden="true">Add to trolley</span></button>
		
		</div>
	</div>
	<div class="lists">
		
	</div>


	    <div class="actions">
	        			
			   <div class="MUItemForTrolleyDiv MUItemForTrolley_29720" data-catentry="29720">
		         <div class="MUul_29720"><div class="MUli_29720 hidden" aria-hidden="true"><span class="inTrolley"><span class="MUSpan_29720">0</span> in trolley</span></div></div>
		       </div>
		        <p class="clear"></p>
			 
			<div class="member-usuals-remove">
				<a href="http://shop.coles.com.au/online/SearchDisplay?searchTermScope=&multiSearch=&searchType=2&maxPrice=&showResultsPage=true&langId=-1&beginIndex=0&sType=SimpleSearch&browseView=true&metaData=&manufacturer=&resultCatEntryType=&catalogId=10576&pageView=image&minPrice=&urlLangId=-1&categoryId=28164&storeId=10601#" class="action-removeFromUsuals usuals-remove">Remove from list <span class="accessibility">Coles Beef Sandwich Steak approx. 200g</span></a>			
			</div>
			
				<div class="list">
					<a href="http://shop.coles.com.au/online/SearchDisplay?searchTermScope=&multiSearch=&searchType=2&maxPrice=&showResultsPage=true&langId=-1&beginIndex=0&sType=SimpleSearch&browseView=true&metaData=&manufacturer=&resultCatEntryType=&catalogId=10576&pageView=image&minPrice=&urlLangId=-1&categoryId=28164&storeId=10601#" class="action-addToList action-list-add">Add to list <span class="accessibility">Coles Beef Sandwich Steak approx. 200g</span></a> 
				</div>
				<div class="member-list-add">
					<a href="http://shop.coles.com.au/online/SearchDisplay?searchTermScope=&multiSearch=&searchType=2&maxPrice=&showResultsPage=true&langId=-1&beginIndex=0&sType=SimpleSearch&browseView=true&metaData=&manufacturer=&resultCatEntryType=&catalogId=10576&pageView=image&minPrice=&urlLangId=-1&categoryId=28164&storeId=10601#" class="action-addToList action-list-add">Add to another list <span class="accessibility">Coles Beef Sandwich Steak approx. 200g</span></a>
				</div>
			
			<div class="member-list-remove">
				 <a href="http://shop.coles.com.au/online/SearchDisplay?searchTermScope=&multiSearch=&searchType=2&maxPrice=&showResultsPage=true&langId=-1&beginIndex=0&sType=SimpleSearch&browseView=true&metaData=&manufacturer=&resultCatEntryType=&catalogId=10576&pageView=image&minPrice=&urlLangId=-1&categoryId=28164&storeId=10601#" class="action-removeFromList">Remove from list <span class="accessibility">Coles Beef Sandwich Steak approx. 200g</span></a> 
			</div>
			
				<div class="compareProd" role="presentation" aria-hidden="true">
					<a href="http://shop.coles.com.au/online/SearchDisplay?searchTermScope=&multiSearch=&searchType=2&maxPrice=&showResultsPage=true&langId=-1&beginIndex=0&sType=SimpleSearch&browseView=true&metaData=&manufacturer=&resultCatEntryType=&catalogId=10576&pageView=image&minPrice=&urlLangId=-1&categoryId=28164&storeId=10601#" class="compare compare-add">Compare</a>
				</div>
			
				<a href="http://shop.coles.com.au/online/national/coles-beef-sandwich-steak" class="product-url accessibility">More details for Coles&nbsp;Beef Sandwich Steak</a>
			
		</div>  
      

       	
		    <div role="presentation" aria-hidden="true" id="share" class="share" data-social="{productImgUrl:&#39;http://shop.coles.com.au:27900/wcsstore/Coles-CAS/images/4/3/4/434645-th.jpg&#39;
	                                               ,productDisplayUrl:&#39;http://shop.coles.com.au/online/national/coles-beef-sandwich-steak&#39;
	                                               ,title:&#39;Coles Beef Sandwich Steak Indicated price based on approx. weight. Weight may vary between 175g and 225g.&#39;
	                                               ,description:&#39;&#39;}">
		 	</div>
 		
	</div>
</div>


	</form>
</div>


<span class="available hidden"></span>


<div class="outer-prod prodtile" data-refresh="{
					catalogId: &quot;10576&quot;,
					doInventory: &quot;N&quot;,
					fulfillmentCenterId: &quot;11576&quot;,
					forStoreId: &quot;10401&quot;,
					
					productDisplayURL: &quot;http://shop.coles.com.au/online/national/coles-beef-gravy-casserole-steak&quot;				
			}">
	<form id="catEntryForm_22054" name="catEntryForm_22054" action="http://shop.coles.com.au/online/AjaxOrderChangeServiceItemAdd">
		
<div class=" " data-catentry="catEntry_22054" data-refresh="{
				addCalculationUsage: &quot;-1&quot;,
				langId: &quot;-1&quot;,
				storeId: &quot;10601&quot;, 
				catEntryId: &quot;22054&quot;, 
				catEntryName: &quot;Gravy Beef Casserole Steak&quot;, 
				productView: &quot;list&quot;,
				productId: &quot;22054&quot;,
				itemId: &quot;37572&quot;,
				hideMultibuy: &quot;false&quot;,
                ticketType: &quot;&quot;,
                partNumber: &quot;434259&quot;,
                offerCode: &quot;20140912&quot;
		}">
   	<div class="wrapper clearfix">   	
		

<h4 class="accessibility" id="heading_22054" tabindex="-1">
		Coles&nbsp;Gravy Beef Casserole Steak&nbsp;
		approx. 550g&nbsp;
		 
</h4> 

<div class="offer-icon"></div>
<a role="presentation" aria-hidden="true" class="product-url" href="http://shop.coles.com.au/online/national/coles-beef-gravy-casserole-steak">
	    <img role="presentation" aria-hidden="true" class="photo" src="./beef_files/spacer.gif" onerror="this.src=&#39;/wcsstore/ColesStorefrontAssetStore/dist/e0a775baf05f/images/spacer.gif&#39;" alt="Gravy Beef Casserole Steak" width="110" height="110">
	</a>

<div class="detail">	
    <span role="presentation" aria-hidden="true" class="brand">Coles</span>
    <span class="item" role="presentation" aria-hidden="true">
        <a role="presentation" aria-hidden="true" class="product-url" href="http://shop.coles.com.au/online/national/coles-beef-gravy-casserole-steak">
        	Gravy Beef Casserole Steak&nbsp;
        	approx. 550g
        </a>
    </span>
	<span class="size">
		Indicated price based on approx. weight. Weight may vary between 500g and 600g.	
 	</span>
</div>


	<div class="purchasing">	    
	    <div class="saving">
	    	
	    </div>
	   	
	    		<div class="price"><span class="accessibility">Purchase price </span><small>$</small>6.05</div>
	    	
	    <div class="unit-price"><span class="accessibility">Unit price </span>$11.00 per 1Kg</div>
	    <div class="special-offer">	    	
	    	
	    </div> 
	    <div class="availability">Temporarily unavailable</div>
	    <div class="purchase">
		
			<input type="number" title="Add Quantity for Coles Gravy Beef Casserole Steak approx. 550g" name="quantity" id="catEntry_22054_qty" value="1" maxlength="2" size="2" class="v-mandatory v-numeric v-minval-1">
	        <button role="button" type="submit" title="Add to trolley Coles Gravy Beef Casserole Steak approx. 550g" class="btn-red action-addToTrolley"><span role="presentation" aria-hidden="true">Add to trolley</span></button>
		
		</div>
	</div>
	<div class="lists">
		
	</div>


	    <div class="actions">
	        			
			   <div class="MUItemForTrolleyDiv MUItemForTrolley_37572" data-catentry="37572">
		         <div class="MUul_37572"><div class="MUli_37572 hidden" aria-hidden="true"><span class="inTrolley"><span class="MUSpan_37572">0</span> in trolley</span></div></div>
		       </div>
		        <p class="clear"></p>
			 
			<div class="member-usuals-remove">
				<a href="http://shop.coles.com.au/online/SearchDisplay?searchTermScope=&multiSearch=&searchType=2&maxPrice=&showResultsPage=true&langId=-1&beginIndex=0&sType=SimpleSearch&browseView=true&metaData=&manufacturer=&resultCatEntryType=&catalogId=10576&pageView=image&minPrice=&urlLangId=-1&categoryId=28164&storeId=10601#" class="action-removeFromUsuals usuals-remove">Remove from list <span class="accessibility">Coles Gravy Beef Casserole Steak approx. 550g</span></a>			
			</div>
			
				<div class="list">
					<a href="http://shop.coles.com.au/online/SearchDisplay?searchTermScope=&multiSearch=&searchType=2&maxPrice=&showResultsPage=true&langId=-1&beginIndex=0&sType=SimpleSearch&browseView=true&metaData=&manufacturer=&resultCatEntryType=&catalogId=10576&pageView=image&minPrice=&urlLangId=-1&categoryId=28164&storeId=10601#" class="action-addToList action-list-add">Add to list <span class="accessibility">Coles Gravy Beef Casserole Steak approx. 550g</span></a> 
				</div>
				<div class="member-list-add">
					<a href="http://shop.coles.com.au/online/SearchDisplay?searchTermScope=&multiSearch=&searchType=2&maxPrice=&showResultsPage=true&langId=-1&beginIndex=0&sType=SimpleSearch&browseView=true&metaData=&manufacturer=&resultCatEntryType=&catalogId=10576&pageView=image&minPrice=&urlLangId=-1&categoryId=28164&storeId=10601#" class="action-addToList action-list-add">Add to another list <span class="accessibility">Coles Gravy Beef Casserole Steak approx. 550g</span></a>
				</div>
			
			<div class="member-list-remove">
				 <a href="http://shop.coles.com.au/online/SearchDisplay?searchTermScope=&multiSearch=&searchType=2&maxPrice=&showResultsPage=true&langId=-1&beginIndex=0&sType=SimpleSearch&browseView=true&metaData=&manufacturer=&resultCatEntryType=&catalogId=10576&pageView=image&minPrice=&urlLangId=-1&categoryId=28164&storeId=10601#" class="action-removeFromList">Remove from list <span class="accessibility">Coles Gravy Beef Casserole Steak approx. 550g</span></a> 
			</div>
			
				<div class="compareProd" role="presentation" aria-hidden="true">
					<a href="http://shop.coles.com.au/online/SearchDisplay?searchTermScope=&multiSearch=&searchType=2&maxPrice=&showResultsPage=true&langId=-1&beginIndex=0&sType=SimpleSearch&browseView=true&metaData=&manufacturer=&resultCatEntryType=&catalogId=10576&pageView=image&minPrice=&urlLangId=-1&categoryId=28164&storeId=10601#" class="compare compare-add">Compare</a>
				</div>
			
				<a href="http://shop.coles.com.au/online/national/coles-beef-gravy-casserole-steak" class="product-url accessibility">More details for Coles&nbsp;Gravy Beef Casserole Steak</a>
			
		</div>  
      

       	
		    <div role="presentation" aria-hidden="true" id="share" class="share" data-social="{productImgUrl:&#39;http://shop.coles.com.au:27900/wcsstore/Coles-CAS/images/4/3/4/434259-th.jpg&#39;
	                                               ,productDisplayUrl:&#39;http://shop.coles.com.au/online/national/coles-beef-gravy-casserole-steak&#39;
	                                               ,title:&#39;Coles Gravy Beef Casserole Steak Indicated price based on approx. weight. Weight may vary between 500g and 600g.&#39;
	                                               ,description:&#39;&#39;}">
		 	</div>
 		
	</div>
</div>


	</form>
</div>


<span class="available hidden"></span>


<div class="outer-prod prodtile" data-refresh="{
					catalogId: &quot;10576&quot;,
					doInventory: &quot;N&quot;,
					fulfillmentCenterId: &quot;11576&quot;,
					forStoreId: &quot;10401&quot;,
					
					productDisplayURL: &quot;http://shop.coles.com.au/online/national/coles-beef-roast-rib-eye-bone-in&quot;				
			}">
	<form id="catEntryForm_70810" name="catEntryForm_70810" action="http://shop.coles.com.au/online/AjaxOrderChangeServiceItemAdd">
		
<div class=" " data-catentry="catEntry_70810" data-refresh="{
				addCalculationUsage: &quot;-1&quot;,
				langId: &quot;-1&quot;,
				storeId: &quot;10601&quot;, 
				catEntryId: &quot;70810&quot;, 
				catEntryName: &quot;Beef Rib Eye Roast Bone In&quot;, 
				productView: &quot;list&quot;,
				productId: &quot;70810&quot;,
				itemId: &quot;133604&quot;,
				hideMultibuy: &quot;false&quot;,
                ticketType: &quot;&quot;,
                partNumber: &quot;6773097&quot;,
                offerCode: &quot;20140430&quot;
		}">
   	<div class="wrapper clearfix">   	
		

<h4 class="accessibility" id="heading_70810" tabindex="-1">
		Coles&nbsp;Beef Rib Eye Roast Bone In&nbsp;
		approx. 1.5kg&nbsp;
		 
</h4> 

<div class="offer-icon"></div>
<a role="presentation" aria-hidden="true" class="product-url" href="http://shop.coles.com.au/online/national/coles-beef-roast-rib-eye-bone-in">
	    <img role="presentation" aria-hidden="true" class="photo" src="./beef_files/spacer.gif" onerror="this.src=&#39;/wcsstore/ColesStorefrontAssetStore/dist/e0a775baf05f/images/spacer.gif&#39;" alt="Beef Rib Eye Roast Bone In" width="110" height="110">
	</a>

<div class="detail">	
    <span role="presentation" aria-hidden="true" class="brand">Coles</span>
    <span class="item" role="presentation" aria-hidden="true">
        <a role="presentation" aria-hidden="true" class="product-url" href="http://shop.coles.com.au/online/national/coles-beef-roast-rib-eye-bone-in">
        	Beef Rib Eye Roast Bone In&nbsp;
        	approx. 1.5kg
        </a>
    </span>
	<span class="size">
		Indicated price based on approx. weight. Weight may vary between 1kg and 2kg.	
 	</span>
</div>


	<div class="purchasing">	    
	    <div class="saving">
	    	
	    </div>
	   	
	    		<div class="price"><span class="accessibility">Purchase price </span><small>$</small>30.00</div>
	    	
	    <div class="unit-price"><span class="accessibility">Unit price </span>$20.00 per 1Kg</div>
	    <div class="special-offer">	    	
	    	
	    </div> 
	    <div class="availability">Temporarily unavailable</div>
	    <div class="purchase">
		
			<input type="number" title="Add Quantity for Coles Beef Rib Eye Roast Bone In approx. 1.5kg" name="quantity" id="catEntry_70810_qty" value="1" maxlength="2" size="2" class="v-mandatory v-numeric v-minval-1">
	        <button role="button" type="submit" title="Add to trolley Coles Beef Rib Eye Roast Bone In approx. 1.5kg" class="btn-red action-addToTrolley"><span role="presentation" aria-hidden="true">Add to trolley</span></button>
		
		</div>
	</div>
	<div class="lists">
		
	</div>


	    <div class="actions">
	        			
			   <div class="MUItemForTrolleyDiv MUItemForTrolley_133604" data-catentry="133604">
		         <div class="MUul_133604"><div class="MUli_133604 hidden" aria-hidden="true"><span class="inTrolley"><span class="MUSpan_133604">0</span> in trolley</span></div></div>
		       </div>
		        <p class="clear"></p>
			 
			<div class="member-usuals-remove">
				<a href="http://shop.coles.com.au/online/SearchDisplay?searchTermScope=&multiSearch=&searchType=2&maxPrice=&showResultsPage=true&langId=-1&beginIndex=0&sType=SimpleSearch&browseView=true&metaData=&manufacturer=&resultCatEntryType=&catalogId=10576&pageView=image&minPrice=&urlLangId=-1&categoryId=28164&storeId=10601#" class="action-removeFromUsuals usuals-remove">Remove from list <span class="accessibility">Coles Beef Rib Eye Roast Bone In approx. 1.5kg</span></a>			
			</div>
			
				<div class="list">
					<a href="http://shop.coles.com.au/online/SearchDisplay?searchTermScope=&multiSearch=&searchType=2&maxPrice=&showResultsPage=true&langId=-1&beginIndex=0&sType=SimpleSearch&browseView=true&metaData=&manufacturer=&resultCatEntryType=&catalogId=10576&pageView=image&minPrice=&urlLangId=-1&categoryId=28164&storeId=10601#" class="action-addToList action-list-add">Add to list <span class="accessibility">Coles Beef Rib Eye Roast Bone In approx. 1.5kg</span></a> 
				</div>
				<div class="member-list-add">
					<a href="http://shop.coles.com.au/online/SearchDisplay?searchTermScope=&multiSearch=&searchType=2&maxPrice=&showResultsPage=true&langId=-1&beginIndex=0&sType=SimpleSearch&browseView=true&metaData=&manufacturer=&resultCatEntryType=&catalogId=10576&pageView=image&minPrice=&urlLangId=-1&categoryId=28164&storeId=10601#" class="action-addToList action-list-add">Add to another list <span class="accessibility">Coles Beef Rib Eye Roast Bone In approx. 1.5kg</span></a>
				</div>
			
			<div class="member-list-remove">
				 <a href="http://shop.coles.com.au/online/SearchDisplay?searchTermScope=&multiSearch=&searchType=2&maxPrice=&showResultsPage=true&langId=-1&beginIndex=0&sType=SimpleSearch&browseView=true&metaData=&manufacturer=&resultCatEntryType=&catalogId=10576&pageView=image&minPrice=&urlLangId=-1&categoryId=28164&storeId=10601#" class="action-removeFromList">Remove from list <span class="accessibility">Coles Beef Rib Eye Roast Bone In approx. 1.5kg</span></a> 
			</div>
			
				<div class="compareProd" role="presentation" aria-hidden="true">
					<a href="http://shop.coles.com.au/online/SearchDisplay?searchTermScope=&multiSearch=&searchType=2&maxPrice=&showResultsPage=true&langId=-1&beginIndex=0&sType=SimpleSearch&browseView=true&metaData=&manufacturer=&resultCatEntryType=&catalogId=10576&pageView=image&minPrice=&urlLangId=-1&categoryId=28164&storeId=10601#" class="compare compare-add">Compare</a>
				</div>
			
				<a href="http://shop.coles.com.au/online/national/coles-beef-roast-rib-eye-bone-in" class="product-url accessibility">More details for Coles&nbsp;Beef Rib Eye Roast Bone In</a>
			
		</div>  
      

       	
		    <div role="presentation" aria-hidden="true" id="share" class="share" data-social="{productImgUrl:&#39;http://shop.coles.com.au:27900/wcsstore/Coles-CAS/images/6/7/7/6773097-th.jpg&#39;
	                                               ,productDisplayUrl:&#39;http://shop.coles.com.au/online/national/coles-beef-roast-rib-eye-bone-in&#39;
	                                               ,title:&#39;Coles Beef Rib Eye Roast Bone In Indicated price based on approx. weight. Weight may vary between 1kg and 2kg.&#39;
	                                               ,description:&#39;&#39;}">
		 	</div>
 		
	</div>
</div>


	</form>
</div>


<span class="available hidden"></span>


<div class="outer-prod prodtile" data-refresh="{
					catalogId: &quot;10576&quot;,
					doInventory: &quot;N&quot;,
					fulfillmentCenterId: &quot;11576&quot;,
					forStoreId: &quot;10401&quot;,
					
					productDisplayURL: &quot;http://shop.coles.com.au/online/national/coles-beef-round-steak&quot;				
			}">
	<form id="catEntryForm_80404" name="catEntryForm_80404" action="http://shop.coles.com.au/online/AjaxOrderChangeServiceItemAdd">
		
<div class=" " data-catentry="catEntry_80404" data-refresh="{
				addCalculationUsage: &quot;-1&quot;,
				langId: &quot;-1&quot;,
				storeId: &quot;10601&quot;, 
				catEntryId: &quot;80404&quot;, 
				catEntryName: &quot;Beef Round Steak&quot;, 
				productView: &quot;list&quot;,
				productId: &quot;80404&quot;,
				itemId: &quot;144217&quot;,
				hideMultibuy: &quot;false&quot;,
                ticketType: &quot;&quot;,
                partNumber: &quot;434496&quot;,
                offerCode: &quot;20141022&quot;
		}">
   	<div class="wrapper clearfix">   	
		

<h4 class="accessibility" id="heading_80404" tabindex="-1">
		Coles&nbsp;Beef Round Steak&nbsp;
		approx. 750g&nbsp;
		 
</h4> 

<div class="offer-icon"></div>
<a role="presentation" aria-hidden="true" class="product-url" href="http://shop.coles.com.au/online/national/coles-beef-round-steak">
	    <img role="presentation" aria-hidden="true" class="photo" src="./beef_files/spacer.gif" onerror="this.src=&#39;/wcsstore/ColesStorefrontAssetStore/dist/e0a775baf05f/images/spacer.gif&#39;" alt="Beef Round Steak" width="110" height="110">
	</a>

<div class="detail">	
    <span role="presentation" aria-hidden="true" class="brand">Coles</span>
    <span class="item" role="presentation" aria-hidden="true">
        <a role="presentation" aria-hidden="true" class="product-url" href="http://shop.coles.com.au/online/national/coles-beef-round-steak">
        	Beef Round Steak&nbsp;
        	approx. 750g
        </a>
    </span>
	<span class="size">
		Indicated price based on approx. weight. Weight may vary between700g and 800g.	
 	</span>
</div>


	<div class="purchasing">	    
	    <div class="saving">
	    	
	    </div>
	   	
	    		<div class="price"><span class="accessibility">Purchase price </span><small>$</small>11.24</div>
	    	
	    <div class="unit-price"><span class="accessibility">Unit price </span>$14.99 per 1Kg</div>
	    <div class="special-offer">	    	
	    	
	    </div> 
	    <div class="availability">Temporarily unavailable</div>
	    <div class="purchase">
		
			<input type="number" title="Add Quantity for Coles Beef Round Steak approx. 750g" name="quantity" id="catEntry_80404_qty" value="1" maxlength="2" size="2" class="v-mandatory v-numeric v-minval-1">
	        <button role="button" type="submit" title="Add to trolley Coles Beef Round Steak approx. 750g" class="btn-red action-addToTrolley"><span role="presentation" aria-hidden="true">Add to trolley</span></button>
		
		</div>
	</div>
	<div class="lists">
		
	</div>


	    <div class="actions">
	        			
			   <div class="MUItemForTrolleyDiv MUItemForTrolley_144217" data-catentry="144217">
		         <div class="MUul_144217"><div class="MUli_144217 hidden" aria-hidden="true"><span class="inTrolley"><span class="MUSpan_144217">0</span> in trolley</span></div></div>
		       </div>
		        <p class="clear"></p>
			 
			<div class="member-usuals-remove">
				<a href="http://shop.coles.com.au/online/SearchDisplay?searchTermScope=&multiSearch=&searchType=2&maxPrice=&showResultsPage=true&langId=-1&beginIndex=0&sType=SimpleSearch&browseView=true&metaData=&manufacturer=&resultCatEntryType=&catalogId=10576&pageView=image&minPrice=&urlLangId=-1&categoryId=28164&storeId=10601#" class="action-removeFromUsuals usuals-remove">Remove from list <span class="accessibility">Coles Beef Round Steak approx. 750g</span></a>			
			</div>
			
				<div class="list">
					<a href="http://shop.coles.com.au/online/SearchDisplay?searchTermScope=&multiSearch=&searchType=2&maxPrice=&showResultsPage=true&langId=-1&beginIndex=0&sType=SimpleSearch&browseView=true&metaData=&manufacturer=&resultCatEntryType=&catalogId=10576&pageView=image&minPrice=&urlLangId=-1&categoryId=28164&storeId=10601#" class="action-addToList action-list-add">Add to list <span class="accessibility">Coles Beef Round Steak approx. 750g</span></a> 
				</div>
				<div class="member-list-add">
					<a href="http://shop.coles.com.au/online/SearchDisplay?searchTermScope=&multiSearch=&searchType=2&maxPrice=&showResultsPage=true&langId=-1&beginIndex=0&sType=SimpleSearch&browseView=true&metaData=&manufacturer=&resultCatEntryType=&catalogId=10576&pageView=image&minPrice=&urlLangId=-1&categoryId=28164&storeId=10601#" class="action-addToList action-list-add">Add to another list <span class="accessibility">Coles Beef Round Steak approx. 750g</span></a>
				</div>
			
			<div class="member-list-remove">
				 <a href="http://shop.coles.com.au/online/SearchDisplay?searchTermScope=&multiSearch=&searchType=2&maxPrice=&showResultsPage=true&langId=-1&beginIndex=0&sType=SimpleSearch&browseView=true&metaData=&manufacturer=&resultCatEntryType=&catalogId=10576&pageView=image&minPrice=&urlLangId=-1&categoryId=28164&storeId=10601#" class="action-removeFromList">Remove from list <span class="accessibility">Coles Beef Round Steak approx. 750g</span></a> 
			</div>
			
				<div class="compareProd" role="presentation" aria-hidden="true">
					<a href="http://shop.coles.com.au/online/SearchDisplay?searchTermScope=&multiSearch=&searchType=2&maxPrice=&showResultsPage=true&langId=-1&beginIndex=0&sType=SimpleSearch&browseView=true&metaData=&manufacturer=&resultCatEntryType=&catalogId=10576&pageView=image&minPrice=&urlLangId=-1&categoryId=28164&storeId=10601#" class="compare compare-add">Compare</a>
				</div>
			
				<a href="http://shop.coles.com.au/online/national/coles-beef-round-steak" class="product-url accessibility">More details for Coles&nbsp;Beef Round Steak</a>
			
		</div>  
      

       	
		    <div role="presentation" aria-hidden="true" id="share" class="share" data-social="{productImgUrl:&#39;http://shop.coles.com.au:27900/wcsstore/Coles-CAS/images/4/3/4/434496-th.jpg&#39;
	                                               ,productDisplayUrl:&#39;http://shop.coles.com.au/online/national/coles-beef-round-steak&#39;
	                                               ,title:&#39;Coles Beef Round Steak Indicated price based on approx. weight. Weight may vary between700g and 800g.&#39;
	                                               ,description:&#39;&#39;}">
		 	</div>
 		
	</div>
</div>


	</form>
</div>


<span class="available hidden"></span>


<div class="outer-prod prodtile" data-refresh="{
					catalogId: &quot;10576&quot;,
					doInventory: &quot;N&quot;,
					fulfillmentCenterId: &quot;11576&quot;,
					forStoreId: &quot;10401&quot;,
					
					productDisplayURL: &quot;http://shop.coles.com.au/online/national/coles-beef-ox-kidney&quot;				
			}">
	<form id="catEntryForm_98372" name="catEntryForm_98372" action="http://shop.coles.com.au/online/AjaxOrderChangeServiceItemAdd">
		
<div class=" " data-catentry="catEntry_98372" data-refresh="{
				addCalculationUsage: &quot;-1&quot;,
				langId: &quot;-1&quot;,
				storeId: &quot;10601&quot;, 
				catEntryId: &quot;98372&quot;, 
				catEntryName: &quot;Ox Kidney&quot;, 
				productView: &quot;list&quot;,
				productId: &quot;98372&quot;,
				itemId: &quot;159293&quot;,
				hideMultibuy: &quot;false&quot;,
                ticketType: &quot;&quot;,
                partNumber: &quot;9672992&quot;,
                offerCode: &quot;20130509&quot;
		}">
   	<div class="wrapper clearfix">   	
		

<h4 class="accessibility" id="heading_98372" tabindex="-1">
		Coles&nbsp;Ox Kidney&nbsp;
		approx. 950g&nbsp;
		 
</h4> 

<div class="offer-icon"></div>
<a role="presentation" aria-hidden="true" class="product-url" href="http://shop.coles.com.au/online/national/coles-beef-ox-kidney">
	    <img role="presentation" aria-hidden="true" class="photo" src="./beef_files/spacer.gif" onerror="this.src=&#39;/wcsstore/ColesStorefrontAssetStore/dist/e0a775baf05f/images/spacer.gif&#39;" alt="Ox Kidney" width="110" height="110">
	</a>

<div class="detail">	
    <span role="presentation" aria-hidden="true" class="brand">Coles</span>
    <span class="item" role="presentation" aria-hidden="true">
        <a role="presentation" aria-hidden="true" class="product-url" href="http://shop.coles.com.au/online/national/coles-beef-ox-kidney">
        	Ox Kidney&nbsp;
        	approx. 950g
        </a>
    </span>
	<span class="size">
		Indicated price based on approx. weight. Weight may vary between 900g and 1kg.	
 	</span>
</div>


	<div class="purchasing">	    
	    <div class="saving">
	    	
	    </div>
	   	
	    		<div class="price"><span class="accessibility">Purchase price </span><small>$</small>4.75</div>
	    	
	    <div class="unit-price"><span class="accessibility">Unit price </span>$5.00 per 1Kg</div>
	    <div class="special-offer">	    	
	    	
	    </div> 
	    <div class="availability">Temporarily unavailable</div>
	    <div class="purchase">
		
			<input type="number" title="Add Quantity for Coles Ox Kidney approx. 950g" name="quantity" id="catEntry_98372_qty" value="1" maxlength="2" size="2" class="v-mandatory v-numeric v-minval-1">
	        <button role="button" type="submit" title="Add to trolley Coles Ox Kidney approx. 950g" class="btn-red action-addToTrolley"><span role="presentation" aria-hidden="true">Add to trolley</span></button>
		
		</div>
	</div>
	<div class="lists">
		
	</div>


	    <div class="actions">
	        			
			   <div class="MUItemForTrolleyDiv MUItemForTrolley_159293" data-catentry="159293">
		         <div class="MUul_159293"><div class="MUli_159293 hidden" aria-hidden="true"><span class="inTrolley"><span class="MUSpan_159293">0</span> in trolley</span></div></div>
		       </div>
		        <p class="clear"></p>
			 
			<div class="member-usuals-remove">
				<a href="http://shop.coles.com.au/online/SearchDisplay?searchTermScope=&multiSearch=&searchType=2&maxPrice=&showResultsPage=true&langId=-1&beginIndex=0&sType=SimpleSearch&browseView=true&metaData=&manufacturer=&resultCatEntryType=&catalogId=10576&pageView=image&minPrice=&urlLangId=-1&categoryId=28164&storeId=10601#" class="action-removeFromUsuals usuals-remove">Remove from list <span class="accessibility">Coles Ox Kidney approx. 950g</span></a>			
			</div>
			
				<div class="list">
					<a href="http://shop.coles.com.au/online/SearchDisplay?searchTermScope=&multiSearch=&searchType=2&maxPrice=&showResultsPage=true&langId=-1&beginIndex=0&sType=SimpleSearch&browseView=true&metaData=&manufacturer=&resultCatEntryType=&catalogId=10576&pageView=image&minPrice=&urlLangId=-1&categoryId=28164&storeId=10601#" class="action-addToList action-list-add">Add to list <span class="accessibility">Coles Ox Kidney approx. 950g</span></a> 
				</div>
				<div class="member-list-add">
					<a href="http://shop.coles.com.au/online/SearchDisplay?searchTermScope=&multiSearch=&searchType=2&maxPrice=&showResultsPage=true&langId=-1&beginIndex=0&sType=SimpleSearch&browseView=true&metaData=&manufacturer=&resultCatEntryType=&catalogId=10576&pageView=image&minPrice=&urlLangId=-1&categoryId=28164&storeId=10601#" class="action-addToList action-list-add">Add to another list <span class="accessibility">Coles Ox Kidney approx. 950g</span></a>
				</div>
			
			<div class="member-list-remove">
				 <a href="http://shop.coles.com.au/online/SearchDisplay?searchTermScope=&multiSearch=&searchType=2&maxPrice=&showResultsPage=true&langId=-1&beginIndex=0&sType=SimpleSearch&browseView=true&metaData=&manufacturer=&resultCatEntryType=&catalogId=10576&pageView=image&minPrice=&urlLangId=-1&categoryId=28164&storeId=10601#" class="action-removeFromList">Remove from list <span class="accessibility">Coles Ox Kidney approx. 950g</span></a> 
			</div>
			
				<div class="compareProd" role="presentation" aria-hidden="true">
					<a href="http://shop.coles.com.au/online/SearchDisplay?searchTermScope=&multiSearch=&searchType=2&maxPrice=&showResultsPage=true&langId=-1&beginIndex=0&sType=SimpleSearch&browseView=true&metaData=&manufacturer=&resultCatEntryType=&catalogId=10576&pageView=image&minPrice=&urlLangId=-1&categoryId=28164&storeId=10601#" class="compare compare-add">Compare</a>
				</div>
			
				<a href="http://shop.coles.com.au/online/national/coles-beef-ox-kidney" class="product-url accessibility">More details for Coles&nbsp;Ox Kidney</a>
			
		</div>  
      

       	
		    <div role="presentation" aria-hidden="true" id="share" class="share" data-social="{productImgUrl:&#39;http://shop.coles.com.au:27900/wcsstore/Coles-CAS/images/9/6/7/9672992-th.jpg&#39;
	                                               ,productDisplayUrl:&#39;http://shop.coles.com.au/online/national/coles-beef-ox-kidney&#39;
	                                               ,title:&#39;Coles Ox Kidney Indicated price based on approx. weight. Weight may vary between 900g and 1kg.&#39;
	                                               ,description:&#39;&#39;}">
		 	</div>
 		
	</div>
</div>


	</form>
</div>


<span class="available hidden"></span>


<div class="outer-prod prodtile" data-refresh="{
					catalogId: &quot;10576&quot;,
					doInventory: &quot;N&quot;,
					fulfillmentCenterId: &quot;11576&quot;,
					forStoreId: &quot;10401&quot;,
					
					productDisplayURL: &quot;http://shop.coles.com.au/online/national/coles-made-easy-slow-cook-beef-bourguignon&quot;				
			}">
	<form id="catEntryForm_359006" name="catEntryForm_359006" action="http://shop.coles.com.au/online/AjaxOrderChangeServiceItemAdd">
		
<div class=" " data-catentry="catEntry_359006" data-refresh="{
				addCalculationUsage: &quot;-1&quot;,
				langId: &quot;-1&quot;,
				storeId: &quot;10601&quot;, 
				catEntryId: &quot;359006&quot;, 
				catEntryName: &quot;Beef Bourguignon&quot;, 
				productView: &quot;list&quot;,
				productId: &quot;359006&quot;,
				itemId: &quot;359110&quot;,
				hideMultibuy: &quot;false&quot;,
                ticketType: &quot;&quot;,
                partNumber: &quot;1830455&quot;,
                offerCode: &quot;20140827&quot;
		}">
   	<div class="wrapper clearfix">   	
		

<h4 class="accessibility" id="heading_359006" tabindex="-1">
		Coles Made Easy Slow Cook&nbsp;Beef Bourguignon&nbsp;
		1kg&nbsp;
		 
</h4> 

<div class="offer-icon"></div>
<a role="presentation" aria-hidden="true" class="product-url" href="http://shop.coles.com.au/online/national/coles-made-easy-slow-cook-beef-bourguignon">
	    <img role="presentation" aria-hidden="true" class="photo" src="./beef_files/spacer.gif" onerror="this.src=&#39;/wcsstore/ColesStorefrontAssetStore/dist/e0a775baf05f/images/spacer.gif&#39;" alt="Beef Bourguignon" width="110" height="110">
	</a>

<div class="detail">	
    <span role="presentation" aria-hidden="true" class="brand">Coles Made Easy Slow Cook</span>
    <span class="item" role="presentation" aria-hidden="true">
        <a role="presentation" aria-hidden="true" class="product-url" href="http://shop.coles.com.au/online/national/coles-made-easy-slow-cook-beef-bourguignon">
        	Beef Bourguignon&nbsp;
        	1kg
        </a>
    </span>
	<span class="size">
			
 	</span>
</div>


	<div class="purchasing">	    
	    <div class="saving">
	    	
	    </div>
	   	
	    		<div class="price"><span class="accessibility">Purchase price </span><small>$</small>16.00</div>
	    	
	    <div class="unit-price"><span class="accessibility">Unit price </span>$16.00 per 1Kg</div>
	    <div class="special-offer">	    	
	    	
	    </div> 
	    <div class="availability">Temporarily unavailable</div>
	    <div class="purchase">
		
			<input type="number" title="Add Quantity for Coles Made Easy Slow Cook Beef Bourguignon 1kg" name="quantity" id="catEntry_359006_qty" value="1" maxlength="2" size="2" class="v-mandatory v-numeric v-minval-1">
	        <button role="button" type="submit" title="Add to trolley Coles Made Easy Slow Cook Beef Bourguignon 1kg" class="btn-red action-addToTrolley"><span role="presentation" aria-hidden="true">Add to trolley</span></button>
		
		</div>
	</div>
	<div class="lists">
		
	</div>


	    <div class="actions">
	        			
			   <div class="MUItemForTrolleyDiv MUItemForTrolley_359110" data-catentry="359110">
		         <div class="MUul_359110"><div class="MUli_359110 hidden" aria-hidden="true"><span class="inTrolley"><span class="MUSpan_359110">0</span> in trolley</span></div></div>
		       </div>
		        <p class="clear"></p>
			 
			<div class="member-usuals-remove">
				<a href="http://shop.coles.com.au/online/SearchDisplay?searchTermScope=&multiSearch=&searchType=2&maxPrice=&showResultsPage=true&langId=-1&beginIndex=0&sType=SimpleSearch&browseView=true&metaData=&manufacturer=&resultCatEntryType=&catalogId=10576&pageView=image&minPrice=&urlLangId=-1&categoryId=28164&storeId=10601#" class="action-removeFromUsuals usuals-remove">Remove from list <span class="accessibility">Coles Made Easy Slow Cook Beef Bourguignon 1kg</span></a>			
			</div>
			
				<div class="list">
					<a href="http://shop.coles.com.au/online/SearchDisplay?searchTermScope=&multiSearch=&searchType=2&maxPrice=&showResultsPage=true&langId=-1&beginIndex=0&sType=SimpleSearch&browseView=true&metaData=&manufacturer=&resultCatEntryType=&catalogId=10576&pageView=image&minPrice=&urlLangId=-1&categoryId=28164&storeId=10601#" class="action-addToList action-list-add">Add to list <span class="accessibility">Coles Made Easy Slow Cook Beef Bourguignon 1kg</span></a> 
				</div>
				<div class="member-list-add">
					<a href="http://shop.coles.com.au/online/SearchDisplay?searchTermScope=&multiSearch=&searchType=2&maxPrice=&showResultsPage=true&langId=-1&beginIndex=0&sType=SimpleSearch&browseView=true&metaData=&manufacturer=&resultCatEntryType=&catalogId=10576&pageView=image&minPrice=&urlLangId=-1&categoryId=28164&storeId=10601#" class="action-addToList action-list-add">Add to another list <span class="accessibility">Coles Made Easy Slow Cook Beef Bourguignon 1kg</span></a>
				</div>
			
			<div class="member-list-remove">
				 <a href="http://shop.coles.com.au/online/SearchDisplay?searchTermScope=&multiSearch=&searchType=2&maxPrice=&showResultsPage=true&langId=-1&beginIndex=0&sType=SimpleSearch&browseView=true&metaData=&manufacturer=&resultCatEntryType=&catalogId=10576&pageView=image&minPrice=&urlLangId=-1&categoryId=28164&storeId=10601#" class="action-removeFromList">Remove from list <span class="accessibility">Coles Made Easy Slow Cook Beef Bourguignon 1kg</span></a> 
			</div>
			
				<div class="compareProd" role="presentation" aria-hidden="true">
					<a href="http://shop.coles.com.au/online/SearchDisplay?searchTermScope=&multiSearch=&searchType=2&maxPrice=&showResultsPage=true&langId=-1&beginIndex=0&sType=SimpleSearch&browseView=true&metaData=&manufacturer=&resultCatEntryType=&catalogId=10576&pageView=image&minPrice=&urlLangId=-1&categoryId=28164&storeId=10601#" class="compare compare-add">Compare</a>
				</div>
			
				<a href="http://shop.coles.com.au/online/national/coles-made-easy-slow-cook-beef-bourguignon" class="product-url accessibility">More details for Coles Made Easy Slow Cook&nbsp;Beef Bourguignon</a>
			
		</div>  
      

       	
		    <div role="presentation" aria-hidden="true" id="share" class="share" data-social="{productImgUrl:&#39;http://shop.coles.com.au:27900/wcsstore/Coles-CAS/images/1/8/3/1830455-th.jpg&#39;
	                                               ,productDisplayUrl:&#39;http://shop.coles.com.au/online/national/coles-made-easy-slow-cook-beef-bourguignon&#39;
	                                               ,title:&#39;Coles Made Easy Slow Cook Beef Bourguignon &#39;
	                                               ,description:&#39;Tender Australian beef, onions, mushrooms and bacon in a Barossa Valley Shiraz sauce&#39;}">
		 	</div>
 		
	</div>
</div>


	</form>
</div>


<span class="available hidden"></span>


<div class="outer-prod prodtile" data-refresh="{
					catalogId: &quot;10576&quot;,
					doInventory: &quot;N&quot;,
					fulfillmentCenterId: &quot;11576&quot;,
					forStoreId: &quot;10401&quot;,
					
					productDisplayURL: &quot;http://shop.coles.com.au/online/national/continental-kosher-beef-mince-extra-premium&quot;				
			}">
	<form id="catEntryForm_70993" name="catEntryForm_70993" action="http://shop.coles.com.au/online/AjaxOrderChangeServiceItemAdd">
		
<div class=" " data-catentry="catEntry_70993" data-refresh="{
				addCalculationUsage: &quot;-1&quot;,
				langId: &quot;-1&quot;,
				storeId: &quot;10601&quot;, 
				catEntryId: &quot;70993&quot;, 
				catEntryName: &quot;Extra Premium Beef Mince&quot;, 
				productView: &quot;list&quot;,
				productId: &quot;70993&quot;,
				itemId: &quot;136310&quot;,
				hideMultibuy: &quot;false&quot;,
                ticketType: &quot;&quot;,
                partNumber: &quot;6553206&quot;,
                offerCode: &quot;20140610&quot;
		}">
   	<div class="wrapper clearfix">   	
		

<h4 class="accessibility" id="heading_70993" tabindex="-1">
		Continental Kosher&nbsp;Extra Premium Beef Mince&nbsp;
		approx. 500g&nbsp;
		 
</h4> 

<div class="offer-icon"></div>
<a role="presentation" aria-hidden="true" class="product-url" href="http://shop.coles.com.au/online/national/continental-kosher-beef-mince-extra-premium">
	    <img role="presentation" aria-hidden="true" class="photo" src="./beef_files/spacer.gif" onerror="this.src=&#39;/wcsstore/ColesStorefrontAssetStore/dist/e0a775baf05f/images/spacer.gif&#39;" alt="Extra Premium Beef Mince" width="110" height="110">
	</a>

<div class="detail">	
    <span role="presentation" aria-hidden="true" class="brand">Continental Kosher</span>
    <span class="item" role="presentation" aria-hidden="true">
        <a role="presentation" aria-hidden="true" class="product-url" href="http://shop.coles.com.au/online/national/continental-kosher-beef-mince-extra-premium">
        	Extra Premium Beef Mince&nbsp;
        	approx. 500g
        </a>
    </span>
	<span class="size">
		Indicated price based on approx. weight. Weight may vary between 450g and 550g.	
 	</span>
</div>


	<div class="purchasing">	    
	    <div class="saving">
	    	
	    </div>
	   	
	    		<div class="price"><span class="accessibility">Purchase price </span><small>$</small>10.10</div>
	    	
	    <div class="unit-price"><span class="accessibility">Unit price </span>$20.20 per 1Kg</div>
	    <div class="special-offer">	    	
	    	
	    </div> 
	    <div class="availability">Temporarily unavailable</div>
	    <div class="purchase">
		
			<input type="number" title="Add Quantity for Continental Kosher Extra Premium Beef Mince approx. 500g" name="quantity" id="catEntry_70993_qty" value="1" maxlength="2" size="2" class="v-mandatory v-numeric v-minval-1">
	        <button role="button" type="submit" title="Add to trolley Continental Kosher Extra Premium Beef Mince approx. 500g" class="btn-red action-addToTrolley"><span role="presentation" aria-hidden="true">Add to trolley</span></button>
		
		</div>
	</div>
	<div class="lists">
		
	</div>


	    <div class="actions">
	        			
			   <div class="MUItemForTrolleyDiv MUItemForTrolley_136310" data-catentry="136310">
		         <div class="MUul_136310"><div class="MUli_136310 hidden" aria-hidden="true"><span class="inTrolley"><span class="MUSpan_136310">0</span> in trolley</span></div></div>
		       </div>
		        <p class="clear"></p>
			 
			<div class="member-usuals-remove">
				<a href="http://shop.coles.com.au/online/SearchDisplay?searchTermScope=&multiSearch=&searchType=2&maxPrice=&showResultsPage=true&langId=-1&beginIndex=0&sType=SimpleSearch&browseView=true&metaData=&manufacturer=&resultCatEntryType=&catalogId=10576&pageView=image&minPrice=&urlLangId=-1&categoryId=28164&storeId=10601#" class="action-removeFromUsuals usuals-remove">Remove from list <span class="accessibility">Continental Kosher Extra Premium Beef Mince approx. 500g</span></a>			
			</div>
			
				<div class="list">
					<a href="http://shop.coles.com.au/online/SearchDisplay?searchTermScope=&multiSearch=&searchType=2&maxPrice=&showResultsPage=true&langId=-1&beginIndex=0&sType=SimpleSearch&browseView=true&metaData=&manufacturer=&resultCatEntryType=&catalogId=10576&pageView=image&minPrice=&urlLangId=-1&categoryId=28164&storeId=10601#" class="action-addToList action-list-add">Add to list <span class="accessibility">Continental Kosher Extra Premium Beef Mince approx. 500g</span></a> 
				</div>
				<div class="member-list-add">
					<a href="http://shop.coles.com.au/online/SearchDisplay?searchTermScope=&multiSearch=&searchType=2&maxPrice=&showResultsPage=true&langId=-1&beginIndex=0&sType=SimpleSearch&browseView=true&metaData=&manufacturer=&resultCatEntryType=&catalogId=10576&pageView=image&minPrice=&urlLangId=-1&categoryId=28164&storeId=10601#" class="action-addToList action-list-add">Add to another list <span class="accessibility">Continental Kosher Extra Premium Beef Mince approx. 500g</span></a>
				</div>
			
			<div class="member-list-remove">
				 <a href="http://shop.coles.com.au/online/SearchDisplay?searchTermScope=&multiSearch=&searchType=2&maxPrice=&showResultsPage=true&langId=-1&beginIndex=0&sType=SimpleSearch&browseView=true&metaData=&manufacturer=&resultCatEntryType=&catalogId=10576&pageView=image&minPrice=&urlLangId=-1&categoryId=28164&storeId=10601#" class="action-removeFromList">Remove from list <span class="accessibility">Continental Kosher Extra Premium Beef Mince approx. 500g</span></a> 
			</div>
			
				<div class="compareProd" role="presentation" aria-hidden="true">
					<a href="http://shop.coles.com.au/online/SearchDisplay?searchTermScope=&multiSearch=&searchType=2&maxPrice=&showResultsPage=true&langId=-1&beginIndex=0&sType=SimpleSearch&browseView=true&metaData=&manufacturer=&resultCatEntryType=&catalogId=10576&pageView=image&minPrice=&urlLangId=-1&categoryId=28164&storeId=10601#" class="compare compare-add">Compare</a>
				</div>
			
				<a href="http://shop.coles.com.au/online/national/continental-kosher-beef-mince-extra-premium" class="product-url accessibility">More details for Continental Kosher&nbsp;Extra Premium Beef Mince</a>
			
		</div>  
      

       	
		    <div role="presentation" aria-hidden="true" id="share" class="share" data-social="{productImgUrl:&#39;http://shop.coles.com.au:27900/wcsstore/Coles-CAS/images/6/5/5/6553206-th.jpg&#39;
	                                               ,productDisplayUrl:&#39;http://shop.coles.com.au/online/national/continental-kosher-beef-mince-extra-premium&#39;
	                                               ,title:&#39;Continental Kosher Extra Premium Beef Mince Indicated price based on approx. weight. Weight may vary between 450g and 550g.&#39;
	                                               ,description:&#39;&#39;}">
		 	</div>
 		
	</div>
</div>


	</form>
</div>


<span class="available hidden"></span>


<div class="outer-prod prodtile" data-refresh="{
					catalogId: &quot;10576&quot;,
					doInventory: &quot;N&quot;,
					fulfillmentCenterId: &quot;11576&quot;,
					forStoreId: &quot;10401&quot;,
					
					productDisplayURL: &quot;http://shop.coles.com.au/online/national/continental-kosher-beef-stir-fry&quot;				
			}">
	<form id="catEntryForm_75360" name="catEntryForm_75360" action="http://shop.coles.com.au/online/AjaxOrderChangeServiceItemAdd">
		
<div class=" " data-catentry="catEntry_75360" data-refresh="{
				addCalculationUsage: &quot;-1&quot;,
				langId: &quot;-1&quot;,
				storeId: &quot;10601&quot;, 
				catEntryId: &quot;75360&quot;, 
				catEntryName: &quot;Beef Stir Fry&quot;, 
				productView: &quot;list&quot;,
				productId: &quot;75360&quot;,
				itemId: &quot;137945&quot;,
				hideMultibuy: &quot;false&quot;,
                ticketType: &quot;&quot;,
                partNumber: &quot;5677666&quot;,
                offerCode: &quot;20140610&quot;
		}">
   	<div class="wrapper clearfix">   	
		

<h4 class="accessibility" id="heading_75360" tabindex="-1">
		Continental Kosher&nbsp;Beef Stir Fry&nbsp;
		approx. 500g&nbsp;
		 
</h4> 

<div class="offer-icon"></div>
<a role="presentation" aria-hidden="true" class="product-url" href="http://shop.coles.com.au/online/national/continental-kosher-beef-stir-fry">
	    <img role="presentation" aria-hidden="true" class="photo" src="./beef_files/spacer.gif" onerror="this.src=&#39;/wcsstore/ColesStorefrontAssetStore/dist/e0a775baf05f/images/spacer.gif&#39;" alt="Beef Stir Fry" width="110" height="110">
	</a>

<div class="detail">	
    <span role="presentation" aria-hidden="true" class="brand">Continental Kosher</span>
    <span class="item" role="presentation" aria-hidden="true">
        <a role="presentation" aria-hidden="true" class="product-url" href="http://shop.coles.com.au/online/national/continental-kosher-beef-stir-fry">
        	Beef Stir Fry&nbsp;
        	approx. 500g
        </a>
    </span>
	<span class="size">
		Indicated price based on approx. weight. Weight may vary between 450g and 550g.	
 	</span>
</div>


	<div class="purchasing">	    
	    <div class="saving">
	    	
	    </div>
	   	
	    		<div class="price"><span class="accessibility">Purchase price </span><small>$</small>15.90</div>
	    	
	    <div class="unit-price"><span class="accessibility">Unit price </span>$31.80 per 1Kg</div>
	    <div class="special-offer">	    	
	    	
	    </div> 
	    <div class="availability">Temporarily unavailable</div>
	    <div class="purchase">
		
			<input type="number" title="Add Quantity for Continental Kosher Beef Stir Fry approx. 500g" name="quantity" id="catEntry_75360_qty" value="1" maxlength="2" size="2" class="v-mandatory v-numeric v-minval-1">
	        <button role="button" type="submit" title="Add to trolley Continental Kosher Beef Stir Fry approx. 500g" class="btn-red action-addToTrolley"><span role="presentation" aria-hidden="true">Add to trolley</span></button>
		
		</div>
	</div>
	<div class="lists">
		
	</div>


	    <div class="actions">
	        			
			   <div class="MUItemForTrolleyDiv MUItemForTrolley_137945" data-catentry="137945">
		         <div class="MUul_137945"><div class="MUli_137945 hidden" aria-hidden="true"><span class="inTrolley"><span class="MUSpan_137945">0</span> in trolley</span></div></div>
		       </div>
		        <p class="clear"></p>
			 
			<div class="member-usuals-remove">
				<a href="http://shop.coles.com.au/online/SearchDisplay?searchTermScope=&multiSearch=&searchType=2&maxPrice=&showResultsPage=true&langId=-1&beginIndex=0&sType=SimpleSearch&browseView=true&metaData=&manufacturer=&resultCatEntryType=&catalogId=10576&pageView=image&minPrice=&urlLangId=-1&categoryId=28164&storeId=10601#" class="action-removeFromUsuals usuals-remove">Remove from list <span class="accessibility">Continental Kosher Beef Stir Fry approx. 500g</span></a>			
			</div>
			
				<div class="list">
					<a href="http://shop.coles.com.au/online/SearchDisplay?searchTermScope=&multiSearch=&searchType=2&maxPrice=&showResultsPage=true&langId=-1&beginIndex=0&sType=SimpleSearch&browseView=true&metaData=&manufacturer=&resultCatEntryType=&catalogId=10576&pageView=image&minPrice=&urlLangId=-1&categoryId=28164&storeId=10601#" class="action-addToList action-list-add">Add to list <span class="accessibility">Continental Kosher Beef Stir Fry approx. 500g</span></a> 
				</div>
				<div class="member-list-add">
					<a href="http://shop.coles.com.au/online/SearchDisplay?searchTermScope=&multiSearch=&searchType=2&maxPrice=&showResultsPage=true&langId=-1&beginIndex=0&sType=SimpleSearch&browseView=true&metaData=&manufacturer=&resultCatEntryType=&catalogId=10576&pageView=image&minPrice=&urlLangId=-1&categoryId=28164&storeId=10601#" class="action-addToList action-list-add">Add to another list <span class="accessibility">Continental Kosher Beef Stir Fry approx. 500g</span></a>
				</div>
			
			<div class="member-list-remove">
				 <a href="http://shop.coles.com.au/online/SearchDisplay?searchTermScope=&multiSearch=&searchType=2&maxPrice=&showResultsPage=true&langId=-1&beginIndex=0&sType=SimpleSearch&browseView=true&metaData=&manufacturer=&resultCatEntryType=&catalogId=10576&pageView=image&minPrice=&urlLangId=-1&categoryId=28164&storeId=10601#" class="action-removeFromList">Remove from list <span class="accessibility">Continental Kosher Beef Stir Fry approx. 500g</span></a> 
			</div>
			
				<div class="compareProd" role="presentation" aria-hidden="true">
					<a href="http://shop.coles.com.au/online/SearchDisplay?searchTermScope=&multiSearch=&searchType=2&maxPrice=&showResultsPage=true&langId=-1&beginIndex=0&sType=SimpleSearch&browseView=true&metaData=&manufacturer=&resultCatEntryType=&catalogId=10576&pageView=image&minPrice=&urlLangId=-1&categoryId=28164&storeId=10601#" class="compare compare-add">Compare</a>
				</div>
			
				<a href="http://shop.coles.com.au/online/national/continental-kosher-beef-stir-fry" class="product-url accessibility">More details for Continental Kosher&nbsp;Beef Stir Fry</a>
			
		</div>  
      

       	
		    <div role="presentation" aria-hidden="true" id="share" class="share" data-social="{productImgUrl:&#39;http://shop.coles.com.au:27900/wcsstore/Coles-CAS/images/5/6/7/5677666-th.jpg&#39;
	                                               ,productDisplayUrl:&#39;http://shop.coles.com.au/online/national/continental-kosher-beef-stir-fry&#39;
	                                               ,title:&#39;Continental Kosher Beef Stir Fry Indicated price based on approx. weight. Weight may vary between 450g and 550g.&#39;
	                                               ,description:&#39;&#39;}">
		 	</div>
 		
	</div>
</div>


	</form>
</div>


<span class="available hidden"></span>


<div class="outer-prod prodtile" data-refresh="{
					catalogId: &quot;10576&quot;,
					doInventory: &quot;N&quot;,
					fulfillmentCenterId: &quot;11576&quot;,
					forStoreId: &quot;10401&quot;,
					
					productDisplayURL: &quot;http://shop.coles.com.au/online/national/continental-kosher-beef-scotch-fillet-steak&quot;				
			}">
	<form id="catEntryForm_75983" name="catEntryForm_75983" action="http://shop.coles.com.au/online/AjaxOrderChangeServiceItemAdd">
		
<div class=" " data-catentry="catEntry_75983" data-refresh="{
				addCalculationUsage: &quot;-1&quot;,
				langId: &quot;-1&quot;,
				storeId: &quot;10601&quot;, 
				catEntryId: &quot;75983&quot;, 
				catEntryName: &quot;Beef Scotch Fillet Steak 2 Pieces&quot;, 
				productView: &quot;list&quot;,
				productId: &quot;75983&quot;,
				itemId: &quot;139846&quot;,
				hideMultibuy: &quot;false&quot;,
                ticketType: &quot;&quot;,
                partNumber: &quot;5677633&quot;,
                offerCode: &quot;20140610&quot;
		}">
   	<div class="wrapper clearfix">   	
		

<h4 class="accessibility" id="heading_75983" tabindex="-1">
		Continental Kosher&nbsp;Beef Scotch Fillet Steak 2 Pieces&nbsp;
		approx. 500g&nbsp;
		 
</h4> 

<div class="offer-icon"></div>
<a role="presentation" aria-hidden="true" class="product-url" href="http://shop.coles.com.au/online/national/continental-kosher-beef-scotch-fillet-steak">
	    <img role="presentation" aria-hidden="true" class="photo" src="./beef_files/spacer.gif" onerror="this.src=&#39;/wcsstore/ColesStorefrontAssetStore/dist/e0a775baf05f/images/spacer.gif&#39;" alt="Beef Scotch Fillet Steak 2 Pieces" width="110" height="110">
	</a>

<div class="detail">	
    <span role="presentation" aria-hidden="true" class="brand">Continental Kosher</span>
    <span class="item" role="presentation" aria-hidden="true">
        <a role="presentation" aria-hidden="true" class="product-url" href="http://shop.coles.com.au/online/national/continental-kosher-beef-scotch-fillet-steak">
        	Beef Scotch Fillet Steak 2 Pieces&nbsp;
        	approx. 500g
        </a>
    </span>
	<span class="size">
		Indicated price based on approx. weight. Weight may vary between 450g and 550g.	
 	</span>
</div>


	<div class="purchasing">	    
	    <div class="saving">
	    	
	    </div>
	   	
	    		<div class="price"><span class="accessibility">Purchase price </span><small>$</small>19.95</div>
	    	
	    <div class="unit-price"><span class="accessibility">Unit price </span>$39.90 per 1Kg</div>
	    <div class="special-offer">	    	
	    	
	    </div> 
	    <div class="availability">Temporarily unavailable</div>
	    <div class="purchase">
		
			<input type="number" title="Add Quantity for Continental Kosher Beef Scotch Fillet Steak 2 Pieces approx. 500g" name="quantity" id="catEntry_75983_qty" value="1" maxlength="2" size="2" class="v-mandatory v-numeric v-minval-1">
	        <button role="button" type="submit" title="Add to trolley Continental Kosher Beef Scotch Fillet Steak 2 Pieces approx. 500g" class="btn-red action-addToTrolley"><span role="presentation" aria-hidden="true">Add to trolley</span></button>
		
		</div>
	</div>
	<div class="lists">
		
	</div>


	    <div class="actions">
	        			
			   <div class="MUItemForTrolleyDiv MUItemForTrolley_139846" data-catentry="139846">
		         <div class="MUul_139846"><div class="MUli_139846 hidden" aria-hidden="true"><span class="inTrolley"><span class="MUSpan_139846">0</span> in trolley</span></div></div>
		       </div>
		        <p class="clear"></p>
			 
			<div class="member-usuals-remove">
				<a href="http://shop.coles.com.au/online/SearchDisplay?searchTermScope=&multiSearch=&searchType=2&maxPrice=&showResultsPage=true&langId=-1&beginIndex=0&sType=SimpleSearch&browseView=true&metaData=&manufacturer=&resultCatEntryType=&catalogId=10576&pageView=image&minPrice=&urlLangId=-1&categoryId=28164&storeId=10601#" class="action-removeFromUsuals usuals-remove">Remove from list <span class="accessibility">Continental Kosher Beef Scotch Fillet Steak 2 Pieces approx. 500g</span></a>			
			</div>
			
				<div class="list">
					<a href="http://shop.coles.com.au/online/SearchDisplay?searchTermScope=&multiSearch=&searchType=2&maxPrice=&showResultsPage=true&langId=-1&beginIndex=0&sType=SimpleSearch&browseView=true&metaData=&manufacturer=&resultCatEntryType=&catalogId=10576&pageView=image&minPrice=&urlLangId=-1&categoryId=28164&storeId=10601#" class="action-addToList action-list-add">Add to list <span class="accessibility">Continental Kosher Beef Scotch Fillet Steak 2 Pieces approx. 500g</span></a> 
				</div>
				<div class="member-list-add">
					<a href="http://shop.coles.com.au/online/SearchDisplay?searchTermScope=&multiSearch=&searchType=2&maxPrice=&showResultsPage=true&langId=-1&beginIndex=0&sType=SimpleSearch&browseView=true&metaData=&manufacturer=&resultCatEntryType=&catalogId=10576&pageView=image&minPrice=&urlLangId=-1&categoryId=28164&storeId=10601#" class="action-addToList action-list-add">Add to another list <span class="accessibility">Continental Kosher Beef Scotch Fillet Steak 2 Pieces approx. 500g</span></a>
				</div>
			
			<div class="member-list-remove">
				 <a href="http://shop.coles.com.au/online/SearchDisplay?searchTermScope=&multiSearch=&searchType=2&maxPrice=&showResultsPage=true&langId=-1&beginIndex=0&sType=SimpleSearch&browseView=true&metaData=&manufacturer=&resultCatEntryType=&catalogId=10576&pageView=image&minPrice=&urlLangId=-1&categoryId=28164&storeId=10601#" class="action-removeFromList">Remove from list <span class="accessibility">Continental Kosher Beef Scotch Fillet Steak 2 Pieces approx. 500g</span></a> 
			</div>
			
				<div class="compareProd" role="presentation" aria-hidden="true">
					<a href="http://shop.coles.com.au/online/SearchDisplay?searchTermScope=&multiSearch=&searchType=2&maxPrice=&showResultsPage=true&langId=-1&beginIndex=0&sType=SimpleSearch&browseView=true&metaData=&manufacturer=&resultCatEntryType=&catalogId=10576&pageView=image&minPrice=&urlLangId=-1&categoryId=28164&storeId=10601#" class="compare compare-add">Compare</a>
				</div>
			
				<a href="http://shop.coles.com.au/online/national/continental-kosher-beef-scotch-fillet-steak" class="product-url accessibility">More details for Continental Kosher&nbsp;Beef Scotch Fillet Steak 2 Pieces</a>
			
		</div>  
      

       	
		    <div role="presentation" aria-hidden="true" id="share" class="share" data-social="{productImgUrl:&#39;http://shop.coles.com.au:27900/wcsstore/Coles-CAS/images/5/6/7/5677633-th.jpg&#39;
	                                               ,productDisplayUrl:&#39;http://shop.coles.com.au/online/national/continental-kosher-beef-scotch-fillet-steak&#39;
	                                               ,title:&#39;Continental Kosher Beef Scotch Fillet Steak 2 Pieces Indicated price based on approx. weight. Weight may vary between 450g and 550g.&#39;
	                                               ,description:&#39;&#39;}">
		 	</div>
 		
	</div>
</div>


	</form>
</div>


<span class="available hidden"></span>


<div class="outer-prod prodtile" data-refresh="{
					catalogId: &quot;10576&quot;,
					doInventory: &quot;N&quot;,
					fulfillmentCenterId: &quot;11576&quot;,
					forStoreId: &quot;10401&quot;,
					
					productDisplayURL: &quot;http://shop.coles.com.au/online/national/continental-kosher-beef-mince&quot;				
			}">
	<form id="catEntryForm_79611" name="catEntryForm_79611" action="http://shop.coles.com.au/online/AjaxOrderChangeServiceItemAdd">
		
<div class=" " data-catentry="catEntry_79611" data-refresh="{
				addCalculationUsage: &quot;-1&quot;,
				langId: &quot;-1&quot;,
				storeId: &quot;10601&quot;, 
				catEntryId: &quot;79611&quot;, 
				catEntryName: &quot;Beef Mince&quot;, 
				productView: &quot;list&quot;,
				productId: &quot;79611&quot;,
				itemId: &quot;140993&quot;,
				hideMultibuy: &quot;false&quot;,
                ticketType: &quot;&quot;,
                partNumber: &quot;5681368&quot;,
                offerCode: &quot;20140610&quot;
		}">
   	<div class="wrapper clearfix">   	
		

<h4 class="accessibility" id="heading_79611" tabindex="-1">
		Continental Kosher&nbsp;Beef Mince&nbsp;
		approx. 500g&nbsp;
		 
</h4> 

<div class="offer-icon"></div>
<a role="presentation" aria-hidden="true" class="product-url" href="http://shop.coles.com.au/online/national/continental-kosher-beef-mince">
	    <img role="presentation" aria-hidden="true" class="photo" src="./beef_files/spacer.gif" onerror="this.src=&#39;/wcsstore/ColesStorefrontAssetStore/dist/e0a775baf05f/images/spacer.gif&#39;" alt="Beef Mince" width="110" height="110">
	</a>

<div class="detail">	
    <span role="presentation" aria-hidden="true" class="brand">Continental Kosher</span>
    <span class="item" role="presentation" aria-hidden="true">
        <a role="presentation" aria-hidden="true" class="product-url" href="http://shop.coles.com.au/online/national/continental-kosher-beef-mince">
        	Beef Mince&nbsp;
        	approx. 500g
        </a>
    </span>
	<span class="size">
		Indicated price based on approx. weight. Weight may vary between 450g and 550g.	
 	</span>
</div>


	<div class="purchasing">	    
	    <div class="saving">
	    	
	    </div>
	   	
	    		<div class="price"><span class="accessibility">Purchase price </span><small>$</small>9.10</div>
	    	
	    <div class="unit-price"><span class="accessibility">Unit price </span>$18.20 per 1Kg</div>
	    <div class="special-offer">	    	
	    	
	    </div> 
	    <div class="availability">Temporarily unavailable</div>
	    <div class="purchase">
		
			<input type="number" title="Add Quantity for Continental Kosher Beef Mince approx. 500g" name="quantity" id="catEntry_79611_qty" value="1" maxlength="2" size="2" class="v-mandatory v-numeric v-minval-1">
	        <button role="button" type="submit" title="Add to trolley Continental Kosher Beef Mince approx. 500g" class="btn-red action-addToTrolley"><span role="presentation" aria-hidden="true">Add to trolley</span></button>
		
		</div>
	</div>
	<div class="lists">
		
	</div>


	    <div class="actions">
	        			
			   <div class="MUItemForTrolleyDiv MUItemForTrolley_140993" data-catentry="140993">
		         <div class="MUul_140993"><div class="MUli_140993 hidden" aria-hidden="true"><span class="inTrolley"><span class="MUSpan_140993">0</span> in trolley</span></div></div>
		       </div>
		        <p class="clear"></p>
			 
			<div class="member-usuals-remove">
				<a href="http://shop.coles.com.au/online/SearchDisplay?searchTermScope=&multiSearch=&searchType=2&maxPrice=&showResultsPage=true&langId=-1&beginIndex=0&sType=SimpleSearch&browseView=true&metaData=&manufacturer=&resultCatEntryType=&catalogId=10576&pageView=image&minPrice=&urlLangId=-1&categoryId=28164&storeId=10601#" class="action-removeFromUsuals usuals-remove">Remove from list <span class="accessibility">Continental Kosher Beef Mince approx. 500g</span></a>			
			</div>
			
				<div class="list">
					<a href="http://shop.coles.com.au/online/SearchDisplay?searchTermScope=&multiSearch=&searchType=2&maxPrice=&showResultsPage=true&langId=-1&beginIndex=0&sType=SimpleSearch&browseView=true&metaData=&manufacturer=&resultCatEntryType=&catalogId=10576&pageView=image&minPrice=&urlLangId=-1&categoryId=28164&storeId=10601#" class="action-addToList action-list-add">Add to list <span class="accessibility">Continental Kosher Beef Mince approx. 500g</span></a> 
				</div>
				<div class="member-list-add">
					<a href="http://shop.coles.com.au/online/SearchDisplay?searchTermScope=&multiSearch=&searchType=2&maxPrice=&showResultsPage=true&langId=-1&beginIndex=0&sType=SimpleSearch&browseView=true&metaData=&manufacturer=&resultCatEntryType=&catalogId=10576&pageView=image&minPrice=&urlLangId=-1&categoryId=28164&storeId=10601#" class="action-addToList action-list-add">Add to another list <span class="accessibility">Continental Kosher Beef Mince approx. 500g</span></a>
				</div>
			
			<div class="member-list-remove">
				 <a href="http://shop.coles.com.au/online/SearchDisplay?searchTermScope=&multiSearch=&searchType=2&maxPrice=&showResultsPage=true&langId=-1&beginIndex=0&sType=SimpleSearch&browseView=true&metaData=&manufacturer=&resultCatEntryType=&catalogId=10576&pageView=image&minPrice=&urlLangId=-1&categoryId=28164&storeId=10601#" class="action-removeFromList">Remove from list <span class="accessibility">Continental Kosher Beef Mince approx. 500g</span></a> 
			</div>
			
				<div class="compareProd" role="presentation" aria-hidden="true">
					<a href="http://shop.coles.com.au/online/SearchDisplay?searchTermScope=&multiSearch=&searchType=2&maxPrice=&showResultsPage=true&langId=-1&beginIndex=0&sType=SimpleSearch&browseView=true&metaData=&manufacturer=&resultCatEntryType=&catalogId=10576&pageView=image&minPrice=&urlLangId=-1&categoryId=28164&storeId=10601#" class="compare compare-add">Compare</a>
				</div>
			
				<a href="http://shop.coles.com.au/online/national/continental-kosher-beef-mince" class="product-url accessibility">More details for Continental Kosher&nbsp;Beef Mince</a>
			
		</div>  
      

       	
		    <div role="presentation" aria-hidden="true" id="share" class="share" data-social="{productImgUrl:&#39;http://shop.coles.com.au:27900/wcsstore/Coles-CAS/images/5/6/8/5681368-th.jpg&#39;
	                                               ,productDisplayUrl:&#39;http://shop.coles.com.au/online/national/continental-kosher-beef-mince&#39;
	                                               ,title:&#39;Continental Kosher Beef Mince Indicated price based on approx. weight. Weight may vary between 450g and 550g.&#39;
	                                               ,description:&#39;&#39;}">
		 	</div>
 		
	</div>
</div>


	</form>
</div>


<span class="available hidden"></span>


<div class="outer-prod prodtile" data-refresh="{
					catalogId: &quot;10576&quot;,
					doInventory: &quot;N&quot;,
					fulfillmentCenterId: &quot;11576&quot;,
					forStoreId: &quot;10401&quot;,
					
					productDisplayURL: &quot;http://shop.coles.com.au/online/national/graze-grassfed-beef-porterhouse-steak-1-piece&quot;				
			}">
	<form id="catEntryForm_403538" name="catEntryForm_403538" action="http://shop.coles.com.au/online/AjaxOrderChangeServiceItemAdd">
		
<div class=" " data-catentry="catEntry_403538" data-refresh="{
				addCalculationUsage: &quot;-1&quot;,
				langId: &quot;-1&quot;,
				storeId: &quot;10601&quot;, 
				catEntryId: &quot;403538&quot;, 
				catEntryName: &quot;Grassfed Beef Porterhouse Steak 1 Piece&quot;, 
				productView: &quot;list&quot;,
				productId: &quot;403538&quot;,
				itemId: &quot;403658&quot;,
				hideMultibuy: &quot;false&quot;,
                ticketType: &quot;&quot;,
                partNumber: &quot;2023721&quot;,
                offerCode: &quot;20150202&quot;
		}">
   	<div class="wrapper clearfix">   	
		

<h4 class="accessibility" id="heading_403538" tabindex="-1">
		Graze&nbsp;Grassfed Beef Porterhouse Steak 1 Piece&nbsp;
		approx. 350g&nbsp;
		 
</h4> 

<div class="offer-icon"></div>
<a role="presentation" aria-hidden="true" class="product-url" href="http://shop.coles.com.au/online/national/graze-grassfed-beef-porterhouse-steak-1-piece">
	    <img role="presentation" aria-hidden="true" class="photo" src="./beef_files/spacer.gif" onerror="this.src=&#39;/wcsstore/ColesStorefrontAssetStore/dist/e0a775baf05f/images/spacer.gif&#39;" alt="Grassfed Beef Porterhouse Steak 1 Piece" width="110" height="110">
	</a>

<div class="detail">	
    <span role="presentation" aria-hidden="true" class="brand">Graze</span>
    <span class="item" role="presentation" aria-hidden="true">
        <a role="presentation" aria-hidden="true" class="product-url" href="http://shop.coles.com.au/online/national/graze-grassfed-beef-porterhouse-steak-1-piece">
        	Grassfed Beef Porterhouse Steak 1 Piece&nbsp;
        	approx. 350g
        </a>
    </span>
	<span class="size">
		Indicated price based on approx. weight. Weight may vary between 300g and 400g.	
 	</span>
</div>


	<div class="purchasing">	    
	    <div class="saving">
	    	
	    </div>
	   	
	    		<div class="price"><span class="accessibility">Purchase price </span><small>$</small>11.55</div>
	    	
	    <div class="unit-price"><span class="accessibility">Unit price </span>$33.00 per 1Kg</div>
	    <div class="special-offer">	    	
	    	
	    </div> 
	    <div class="availability">Temporarily unavailable</div>
	    <div class="purchase">
		
			<input type="number" title="Add Quantity for Graze Grassfed Beef Porterhouse Steak 1 Piece approx. 350g" name="quantity" id="catEntry_403538_qty" value="1" maxlength="2" size="2" class="v-mandatory v-numeric v-minval-1">
	        <button role="button" type="submit" title="Add to trolley Graze Grassfed Beef Porterhouse Steak 1 Piece approx. 350g" class="btn-red action-addToTrolley"><span role="presentation" aria-hidden="true">Add to trolley</span></button>
		
		</div>
	</div>
	<div class="lists">
		
	</div>


	    <div class="actions">
	        			
			   <div class="MUItemForTrolleyDiv MUItemForTrolley_403658" data-catentry="403658">
		         <div class="MUul_403658"><div class="MUli_403658 hidden" aria-hidden="true"><span class="inTrolley"><span class="MUSpan_403658">0</span> in trolley</span></div></div>
		       </div>
		        <p class="clear"></p>
			 
			<div class="member-usuals-remove">
				<a href="http://shop.coles.com.au/online/SearchDisplay?searchTermScope=&multiSearch=&searchType=2&maxPrice=&showResultsPage=true&langId=-1&beginIndex=0&sType=SimpleSearch&browseView=true&metaData=&manufacturer=&resultCatEntryType=&catalogId=10576&pageView=image&minPrice=&urlLangId=-1&categoryId=28164&storeId=10601#" class="action-removeFromUsuals usuals-remove">Remove from list <span class="accessibility">Graze Grassfed Beef Porterhouse Steak 1 Piece approx. 350g</span></a>			
			</div>
			
				<div class="list">
					<a href="http://shop.coles.com.au/online/SearchDisplay?searchTermScope=&multiSearch=&searchType=2&maxPrice=&showResultsPage=true&langId=-1&beginIndex=0&sType=SimpleSearch&browseView=true&metaData=&manufacturer=&resultCatEntryType=&catalogId=10576&pageView=image&minPrice=&urlLangId=-1&categoryId=28164&storeId=10601#" class="action-addToList action-list-add">Add to list <span class="accessibility">Graze Grassfed Beef Porterhouse Steak 1 Piece approx. 350g</span></a> 
				</div>
				<div class="member-list-add">
					<a href="http://shop.coles.com.au/online/SearchDisplay?searchTermScope=&multiSearch=&searchType=2&maxPrice=&showResultsPage=true&langId=-1&beginIndex=0&sType=SimpleSearch&browseView=true&metaData=&manufacturer=&resultCatEntryType=&catalogId=10576&pageView=image&minPrice=&urlLangId=-1&categoryId=28164&storeId=10601#" class="action-addToList action-list-add">Add to another list <span class="accessibility">Graze Grassfed Beef Porterhouse Steak 1 Piece approx. 350g</span></a>
				</div>
			
			<div class="member-list-remove">
				 <a href="http://shop.coles.com.au/online/SearchDisplay?searchTermScope=&multiSearch=&searchType=2&maxPrice=&showResultsPage=true&langId=-1&beginIndex=0&sType=SimpleSearch&browseView=true&metaData=&manufacturer=&resultCatEntryType=&catalogId=10576&pageView=image&minPrice=&urlLangId=-1&categoryId=28164&storeId=10601#" class="action-removeFromList">Remove from list <span class="accessibility">Graze Grassfed Beef Porterhouse Steak 1 Piece approx. 350g</span></a> 
			</div>
			
				<div class="compareProd" role="presentation" aria-hidden="true">
					<a href="http://shop.coles.com.au/online/SearchDisplay?searchTermScope=&multiSearch=&searchType=2&maxPrice=&showResultsPage=true&langId=-1&beginIndex=0&sType=SimpleSearch&browseView=true&metaData=&manufacturer=&resultCatEntryType=&catalogId=10576&pageView=image&minPrice=&urlLangId=-1&categoryId=28164&storeId=10601#" class="compare compare-add">Compare</a>
				</div>
			
				<a href="http://shop.coles.com.au/online/national/graze-grassfed-beef-porterhouse-steak-1-piece" class="product-url accessibility">More details for Graze&nbsp;Grassfed Beef Porterhouse Steak 1 Piece</a>
			
		</div>  
      

       	
		    <div role="presentation" aria-hidden="true" id="share" class="share" data-social="{productImgUrl:&#39;http://shop.coles.com.au:27900/wcsstore/Coles-CAS/images/2/0/2/2023721-th.jpg&#39;
	                                               ,productDisplayUrl:&#39;http://shop.coles.com.au/online/national/graze-grassfed-beef-porterhouse-steak-1-piece&#39;
	                                               ,title:&#39;Graze Grassfed Beef Porterhouse Steak 1 Piece Indicated price based on approx. weight. Weight may vary between 300g and 400g.&#39;
	                                               ,description:&#39;&#39;}">
		 	</div>
 		
	</div>
</div>


	</form>
</div>


<span class="available hidden"></span>


<div class="outer-prod prodtile" data-refresh="{
					catalogId: &quot;10576&quot;,
					doInventory: &quot;N&quot;,
					fulfillmentCenterId: &quot;11576&quot;,
					forStoreId: &quot;10401&quot;,
					
					productDisplayURL: &quot;http://shop.coles.com.au/online/national/graze-grassfed-beef-blade-roast&quot;				
			}">
	<form id="catEntryForm_410045" name="catEntryForm_410045" action="http://shop.coles.com.au/online/AjaxOrderChangeServiceItemAdd">
		
<div class=" " data-catentry="catEntry_410045" data-refresh="{
				addCalculationUsage: &quot;-1&quot;,
				langId: &quot;-1&quot;,
				storeId: &quot;10601&quot;, 
				catEntryId: &quot;410045&quot;, 
				catEntryName: &quot;Grassfed Beef Blade Roast&quot;, 
				productView: &quot;list&quot;,
				productId: &quot;410045&quot;,
				itemId: &quot;410153&quot;,
				hideMultibuy: &quot;false&quot;,
                ticketType: &quot;&quot;,
                partNumber: &quot;2023539&quot;,
                offerCode: &quot;20140924&quot;
		}">
   	<div class="wrapper clearfix">   	
		

<h4 class="accessibility" id="heading_410045" tabindex="-1">
		Graze&nbsp;Grassfed Beef Blade Roast&nbsp;
		approx. 1.5kg&nbsp;
		 
</h4> 

<div class="offer-icon"></div>
<a role="presentation" aria-hidden="true" class="product-url" href="http://shop.coles.com.au/online/national/graze-grassfed-beef-blade-roast">
	    <img role="presentation" aria-hidden="true" class="photo" src="./beef_files/spacer.gif" onerror="this.src=&#39;/wcsstore/ColesStorefrontAssetStore/dist/e0a775baf05f/images/spacer.gif&#39;" alt="Grassfed Beef Blade Roast" width="110" height="110">
	</a>

<div class="detail">	
    <span role="presentation" aria-hidden="true" class="brand">Graze</span>
    <span class="item" role="presentation" aria-hidden="true">
        <a role="presentation" aria-hidden="true" class="product-url" href="http://shop.coles.com.au/online/national/graze-grassfed-beef-blade-roast">
        	Grassfed Beef Blade Roast&nbsp;
        	approx. 1.5kg
        </a>
    </span>
	<span class="size">
		Indicated price based on approx. weight. Weight may vary between 1.25kg and 1.75kg.	
 	</span>
</div>


	<div class="purchasing">	    
	    <div class="saving">
	    	
	    </div>
	   	
	    		<div class="price"><span class="accessibility">Purchase price </span><small>$</small>18.00</div>
	    	
	    <div class="unit-price"><span class="accessibility">Unit price </span>$12.00 per 1Kg</div>
	    <div class="special-offer">	    	
	    	
	    </div> 
	    <div class="availability">Temporarily unavailable</div>
	    <div class="purchase">
		
			<input type="number" title="Add Quantity for Graze Grassfed Beef Blade Roast approx. 1.5kg" name="quantity" id="catEntry_410045_qty" value="1" maxlength="2" size="2" class="v-mandatory v-numeric v-minval-1">
	        <button role="button" type="submit" title="Add to trolley Graze Grassfed Beef Blade Roast approx. 1.5kg" class="btn-red action-addToTrolley"><span role="presentation" aria-hidden="true">Add to trolley</span></button>
		
		</div>
	</div>
	<div class="lists">
		
	</div>


	    <div class="actions">
	        			
			   <div class="MUItemForTrolleyDiv MUItemForTrolley_410153" data-catentry="410153">
		         <div class="MUul_410153"><div class="MUli_410153 hidden" aria-hidden="true"><span class="inTrolley"><span class="MUSpan_410153">0</span> in trolley</span></div></div>
		       </div>
		        <p class="clear"></p>
			 
			<div class="member-usuals-remove">
				<a href="http://shop.coles.com.au/online/SearchDisplay?searchTermScope=&multiSearch=&searchType=2&maxPrice=&showResultsPage=true&langId=-1&beginIndex=0&sType=SimpleSearch&browseView=true&metaData=&manufacturer=&resultCatEntryType=&catalogId=10576&pageView=image&minPrice=&urlLangId=-1&categoryId=28164&storeId=10601#" class="action-removeFromUsuals usuals-remove">Remove from list <span class="accessibility">Graze Grassfed Beef Blade Roast approx. 1.5kg</span></a>			
			</div>
			
				<div class="list">
					<a href="http://shop.coles.com.au/online/SearchDisplay?searchTermScope=&multiSearch=&searchType=2&maxPrice=&showResultsPage=true&langId=-1&beginIndex=0&sType=SimpleSearch&browseView=true&metaData=&manufacturer=&resultCatEntryType=&catalogId=10576&pageView=image&minPrice=&urlLangId=-1&categoryId=28164&storeId=10601#" class="action-addToList action-list-add">Add to list <span class="accessibility">Graze Grassfed Beef Blade Roast approx. 1.5kg</span></a> 
				</div>
				<div class="member-list-add">
					<a href="http://shop.coles.com.au/online/SearchDisplay?searchTermScope=&multiSearch=&searchType=2&maxPrice=&showResultsPage=true&langId=-1&beginIndex=0&sType=SimpleSearch&browseView=true&metaData=&manufacturer=&resultCatEntryType=&catalogId=10576&pageView=image&minPrice=&urlLangId=-1&categoryId=28164&storeId=10601#" class="action-addToList action-list-add">Add to another list <span class="accessibility">Graze Grassfed Beef Blade Roast approx. 1.5kg</span></a>
				</div>
			
			<div class="member-list-remove">
				 <a href="http://shop.coles.com.au/online/SearchDisplay?searchTermScope=&multiSearch=&searchType=2&maxPrice=&showResultsPage=true&langId=-1&beginIndex=0&sType=SimpleSearch&browseView=true&metaData=&manufacturer=&resultCatEntryType=&catalogId=10576&pageView=image&minPrice=&urlLangId=-1&categoryId=28164&storeId=10601#" class="action-removeFromList">Remove from list <span class="accessibility">Graze Grassfed Beef Blade Roast approx. 1.5kg</span></a> 
			</div>
			
				<div class="compareProd" role="presentation" aria-hidden="true">
					<a href="http://shop.coles.com.au/online/SearchDisplay?searchTermScope=&multiSearch=&searchType=2&maxPrice=&showResultsPage=true&langId=-1&beginIndex=0&sType=SimpleSearch&browseView=true&metaData=&manufacturer=&resultCatEntryType=&catalogId=10576&pageView=image&minPrice=&urlLangId=-1&categoryId=28164&storeId=10601#" class="compare compare-add">Compare</a>
				</div>
			
				<a href="http://shop.coles.com.au/online/national/graze-grassfed-beef-blade-roast" class="product-url accessibility">More details for Graze&nbsp;Grassfed Beef Blade Roast</a>
			
		</div>  
      

       	
		    <div role="presentation" aria-hidden="true" id="share" class="share" data-social="{productImgUrl:&#39;http://shop.coles.com.au:27900/wcsstore/Coles-CAS/images/2/0/2/2023539-th.jpg&#39;
	                                               ,productDisplayUrl:&#39;http://shop.coles.com.au/online/national/graze-grassfed-beef-blade-roast&#39;
	                                               ,title:&#39;Graze Grassfed Beef Blade Roast Indicated price based on approx. weight. Weight may vary between 1.25kg and 1.75kg.&#39;
	                                               ,description:&#39;&#39;}">
		 	</div>
 		
	</div>
</div>


	</form>
</div>


<span class="available hidden"></span>


<div class="outer-prod prodtile" data-refresh="{
					catalogId: &quot;10576&quot;,
					doInventory: &quot;N&quot;,
					fulfillmentCenterId: &quot;11576&quot;,
					forStoreId: &quot;10401&quot;,
					
					productDisplayURL: &quot;http://shop.coles.com.au/online/national/king-island-beef-porterhouse-steak&quot;				
			}">
	<form id="catEntryForm_59757" name="catEntryForm_59757" action="http://shop.coles.com.au/online/AjaxOrderChangeServiceItemAdd">
		
<div class=" " data-catentry="catEntry_59757" data-refresh="{
				addCalculationUsage: &quot;-1&quot;,
				langId: &quot;-1&quot;,
				storeId: &quot;10601&quot;, 
				catEntryId: &quot;59757&quot;, 
				catEntryName: &quot;Beef Porterhouse Steak 1 Piece&quot;, 
				productView: &quot;list&quot;,
				productId: &quot;59757&quot;,
				itemId: &quot;121306&quot;,
				hideMultibuy: &quot;false&quot;,
                ticketType: &quot;&quot;,
                partNumber: &quot;7934090&quot;,
                offerCode: &quot;20140326&quot;
		}">
   	<div class="wrapper clearfix">   	
		

<h4 class="accessibility" id="heading_59757" tabindex="-1">
		King Island&nbsp;Beef Porterhouse Steak 1 Piece&nbsp;
		approx. 400g&nbsp;
		 
</h4> 

<div class="offer-icon"></div>
<a role="presentation" aria-hidden="true" class="product-url" href="http://shop.coles.com.au/online/national/king-island-beef-porterhouse-steak">
	    <img role="presentation" aria-hidden="true" class="photo" src="./beef_files/spacer.gif" onerror="this.src=&#39;/wcsstore/ColesStorefrontAssetStore/dist/e0a775baf05f/images/spacer.gif&#39;" alt="Beef Porterhouse Steak 1 Piece" width="110" height="110">
	</a>

<div class="detail">	
    <span role="presentation" aria-hidden="true" class="brand">King Island</span>
    <span class="item" role="presentation" aria-hidden="true">
        <a role="presentation" aria-hidden="true" class="product-url" href="http://shop.coles.com.au/online/national/king-island-beef-porterhouse-steak">
        	Beef Porterhouse Steak 1 Piece&nbsp;
        	approx. 400g
        </a>
    </span>
	<span class="size">
		Indicated price based on approx. weight. Weight may vary between 300g and 500g.	
 	</span>
</div>


	<div class="purchasing">	    
	    <div class="saving">
	    	
	    </div>
	   	
	    		<div class="price"><span class="accessibility">Purchase price </span><small>$</small>13.60</div>
	    	
	    <div class="unit-price"><span class="accessibility">Unit price </span>$34.00 per 1Kg</div>
	    <div class="special-offer">	    	
	    	
	    </div> 
	    <div class="availability">Temporarily unavailable</div>
	    <div class="purchase">
		
			<input type="number" title="Add Quantity for King Island Beef Porterhouse Steak 1 Piece approx. 400g" name="quantity" id="catEntry_59757_qty" value="1" maxlength="2" size="2" class="v-mandatory v-numeric v-minval-1">
	        <button role="button" type="submit" title="Add to trolley King Island Beef Porterhouse Steak 1 Piece approx. 400g" class="btn-red action-addToTrolley"><span role="presentation" aria-hidden="true">Add to trolley</span></button>
		
		</div>
	</div>
	<div class="lists">
		
	</div>


	    <div class="actions">
	        			
			   <div class="MUItemForTrolleyDiv MUItemForTrolley_121306" data-catentry="121306">
		         <div class="MUul_121306"><div class="MUli_121306 hidden" aria-hidden="true"><span class="inTrolley"><span class="MUSpan_121306">0</span> in trolley</span></div></div>
		       </div>
		        <p class="clear"></p>
			 
			<div class="member-usuals-remove">
				<a href="http://shop.coles.com.au/online/SearchDisplay?searchTermScope=&multiSearch=&searchType=2&maxPrice=&showResultsPage=true&langId=-1&beginIndex=0&sType=SimpleSearch&browseView=true&metaData=&manufacturer=&resultCatEntryType=&catalogId=10576&pageView=image&minPrice=&urlLangId=-1&categoryId=28164&storeId=10601#" class="action-removeFromUsuals usuals-remove">Remove from list <span class="accessibility">King Island Beef Porterhouse Steak 1 Piece approx. 400g</span></a>			
			</div>
			
				<div class="list">
					<a href="http://shop.coles.com.au/online/SearchDisplay?searchTermScope=&multiSearch=&searchType=2&maxPrice=&showResultsPage=true&langId=-1&beginIndex=0&sType=SimpleSearch&browseView=true&metaData=&manufacturer=&resultCatEntryType=&catalogId=10576&pageView=image&minPrice=&urlLangId=-1&categoryId=28164&storeId=10601#" class="action-addToList action-list-add">Add to list <span class="accessibility">King Island Beef Porterhouse Steak 1 Piece approx. 400g</span></a> 
				</div>
				<div class="member-list-add">
					<a href="http://shop.coles.com.au/online/SearchDisplay?searchTermScope=&multiSearch=&searchType=2&maxPrice=&showResultsPage=true&langId=-1&beginIndex=0&sType=SimpleSearch&browseView=true&metaData=&manufacturer=&resultCatEntryType=&catalogId=10576&pageView=image&minPrice=&urlLangId=-1&categoryId=28164&storeId=10601#" class="action-addToList action-list-add">Add to another list <span class="accessibility">King Island Beef Porterhouse Steak 1 Piece approx. 400g</span></a>
				</div>
			
			<div class="member-list-remove">
				 <a href="http://shop.coles.com.au/online/SearchDisplay?searchTermScope=&multiSearch=&searchType=2&maxPrice=&showResultsPage=true&langId=-1&beginIndex=0&sType=SimpleSearch&browseView=true&metaData=&manufacturer=&resultCatEntryType=&catalogId=10576&pageView=image&minPrice=&urlLangId=-1&categoryId=28164&storeId=10601#" class="action-removeFromList">Remove from list <span class="accessibility">King Island Beef Porterhouse Steak 1 Piece approx. 400g</span></a> 
			</div>
			
				<div class="compareProd" role="presentation" aria-hidden="true">
					<a href="http://shop.coles.com.au/online/SearchDisplay?searchTermScope=&multiSearch=&searchType=2&maxPrice=&showResultsPage=true&langId=-1&beginIndex=0&sType=SimpleSearch&browseView=true&metaData=&manufacturer=&resultCatEntryType=&catalogId=10576&pageView=image&minPrice=&urlLangId=-1&categoryId=28164&storeId=10601#" class="compare compare-add">Compare</a>
				</div>
			
				<a href="http://shop.coles.com.au/online/national/king-island-beef-porterhouse-steak" class="product-url accessibility">More details for King Island&nbsp;Beef Porterhouse Steak 1 Piece</a>
			
		</div>  
      

       	
		    <div role="presentation" aria-hidden="true" id="share" class="share" data-social="{productImgUrl:&#39;http://shop.coles.com.au:27900/wcsstore/Coles-CAS/images/7/9/3/7934090-th.jpg&#39;
	                                               ,productDisplayUrl:&#39;http://shop.coles.com.au/online/national/king-island-beef-porterhouse-steak&#39;
	                                               ,title:&#39;King Island Beef Porterhouse Steak 1 Piece Indicated price based on approx. weight. Weight may vary between 300g and 500g.&#39;
	                                               ,description:&#39;&#39;}">
		 	</div>
 		
	</div>
</div>


	</form>
</div>

    </div>
    <form id="analytics-data-search-navigation" name="analytics-data-search-navigation" method="post" action="" class="hidden" aria-hidden="true">
<input type="hidden" name="WT.z_adevent" value="view">
<input type="hidden" name="WT.z_ad" value="center-top-CAT_All_Product_1">
</form>

<div class="pagination clearfix">
<form class="selector" id="frmResults" action="" method="post"><label for="resultsPerPage">Results per page</label> <select id="resultsPerPage" name="resultsPerPage">
    <option value="20">20</option>
    <option value="40">40</option>
    <option selected="selected" value="100">100</option>
</select></form>

</div>

</div>

			</div>
		
		<div class="localisation-disclaimer msg-warning">
			Can’t find what you’re looking for? You may not be seeing what’s available in your local store. <a href="http://shop.coles.com.au/online/SearchDisplay?searchTermScope=&multiSearch=&searchType=2&maxPrice=&showResultsPage=true&langId=-1&beginIndex=0&sType=SimpleSearch&browseView=true&metaData=&manufacturer=&resultCatEntryType=&catalogId=10576&pageView=image&minPrice=&urlLangId=-1&categoryId=28164&storeId=10601#localisation" class="popup-launch" title="Tell us your location to see your local range">Tell us your location to see your local range</a>
		</div>
	<form id="analytics-data-browse" name="analytics-data-browse" method="post" action="" class="hidden" aria-hidden="true">
<input type="hidden" name="WT.z_facet" value="">
<input type="hidden" name="WT.cg_n" value="Browse">
<input type="hidden" name="WT.z_viewtype" value="list">
<input type="hidden" name="WT.cg_s" value="">
</form> 
</div>
		
				</div>
				
<input type="hidden" name="environmentKey" value="PRODL">


<div class="espot hidden">
	

<div data-analytics="center-middle" class="genericESpot" id="WC_ContentAreaESpot_div_1_52701" style="width: 950px; min-height: 0px;">
	
	    <p class="caption" style="display:none" id="WC_ContentAreaESpot_div_2_52701">[FOOTER_All_Content_2]</p>   
	
            <div class="ad" id="ad_52701">
        <script type="text/javascript">
// Catalogue eSpot Tag v1.66 05-Feb-15

(function (active) {
    var analytics = {
        d: {'inline': false},
        log: function (message, o) {
            window.console && console.log('eSpot analytics: ', message, (o == undefined ? '' : o));
        },
        ga_initialised: false,
        ga: function (d) {
            var opts = {}, c_opts = {}, event_only = false;

 			if (d.user_id) {
 				c_opts['userId'] = d.user_id;
 				opts['dimension19'] = d.user_id;
 			}
				
			if (!analytics.ga_initalised) {
				ga('create', 'UA-29884571-2', (location.hostname.match(/coles\.com\.au$/i)==null ? '' : 'coles.com.au'), c_opts);
				ga('require', 'displayfeatures');
				ga('require', 'ec', 'ec.js');
				analytics.ga_initalised = true;
			}
			
            if (d.page)
                opts['page'] = d.page;

			if (d.init_ohc){
                opts['dimension12'] = 0;
                opts['dimension14'] = 'New';
			}
			            
            if (d.localisation) {
                ga('send', 'event', 'Localisation', d.localisation, location.pathname);
            }

			// Internal Campaign Click Tracking
            if (d.int_campaign_c) {
				ga('ec:addPromo', {
					'id': d.int_campaign_c,
					'name': d.int_campaign_c,
					'creative': '',
					'position': d.catalog ? d.catalog : ''
				});
				ga('ec:setAction', 'promo_click');
                ga('send', 'event', 'Internal Promotion', 'Click', d.catalog ? d.catalog : '');
                if (!d.inline)
                	event_only = true;
			}
 			// Internal Campaign Impression Tracking
			if (d.int_campaign_i) {
				dojo.forEach(d.int_campaign_i, function (e) {
					ga('ec:addPromo', {
						'id': e['name'],
						'name': e['name'],
						'creative': '',
						'position': e['pos']
					});
				});
            }
            
            // Custom dimensions
            if (d.cust) {
				var labels = ['cust', 'state', 'region', null, 'fcntr', 'flybuys'];
				for (i = 0; i < labels.length; i++) {
					if (labels[i])
						opts['dimension' + (i + 3)] = d[labels[i]];
				}
			}
			            
            if (d.registration_event) {
                ga('send', 'event', 'Registration', d.registration_event, opts);
                opts['page'] = '/register/success/' + d.registration_event
            }

            if (d.login_event)
                ga('send', 'event', 'Log In', d.login_event, opts);

            // External campaign tracking via WT.mc_id   
            if (d.ext_campaign_id) {
                var c = d.ext_campaign_id.split('_');
                var ga_cd = ['campaignName', 'campaignMedium', 'campaignSource', 'campaignContent', 'campaignKeyword'];
                dojo.forEach(d.ext_campaign_id.split('_'), function (v, i) {
                    ga('set', ga_cd[i], v);
                });
                ga('set', 'campaignId', d.ext_campaign_id);
            }

            // Product Details View
            if (d.product_details) {
	            ga('ec:addProduct', d.product_details);
				ga('ec:setAction', 'detail');
            }

            // Javascript Exception Tracking
            if (d.exception) {
                ga('send', 'event', 'JavaScript', 'Analytics eSpot Exception', d.exception);
                event_only = true;
            }
            
            // Aisle/Search Tracking
            if (d.catalog)
                opts['dimension11'] = d.catalog.replace(/_/g, ' > ');

            // Product Promotion Tracking
            if (d.promo && (d.event==null || d.event.match(/page_load|onclicking_Tab/))) {
            	limit = 0;
				for(i in d.promo) {
					var p = d.promo[i];
					limit++;
					if (p['promotion'] && limit<41) {
						ga('ec:addImpression', {
							'id': p['sku'],
							'name': p['name'],
							'brand': p['brand'],
							'position': p['position'],
							'list': d.promo.presentation ? analytics.utils.format_promo(p, d.promo.presentation)[0] : p['category']
						});
					}
				}
				if (d.event && d.event.match(/page_load|onclicking_Tab/)) {
					event_only = true;
					ga('send', 'event', 'Product Promotion', 'Impression', 'Upsell', opts);
				}
            }

			// Add to Cart
			if (d.event && d.event.match(/add-to-cart|add-to-trolley/)) {
				var label = ''; value = 0
				if (d.catalog) {
					ga('set', {'dimension11': d.catalog.replace(/_/g, ' > '), 'metric2': 1});			
					label = 'List';
					value = d.rank;
				}

				if (d.promo) {
					ga('ec:addProduct',{ 
						'id': d.promo['sku'], 
						'name': d.promo['name'], 
						'brand': d.promo['brand'],
						'position':d.promo['position']
					});
					ga('ec:setAction', 'add', {'list': d.promo['category']});
					label = 'Promotion';
				}
				if (d.product_details) 
					label = 'Product Details';
				if (d.search) 
					label = 'Search';
				if (d.my_usuals)
					label = 'My Usuals';
				if (d.my_orders)
					label = 'My Orders';	
				ga('send', 'event', 'Trolley', 'Add to Cart', label, value);
				event_only = true;
			}
			
			// Refunds
			if (d.refund) {
				ga('ec:setAction', 'refund', {'id': d.refund});				
				ga('send', 'event', 'Order', d.operation, d.reason);
				event_only = true;
			}
			
			// Check if user seen the spend stretch banner
			if (d.offer){
				opts['dimension20'] = d.offer;
			}

            if (!event_only) {
            	if (location.href.match(/[a-zA-Z0-9_.+-]+(@|%40)[a-zA-Z0-9-]+\.[a-zA-Z0-9-.]+/i)){
            		opts['page'] = location.pathname;
            	}	
	  	 		ga('send', 'pageview', opts);
	  	 	} 
        },
		wt_deferred_count: 8,
        wt_deferred_track: function(args){
        	// Caters for Webtrends object not being available
        	if (analytics.wt_deferred_count<1) return;
			if (typeof(Webtrends)=='undefined') {
				analytics.log('Attempt: '+analytics.wt_deferred_count)
				analytics.wt_deferred_count--;
				setTimeout(function(){analytics.wt_deferred_track(args);}, 1000);
			} else {
	            Webtrends.multiTrack(args);
	        }
        },
        wt: function (d) {
            var args = {'WT.dl': 50};
			var send_data = false;
			
            // Login
            if (d.login_event) {
				args['WT.z_signon'] = 'standard';
				send_data = true;					
			}

            // Add to Cart
            if (d.event == 'add-to-cart') {
				if (d.promo) {
					args['WT.z_promo'] = analytics.utils.format_promo(d.promo).join('|');
					args['WT.z_promo_event'] = 'add-to-cart';
					send_data = true;					
				}
				if (d.catalog) {
					args['WT.z_aisle'] = d.catalog;
					args['WT.z_aisle_event'] = 'add-to-cart';
					args['WT.z_aisle_item_rank'] = d.rank;
					send_data = true;					
				}
            }
            // Internal Campaign Impression Tracking 
            if  (d.int_campaign_i) {
                if (d.int_campaign_i && d.int_campaign_i.length > 0) {
                    args['WT.z_ic'] = [];
                    dojo.forEach(d.int_campaign_i, function(e) {
                        args['WT.z_ic'].push(e['name']);
                    });
                    args['WT.z_ic'] = args['WT.z_ic'].join(';');
                    args['WT.z_ic_event'] = 'impression';
					send_data = true;					
                }
            }
            
            // Internal Campaign Click Tracking
            if (d.int_campaign_c && !d.inline) {
				args['WT.z_ic'] = d.int_campaign_c;
				args['WT.z_ic_event'] = 'click';
				send_data = true;
            }
			
			// Promotions
			if (d.event && d.promo && d.event.match(/page_load|add-to-trolley|onclicking_Tab/)) {
				args['WT.z_promo_event'] = d.event=='add-to-trolley' ? 'add-to-cart': 'impression';
				var v = [];
                for (x in d.promo) {
					if (d.promo[x]['promotion']) {
						var dim = analytics.utils.format_promo(d.promo[x], d.promo['presentation']).join('|');
	                    v.push(dim);
						if (args['WT.z_promo_event']=='add-to-cart')
							analytics.utils.record_sku_cookie(dim);
					}
                }
				args['WT.z_promo'] = v.join(';');
				send_data = true;
			}
            
			if (send_data) {
				if (typeof(Webtrends)=='undefined') {
					analytics.wt_deferred_count = 8;
					setTimeout(function(){analytics.wt_deferred_track({args: args});}, 2000);
				} else {
					Webtrends.multiTrack({args: args});
				}
			}
        },
        fb: function(d){
        	var id, adid, send_data=false;
        	if (d.homepage) {
        		id = '502757';
        		adid = '125283';
        		send_data = true;
        	}
        	
        	if (send_data) {
				var img = new Image(1, 1);
				img.src = '//pixel.mathtag.com/event/img?mt_id='+id+'&mt_adid='+adid+'&v1=&v2=&v3=&s1=&s2=&s3='
			}
        },
        rm: function(d){
            if (d.registration_event || d.login_event) {
				require(["dojo/io/script"], function(script){
					var deferred = script.get({'url': '//www.googleadservices.com/pagead/conversion_async.js'});
					deferred.then(function(){
						window.google_trackConversion({
						  google_conversion_id: 1066356933, 
						  google_custom_params: {},
						  google_remarketing_only: true
						});				
					});
				});
			}
        },
        si: function(d){
        	var codes = {'PRODL':	'si-7-12', 
        				'PRODS':	'si-7-48',
        				'SVTL': 	'si-7-47',
        				'SVTS':		'si-7-43',
        				'SITL': 	'si-7-45',
        				'SIT': 		'si-7-42',
        				'DEV': 		'si-7-10'};
			window.Process180.GetSurveyInitiator(codes[d.env] ? codes[d.env] : 'si-7-12');
        },
        track: function (d) {
            analytics.ga(d);
            analytics.wt(d);
 			analytics.fb(d); 
 			analytics.rm(d); 
        },
        utils: {
            record_sku_cookie: function (dim) {
                var attr_window = 7 // Attribution window in days
                var sku = dim.match(/\|(\d+)-[^_]+$/)[1];
                dojo.cookie('pr-' + sku, dim, {
                    path: '/',
                    expires: attr_window
                });
            },
            format_promo: function(promo, presentation){
            	if (presentation) {
	    			return(['Upsell Page_' + promo['category'] + '_' + presentation, promo['promotion'], promo['sku'] + '-' + promo['brand'] + '-' + promo['name']]);
	    		} else {
					return([promo['category'], promo['sku'] + '-' + promo['name']]);
				}
			},
        },
        // Inline rules are required for Webtrends
        inline: function (d) {
        	// Environment
        	dojo.query('input[name="environmentKey"]').forEach(function(e){
        		d['env'] = e.value;
        	});
        		
    		//  Check for WT onLoadCookie
    		wtc = dojo.cookie('onLoadWebtrendsCookie');
    		if (wtc) {
    			// Detect localisation event
    			le = wtc.match(/WT.z_lclsrc":"([^"]+)"/);
    			if (le!=null && le.length==2)
    				d['localisation'] = le[1];
    		}
    
            // Browse Aisle and Search tracking
            if (dojo.query('body.browse, body.search').length>0) {
            	if (location.search.indexOf('searchTerm=')>0) {
	                d['catalog'] = 'Search_' + location.search.match(/searchTerm=([^$&]+)/)[1].replace(/\+/g, ' ').toLowerCase()+'_';
	                d['search'] = true;
					d.inline = true;
            	} else {
					aisle = location.pathname.match(/\/online\/[^\/]+\/([^\/]+)\/?([^\/]+)?\/?([^\/]+)?$/i);
					if (aisle!=null && aisle.length==4) {
						aisle.shift();
						for(var i=0; i<aisle.length; i++){
							if (aisle[i]==undefined)
								aisle[i]=='';
						}
						d['catalog'] = aisle.join('_');
						d.inline = true;
					}					
				}
            }

            // Internal Campaign Click Tracking with handling for localisation and login
			var url_path = location.pathname.match(/(\/[^\/]+)\/?$/i);
            // if ic_id is in the url then set cookie and the data layer
            var ic_u = location.search.match(/WT.ic_id=([^&$]+)/i);
            if (ic_u != null && ic_u.length == 2){
            	var date = new Date();
					date.setTime(date.getTime()+(3*60000)); // mins
				var exp = date.toGMTString(); 
				if (ic_u[1].match(/^mc_id$/i)){
					ic_u = location.search.match(/WT.mc_id=([^&$]+)/i);
				}    
				dojo.cookie('ic_id', ic_u[1]+"|"+url_path[1], {path: '/', expires: exp});
				d['int_campaign_c'] = ic_u[1]; 
                d['inline'] = true;
            }

            // if no ic_id on current page but cookie has ic_id then use cookie value then delete it
            var ic_c = dojo.cookie('ic_id');
            if (ic_u == null && ic_c != null && ic_c.match(url_path[1])) {
                ic_c = ic_c.split('|');
				d['int_campaign_c'] =  ic_c[0]; 
                d['inline'] = true;
                dojo.cookie('ic_id', '', {path: '/', expires: -1});
            }
            

            // Detect Product Details Page
            dojo.query('form#analytics-data-product-productdetails').forEach(function(e){
            	d['product_details'] = {
            		'id':   dojo.query('input[name="WT.pn_sku"]', e).val(),
            		'name': dojo.query('input[name="WT.cg_s"]',   e).val()
            	};
            });
            
			// Product Promotion Impression Tracking
			var position = 0;
			d['promo'] = {};
			dojo.query('body.home div.prodtile > form, body.search div.prodtile > form, body.browse div.prodtile > form, body.product div.product-detail div.prodtile > form').forEach(function(item){
				position++;
				var placement = item.id.replace(/_?catEntryForm_\d+$/, '').replace(/_/g, '-');
				dojo.query('span.marketedEspotDescription', item).forEach(function(element){placement='PREMIUM_ESPOT';});
				if (d.product_details){
					placement = 'PRODUCT_DETAILS';
					d.int_campaign_c = d.int_campaign_c ? d.int_campaign_c.replace(/_\d+$/i, '') : '';
				}
				var promotion = ((placement=='PRODUCT_DETAILS' || placement=='') && !d.int_campaign_c && !d.search) ? false : true;
				if (placement=='')
					placement = 'List';
				var p_category = (d.int_campaign_c || d.catalog || (d.product_details ? '' : 'Home-Page'))+'|'+placement;
                dojo.query('div[data-refresh]', item).forEach(function (node) {
					if (node.getAttribute('data-refresh').match(/partNumber:\s+"(\d+)/m).length==2) {
						var p_sku 			= node.getAttribute('data-refresh').match(/partNumber:\s+"(\d+)/m)[1];
						var cat_entry_id 	= node.getAttribute('data-refresh').match(/catEntryId:\s+"(\d+)/m)[1];
						var links 			= dojo.query('div.detail a.product-url', node);
						var p_name 			= links[0].href.match(/[^$\/]+$/);
						if (d['promo']['catEntry_' + cat_entry_id]==null || promotion) {
							d['inline'] = true;
							d['promo']['catEntry_' + cat_entry_id] = {'category': p_category, 'sku': p_sku, 'name': p_name[0], 'promotion': promotion, 'position': position};	
						}
					}
                });
			});

            // Write out inline elements to be collected by WT base tag
            if (d.inline) {
                document.write('<form id="analytics-data1" name="analytics-data" method="post" action="" class="hidden" aria-hidden="true">');
                if (d.catalog) {
                    document.write('<input type="hidden" name="WT.z_aisle" value="' + d.catalog + '">');
                    document.write('<input type="hidden" name="WT.z_aisle_event" value="impression">');
                }
                if (d.promo) {
                    var v = [];
                    for (x in d.promo) {
						if (d.promo[x]['promotion'])
	                        v.push(analytics.utils.format_promo(d.promo[x]).join('|'));
                    }
                    if (v.length>0) {
						document.write('<input type="hidden" name="WT.z_promo_event" value="impression">');
						document.write('<input type="hidden" name="WT.z_promo" value="' + v.join(';') + '">');
					}
                }
                if (d.int_campaign_c) {
                    document.write('<input type="hidden" name="WT.z_ic" value="' + d.int_campaign_c + '">');
                    document.write('<input type="hidden" name="WT.z_ic_event" value="click">');
                }
                document.write('</form>');
            }
        },
        rules: function (d, query, topic) {
            // External Campaign Tracking using WT parameter
            var ec = location.search.match(/WT.mc_id=([^&$]+)/i);
            if (ec != null && ec.length == 2) {
                d['ext_campaign_id'] = ec[1];
            }
            // Internal Campaign Impression Tracking 
            d['int_campaign_i'] = [];
            query('div.espot a[href*="WT.ic_id"]').forEach(function (link) {
                var pos = d.catalog ? d.catalog : '';
                var ic = link.getAttribute('href').match(/WT.ic_id(%3d|=)([^&$]+)/i);
                if (ic != null && ic.length == 3) {
                    d.int_campaign_i.push({
                        'name': ic[2],
                        'pos': pos
                    });
                }
            });

            // Detect Login event
            query('input[name="WT.z_signon"], div#myOffersElement[data-refresh*="justLoggedIn"]').forEach(function (e) {
				if ((e.name=='WT.z_signon' && document.referrer=='') || (e.id=='myOffersElement'))
	                d['login_event'] = 'from_ribbon';
            });

			// Set UserID
			var user_id = document.cookie.match(/WC_USERACTIVITY_([^=]+)/);
			if (user_id != null && user_id.length==2 && user_id[1]>0 && query('div.contact > a[title="Log out"]').length>0)
				d['user_id'] = user_id[1]; 

            // Detect Registration
            query('input[name="WT.z_regmeth"]').forEach(function (e) {
                d['registration_event'] = (e.value == 'register' ? 'from_ribbon' : 'from_checkout');
            });
            
            // Detect Home Page
            if (location.pathname.match(/^\/online\/national(\/?$|\/info\/first-shop-free-delivery$)/i))
            	d['homepage'] = location.pathname;

            // Localisation Data
            d['cust'] = 'personal';
            var x, l = dojo.cookie('analyticsCookie');
			if (l != undefined) {
				x = l.split('|');
				for (var i = 0; i < x.length; i++) {
					d[x[i].match(/WT.z_([^:]+):/)[1]] = x[i].match(/([^:$]+)$/)[1];
				}
			}

			// Order History Count
			var clv = dojo.cookie('analytics_clv');
			if (clv) {
				var clv_a = clv.split(';');
				if (clv_a.length==1 && d.login_event) {
					d['init_ohc'] = true;
					clv = '0;0';
				}
				dojo.cookie('analytics_clv', clv, {path: '/', expires: 365});
			} else {
				d['init_ohc'] = true;
				dojo.cookie('analytics_clv', '0', {path: '/', expires: 365});
			}
			
			// check if spend stretch banner appears
			if(dojo.query('div#myOffersElement ul#youroffers a').length > 0){
				d['offer'] = 'Offer Seen';
			}

            // Detect My Orders page        
            if (location.pathname.match(/\/AjaxOrderDetail/i)){
            	d['my_orders'] = true;
            }
            
            // Detect My Usuals page
            if (location.pathname.match(/\/AjaxAccountWishListDisplayView/i)){
            	d['my_usuals_list'] = true;
            }
            if (dojo.query('body.home').length > 0) {
            	query('div#my-usuals a.action-addToTrolley').on('click', function (e) {
	            	d['my_usuals_home'] = true;
            	});
            }
            
        },
        handlers: function (d, query, topic) {
            query('div#myAccount > button.action-register').on('click', function () {
                analytics.track({
                    'page': '/virtual/registration/open_registration_form'
                });
            });
            
            // Internal campaign tracking for localisation links
            query('div.espot a.action-localise[href*="WT.ic_id"]').on('click', function (e) {
				if (this.href) {
					var ic = this.href.match(/WT.ic_id=([^&$]+)/i);
					var args = {};
					if (ic != null && ic.length == 2) {
						args['int_campaign_c'] =  ic[1]; 
						analytics.track(args);
					}
				}
            });

            // Detect ajax request completions
            topic.subscribe('wcs/ajax/success', function (a, b) {
                analytics.log('wcs/ajax/success: ' + a.context);
                switch (a.context) {
					case 'productElement.trolleyAdd':
						if (location.pathname.match(/COLForgottenNConsiderItemsView$/))
							break;
						var args = {
							'event': 'add-to-cart'
						};
						if (d.catalog) {
							var rank = parseInt(query('div[data-catentry^="catEntry_"]').indexOf(query('div[data-catentry="' + a.divId + '"]')[0]) + 1);
							if (rank) {
								args['rank'] = rank;
								args['catalog'] = d.catalog;
								if (d.page_offset) args['rank'] += d.page_offset;
							}
						}
						if (d.promo && d.promo[a.divId] && d.promo[a.divId]['promotion']) {
							args['promo'] = d.promo[a.divId];
							analytics.utils.record_sku_cookie(analytics.utils.format_promo(args.promo, null).join('|'));
						}
						if (d.product_details)
							args['product_details'] = true;
						if (d.search)
							args['search'] = true;
						if (d.my_usuals_home) {
							args['my_usuals'] = true;
							d.my_usuals_home = false;
						}
						if (d.my_usuals_list)
							args['my_usuals'] = true;
						if (d.my_orders)
							args['my_orders'] = true;
						var i=0; for (x in args){i++};		
						if (i>1)
							analytics.track(args);
						break;

					case 'refreshController.refreshArea':
						switch (a.serviceId) {
						case 'ColesCategoryView':
						case 'ColesSearchView':
							d['page_offset'] = parseInt(a.beginIndex)+query('div.genericESpot div.prodtile').length;
							break;
						}
						break;

	                case 'memberOrder.cancelOrder':
	                case 'memberOrder.modifyOrder.addItem':
               		case 'memberOrder.modifyOrder.changeTime':
               		case 'memberOrder.modifyOrder.changeFulfilment':
               		case 'memberOrder.modifyOrder.changePayment':
	                	var rc = dojo.cookie('oid_'+a.orderId);
	                	rc = (rc==undefined ? 0 : Number(rc))
	                	var args = {'refund': a.orderId+'-'+(rc==undefined ? 0 : rc)};
	                	switch (a.context) {
	                		case 'memberOrder.cancelOrder':
	                			args['operation'] = 'Cancelled';
	                			args['reason'] = '';
								break;

	                		case 'memberOrder.modifyOrder.addItem':
	                			args['operation'] = 'Modified';
	                			args['reason'] = 'Add Items';
								break;

	                		case 'memberOrder.modifyOrder.changeTime':
	                			args['operation'] = 'Modified';
	                			args['reason'] = 'Change Delivery Time';
								break;

	                		case 'memberOrder.modifyOrder.changeFulfilment':
	                			args['operation'] = 'Modified';
	                			args['reason'] = 'Change Fulfilment';
								break;

	                		case 'memberOrder.modifyOrder.changePayment':
	                			args['operation'] = 'Modified';
	                			args['reason'] = 'Change Payment Method';
								break;
	                	}
						if (args.operation=='Modified') 
							dojo.cookie('oid_'+a.orderId, rc+1, {path: '/', expires: 14});
						else
							dojo.cookie('oid_'+a.orderId, '', {path: '/', expires: -1});
						analytics.track(args);
						break;						
                }
            });
        },
        init: function (d) {
			(function(i,s,o,g,r,a,m){i['GoogleAnalyticsObject']=r;i[r]=i[r]||function(){
			(i[r].q=i[r].q||[]).push(arguments)},i[r].l=1*new Date();a=s.createElement(o),
			m=s.getElementsByTagName(o)[0];a.async=1;a.src=g;m.parentNode.insertBefore(a,m)
			})(window,document,'script','//www.google-analytics.com/analytics.js','ga');

			// Override push method on dataLayer Array so we can process event data being added to the dataLayer
			window.dataLayer = window.dataLayer || [];
			window.dataLayer.push = function(){
				var result = Array.prototype.push.apply(this,arguments);
				if (result>0 && arguments!=undefined && arguments.length>0 && arguments[0].event) {
					analytics.log('Event pushed to dataLayer');
					var d = analytics.d, a;
					while (window.dataLayer!=undefined && window.dataLayer.length>0) {
						a = window.dataLayer.shift();
						for (var p in a) {
							d[p] = a[p];
						}
					}
					try {
						analytics.d = d;
						analytics.log('DataLayer:', d);
						analytics.track(d);
					} catch (e) {
						analytics.log(e);
						analytics.ga({
							'exception': e.message
						});
					}
				}
				return result;
			}

            analytics.inline(d);

// 			require(["dojo/io/script"], function(script){
// 				var deferred = script.get({'url': '//si.process180.com/js/surveyinitiator.pack.js'});
// 				deferred.then(function(){analytics.si(d)});
// 			});

            require(['dojo/query', 'dojo/topic', 'dojo/domReady!'], function (query, topic) {
                try {
                    analytics.handlers(d, query, topic)
                    analytics.rules(d, query, topic);
                    analytics.track(d);
                } catch (e) {
                    analytics.log(e);
                    analytics.ga({
                        'exception': e.message
                    });
                }
            });
        }
    };
    if (active)
        analytics.init(analytics.d);

})(true); // version 1.66
</script><form id="analytics-data1" name="analytics-data" method="post" action="" class="hidden" aria-hidden="true"><input type="hidden" name="WT.z_promo_event" value="impression"><input type="hidden" name="WT.z_promo" value="Home-Page|CAT-All-Product-1|434146-coles-beef-scotch-fillet-steak-434146p;Home-Page|CAT-All-Product-1|8850450-coles-beef-mince-4-star-lean"></form>
            </div>
        


</div>


</div>

<div class="espot hidden">
	

<div data-analytics="center-middle" class="genericESpot" id="WC_ContentAreaESpot_div_1_" style="width: 950px; min-height: 0px;">
	
	    <p class="caption" style="display:none" id="WC_ContentAreaESpot_div_2_">[GLOBAL_All_Content_1]</p>   
	


</div>


</div>


<div id="footer" class="rounded">
	<div class="pageBottom">
		<div></div>
	</div>
	<div class="layout-25-25-25-25">
		<div class="column-1">
			<div class="plain-box">
				<h2>Shop online</h2>
				<ul>
					<li>
						<a href="http://shop.coles.com.au/online/national/specials-offers" title="Specials">Specials</a>
					</li>
					<li>
						<a href="http://shop.coles.com.au/online/national/promo/all" title="Promotions">Promotions</a>
					</li>
					<li>
						<a href="https://shop.coles.com.au/online/ColesMyListsView?catalogId=10576&urlLangId=-1&langId=-1&storeId=10601" title="Shopping lists">Shopping lists</a>
					</li>
					<li>
						<a href="http://shop.coles.com.au/online/national/info/recipes" title="Recipes">Recipes</a>
					</li>
					<li>
						<div class="espot">
							

<div data-analytics="suppress-webtrends" class="genericESpot" id="WC_ContentAreaESpot_div_1_10655" style="min-height: 0px;">
	
	    <p class="caption" style="display:none" id="WC_ContentAreaESpot_div_2_10655">[FOOTER_All_Content_1.1]</p>   
	
            <div class="ad" id="ad_10655">
        <style>

.footer-custom {
margin-bottom: 5px;
}
</style>
            </div>
        
            <div class="ad" id="ad_10655">
        
                            <a id="WC_ContentAreaESpot_links_7_2" href="http://shop.coles.com.au/webapp/wcs/stores/servlet/ClickInfo?evtype=CpgnClick&mpe_id=10655&intv_id=46101&storeId=10601&catalogId=10576&langId=-1&URL=ColesContentTemplateView%3fcontentType%3dcoles-mastercard-offer">
                        <div class="footer-custom">Coles Mastercard</div>               
                            </a>
                        
            </div>
        
            <div class="ad" id="ad_10655">
        
                            <a id="WC_ContentAreaESpot_links_7_3" href="http://shop.coles.com.au/webapp/wcs/stores/servlet/ClickInfo?evtype=CpgnClick&mpe_id=10655&intv_id=46101&storeId=10601&catalogId=10576&langId=-1&URL=ColesContentTemplateView%3fcontentType%3dcompetition-winners">
                        <div class="footer-custom">Competitions &amp; Winners</div>
               
                            </a>
                        
            </div>
        
            <div class="ad" id="ad_10655">
        <div class="footer-custom"><a href="http://shop.coles.com.au/online/mobile/national/">Mobile site</a></div>

            </div>
        


</div>


						</div>					
					</li>
				</ul>
			</div>
		</div>
		<div class="column-2">
			<div class="plain-box">
				<h2>Getting started</h2>
				<ul>
					<li>
						<a href="http://shop.coles.com.au/online/national/info/about-us" title="About us">About us</a>
					</li>
					<li>
						<a href="http://shop.coles.com.au/online/national/info/home-delivery" title="Home delivery">Home delivery</a>
					</li>
					<li>
						<a href="http://shop.coles.com.au/online/national/info/click-collect" title="Click &amp; Collect">Click &amp; Collect</a>
					</li>
					<li>
						<div class="espot">
							

<div data-analytics="suppress-webtrends" class="genericESpot" id="WC_ContentAreaESpot_div_1_10656" style="min-height: 0px;">
	
	    <p class="caption" style="display:none" id="WC_ContentAreaESpot_div_2_10656">[FOOTER_All_Content_1.2]</p>   
	
            <div class="ad" id="ad_10656">
        
                            <a id="WC_ContentAreaESpot_links_7_1" href="http://shop.coles.com.au/webapp/wcs/stores/servlet/ClickInfo?evtype=CpgnClick&mpe_id=10656&intv_id=10054&storeId=10601&catalogId=10576&langId=-1&URL=ColesContentTemplateView%3fcontentType%3dremote-delivery">
                        <div class="footer-custom">Remote delivery</div>

<!--Feedbackify-->
<script type="text/javascript">
var fby = fby || [];
fby.push(['setDevice', 'desktop']);
fby.push(['showTab', {id: '4121', position: 'left', color: '#FF1F3A'}]);
(function () {
    var f = document.createElement('script'); f.type = 'text/javascript'; f.async = true;
    f.src = '//cdn.feedbackify.com/f.js';
    var s = document.getElementsByTagName('script')[0]; s.parentNode.insertBefore(f, s);
})();
</script>



<!-- Error page tag-->
<script>
require(["coles/common/environment"], function(env){
	env.WT_ID = 'dcss9egqp00000sthfwe6qrxc_3j1n';
});
require(["dojo/ready", "dojo/query", "dojo/topic", "coles/common/analytics", "dojo/domReady!"], function(ready, query, topic, analytics){
	ready(function(){
		if (query("title").text().match(/^Error/i)) {
			var ec = query("input[name='WT.z_errorcode']").val();
			var mg = query("div.coles-error span").text()
			topic.publish("coles/common/analytics/send", {
				 "WT.cg_n": "Error",
				 "WT.cg_s": "Error - "+ec+' - '+mg,
				 "WT.z_errorcode": ec+' - '+mg
			});  
		}
	});
});
</script>

               
                            </a>
                        
            </div>
        
            <div class="ad" id="ad_10656">
        
                            <a id="WC_ContentAreaESpot_links_7_2" href="http://shop.coles.com.au/webapp/wcs/stores/servlet/ClickInfo?evtype=CpgnClick&mpe_id=10656&intv_id=10054&storeId=10601&catalogId=10576&langId=-1&URL=ColesContentTemplateView%3fcontentType%3dfreshness-guarantee">
                        <div class="footer-custom">Freshness Guarantee</div>
               
                            </a>
                        
            </div>
        


</div>


						</div>
					</li>
				</ul>
			</div>
		</div>
		<div class="column-3">
			<div class="plain-box">
				<h2>Customer service</h2>
				<ul>
					<li>
						<a href="http://shop.coles.com.au/online/national/info/payment-and-pricing" title="Payment options">Payment options</a>
					</li>
					<li>
						<a href="http://shop.coles.com.au/online/national/info/customer-agreement" title="Customer agreement">Customer agreement</a>
					</li>
					<li>
						<a href="http://shop.coles.com.au/online/national/info/privacy-policy" title="Privacy policy">Privacy policy</a>
					</li>
					<li>
						<a href="http://shop.coles.com.au/online/national/info/product-recall" title="Product recall">Product recall</a>
					</li>
					<li>
						<a href="http://shop.coles.com.au/online/national/info/changes-cancellations-and-returns" title="Changes, cancellations and returns">Changes, cancellations and returns</a>
					</li>
					<li>
						<div class="espot">
							

<div data-analytics="suppress-webtrends" class="genericESpot" id="WC_ContentAreaESpot_div_1_10657" style="min-height: 0px;">
	
	    <p class="caption" style="display:none" id="WC_ContentAreaESpot_div_2_10657">[FOOTER_All_Content_1.3]</p>   
	
            <div class="ad" id="ad_10657">
        <a class="footer-custom" href="http://shop.coles.com.au/online/national/info/business-accounts-and-orders">Business accounts and orders</a>
<a class="footer-custom" href="http://shop.coles.com.au/online/national/info/accessibility-guide">Accessibility Guide</a>
<a class="footer-custom" href="http://shop.coles.com.au/online/national/info/help"> Help </a>
            </div>
        


</div>


						</div>					
					</li>
				</ul>
			</div>
		</div>
		<div class="column-4">
			<div class="plain-box">
				<h2>Contact</h2>
				<ul>
					<li>
						<a href="http://shop.coles.com.au/online/national/contact-us" title="Contact us">Contact us</a>
					</li>
					<li>
						<a href="http://www.facebook.com/coles" target="_blank" title="Follow us on Facebook">Follow us on Facebook</a>
					</li>
					<li>
						<a href="http://www.twitter.com/coles" target="_blank" title="Follow us on Twitter">Follow us on Twitter</a>
					</li>
					<li>
						<a href="http://blog.colesonline.com.au/" target="_blank" title="Read our blog">Read our blog</a>
					</li>
					<li>
						<a href="http://www.coles.com.au/Stores-Services/Locations-trading-hours.aspx" target="_blank" title="Store locator">Store locator</a>
					</li>
					<li>
						<a href="http://shop.coles.com.au/online/national/sitemap" title="Site map">Site map</a>
					</li>
					<li>
						<div class="espot">
							

<div data-analytics="suppress-webtrends" class="genericESpot" id="WC_ContentAreaESpot_div_1_10658" style="min-height: 0px;">
	
	    <p class="caption" style="display:none" id="WC_ContentAreaESpot_div_2_10658">[FOOTER_All_Content_1.4]</p>   
	
            <div class="ad" id="ad_10658">
        <style> 
body {
    background: url("/wcsstore/ColesStorefrontAssetStore/images/-catimg/2014/12/20141229-summer-skins.jpg") no-repeat fixed center top transparent !important;
}
</style>
            </div>
        
            <div class="ad" id="ad_10658">
        
<style type="text/css">
/* CSS fix for menu spacing */
.megamenu > ul > li > a {
    padding: 7px 5px 4px 7px;
}
/* CSS update for bakery description trial */
.bakeHide span:nth-child(3) {
      display:none!important;
    }
/* CSS fix for product details tab */
.tab-content {
    height: auto;
}

</style>
            </div>
        
            <div class="ad" id="ad_10658">
        <!--This script and CSS is to limit the number of banners displayed in CAT_All_Product_1 espot to only 1. -->

<script>
dojo.query("div[id='ad_28651']").forEach(function(e, i) {if (i>0) dojo.query(e).addClass('banner-limiter');});
dojo.query("div[id='ad_29672']").forEach(function(e, i) {if (i>0) dojo.query(e).addClass('banner-limiter');});
</script>

<style>
.banner-limiter
 {
display: none;
}
</style>

            </div>
        
            <div class="ad" id="ad_10658">
        <!-- code to change e-spot minimum height -->
<script>

require([ "dojo/query", "dojo/NodeList-dom", "dojo/domReady!" ], function(query) {
    query('div.genericESpot').style( "minHeight", "0px" );
});


</script>


            </div>
        


</div>


						</div>					
					</li>
				</ul>
			</div>
		</div>
		<div class="clear"></div>
	</div>
</div>





















	
















<noscript>
	&lt;img alt="dcsimg" id="dcsimg" width="1" height="1" src="//statse.webtrendslive.com/dcs0fzq7nvz5bdjd7j90tn8ii_1d3g/njs.gif?dcsuri=/nojavascript&amp;amp;WT.js=No&amp;amp;WT.tv=10.2.0&amp;amp;dcssip=www.colesonline.com.au"/&gt;
</noscript>

<script defer="">
// Push store text into JavaScript
require(["coles/components/message"], function(message){

	
	message.set('GLOBAL_VALIDATION_MSG', 'To continue, please see the fields below, which still require your attention.');
	
	message.set('ERR_MANDATORY_1000', 'Please enter a value.');
	
	message.set('ERR_MANDATORY_1010', 'Please select a value.');
	
	message.set('ERR_MANDATORY_1020', 'Please choose from one of the options provided.');
	
	message.set('ERR_FORMAT_1026', 'You can only use letters, numbers, hyphens, apostrophes, spaces in [field].');
	
	message.set('ERR_MANDATORY_1030', 'Please enter a mobile number so you can receive SMS messages from us.');
	
	message.set('ERR_FORMAT_1000', 'You can only use letters and numbers in this field.');
	
	message.set('ERR_FORMAT_1010', 'You can only use letters, hyphens, apostrophes and spaces in [field].');
	
	message.set('ERR_FORMAT_1015', 'You can only use letters, hyphens, apostrophes, spaces in [field].');
	
	message.set('ERR_FORMAT_1020', 'You can only use numbers in [field].');
	
	message.set('ERR_FORMAT_1025', 'You can only use letters, numbers, hyphens, apostrophes, spaces and commas in [field].');
	
     message.set('ERR_FORMAT_1027', 'You can only use letters, numbers, hyphens, ampersand, apostrophes, spaces and commas in [field].');

	
	message.set('ERR_FORMAT_1030', '[field] must contain a valid password.');
	
	message.set('ERR_FORMAT_1040', 'This email address doesn&#039;t appear to be valid. Please make sure to enter an email address like name@example.com.');
	
	message.set('ERR_FORMAT_1050', '[field] must contain a valid phone number.');
	
	message.set('ERR_FORMAT_1055', 'You can only use letters, numbers, hyphens, underscores, spaces, full stop and commas for your delivery instructions.');
	
	message.set('ERR_FORMAT_1050_MOBILE', '[field] must contain a valid mobile phone number.');
	
	message.set('ERR_FORMAT_1050_LANDLINE', '[field] must contain a valid landline phone number.');
	
	message.set('ERR_FORMAT_1060', '[field] must contain a valid ABN number.');
	
	message.set('ERR_FORMAT_1070', 'This number doesn&#039;t appear to be valid. Please enter the number that appears under the barcode in the bottom righthand corner on the back of your card.');
	
	message.set('ERR_FORMAT_1080', '[field] must contain a valid postcode.');
	
	message.set('ERR_FORMAT_1090', '[field] must contain a valid promotion code.');
	
	message.set('ERR_FORMAT_1100', '[field] must contain a valid number.');
	
	message.set('ERR_FORMAT_1200', '[field] must contain a valid date in the format dd/mm/yyyy.');
	
	message.set('ERR_VALUE_1000', 'The minimum value allowable in [field] is [value].');
	
	message.set('ERR_VALUE_1010', 'The maximum value allowable in [field] is [value].');
	
	message.set('ERR_VALUE_1020', 'The date cannot be greater than today&#039;s date.');
	
	message.set('ERR_LENGTH_1000', '[field] must have less than or equal to [value] characters.');
	
	message.set('ERR_LENGTH_1010', '[field] must be exactly [value] characters.');
	
	message.set('ERR_CONSTRAINT_1000', 'This email is already registered.');
	
	message.set('ERR_CONSTRAINT_1010', 'This password doesn&#039;t match the one entered.');
	
	message.set('ERR_CONSTRAINT_1020', 'This nickname has already been used by another address in your account, it must be unique.');
	
	message.set('ERR_LENGTH_1050', 'You cannot enter more than 400 characters for your delivery instructions. Please shorten your instructions before proceeding.');	

	message.set('GLOBAL_COLLAPSE_TEXT', '[-]');

	
	message.set('GLOBAL_COLLAPSE_ALT_TEXT', 'Collapse this section');

	
	message.set('GLOBAL_EXPAND_TEXT', '[+]');

	
	message.set('GLOBAL_EXPAND_ALT_TEXT', 'Expand this section');

	
	message.set('GLOBAL_LNK_EXPAND', 'Expand all');

	
	message.set('GLOBAL_LNK_COLLAPSE', 'Collapse all');	

	
	message.set('GLOBAL_LNK_ALT_EXPAND', 'Expand all');

	
	message.set('GLOBAL_LNK_ALT_COLLAPSE', 'Collapse all');		

	
	message.set('MBR_160_TOOLTIP_ADDRESS', 'You can arrange delivery to more than one address, such as a relative&#039;s house or a holiday house. Let us know the address for this list.');
	
	
	message.set('MBR_160_TOOLTIP_LIST', 'To make your shopping even easier, everything you order with Coles online goes into a master list called &#034;My usuals&#034;. It&#039;s automatically created for you as you shop. Use it to add items straight to your trolley with just one click.');

	
	message.set('SUCCESS_MBR_150', '<strong>Order cancelled</strong><br/>Your order, which was to be delivered on [input_0], has been cancelled.');

	
	message.set('SUCCESS_MBR_160', '<strong>List created</strong><br/>The following shopping list has been saved to your account:<br/>[input_0]');

	
	message.set('SUCCESS_ADD_ALL_TO_TROLLEY', '<strong>All items added!</strong><br/>All of the items in the following list have been added to your trolley for this order.');

	
	message.set('SUCCESS_MBR_163', '<strong>List deleted</strong><br/>The following list has been deleted:<br/>[input_0]');

	
	message.set('SUCCESS_MBR_164', '<strong>Changes saved</strong><br/>Your changes to this order have been saved.');

	
	message.set('SUCCESS_MBR_170', 'The item has been added to your list:<br/>[input_0]');
	
	
	message.set('GLOBAL_TXT_COLLECT_TIME_WARNING', "Looks like your collection time reservation is about to expire! Check out now to keep this time. ");
	
	
	message.set('GLOBAL_TXT_COLLECT_TIME_EXPIRED', "Your order was not placed in time for the collection time you chose. Please reserve a new time for this order.");

	
	message.set('GLOBAL_TXT_DELIVERY_TIME_WARNING', "Looks like your delivery time reservation is about to expire! Check out now to keep this time. ");
	
	
	message.set('GLOBAL_TXT_DELIVERY_TIME_EXPIRED', "Your order was not placed in time for the delivery time you chose. Please reserve a new time for this order.");

	
	
	message.set('SEARCH_PAGE_SIZE_COOKIE', 'ColesSearchPageSizeCookie');

	
	message.set('SEARCH_PAGE_SIZE_DEFAULT', '20');
	
	
	message.set('SEARCH_VIEW_COOKIE', 'ColesSearchViewCookie');
	
	
	message.set('COLES_SORT_COOKIE', 'ColesSortCookie');
	
	
	message.set('COLES_SORT_COOKIE_VALIDITY', '30');

	
	message.set('GLOBAL_LNK_ADD_TO_COMPARE', 'Compare');

	
	message.set('GLOBAL_LNK_ALT_ADD_TO_COMPARE', 'Compare products');

	
	message.set('GLOBAL_LNK_REMOVE_FROM_COMPARE', 'Compared');

	
	message.set('GLOBAL_LNK_ALT_REMOVE_FROM_COMPARE', 'Compared');

	
	message.set('COMPARE_SPAN_PRODS', 'Compare items');

	
	message.set('COMPARE_COOKIE_PREFIX', 'CompareItems_');

	
	message.set('COMPARE_TXT_TOOLTIP_FULL', 'Sorry, you can only compare up to four products at a time.');

	
	message.set('CAT_200_LNK_ALT_ITEM', 'Shopping list item');

	
	message.set('CAT_200_LNK_ALT_CURRENT', 'Current shopping list item');

	
	message.set('CAT_200_LNK_ALT_COMPLETED', 'Completed list item');

	
	message.set('CAT_200_LNK_NEXT', 'Next');

	
	message.set('CAT_200_LNK_PREVIOUS', 'Previous');

	
	message.set('ERR_QAS_DOWN', "System is currently unavailable, please try again shortly. [CLOSE_OVERLAY]");
	
	
	message.set('QAS_USE_ENTERED_ADDRESS', "Select address as entered");
	
	
	message.set('QAS_OR', "&#150;&#150;&#150; OR &#150;&#150;&#150;");

	
	message.set('GLOBAL_LNK_ALT_TOOLTIP_CLOSE', "Close");
	
	
	message.set('ORD_TOOLTIP_SUBSTITUTIONS', "<p>Occasionally, a product you order may be temporarily unavailable. When this happens and you&rsquo;ve ticked the substitutions box, our shoppers will select a comparable product for you, such as a different brand or size. Substitute items are charged at the lower of the original or the substitute price.</p>");

	
	message.set('PREDICTIVE_SEARCH_KEYWORDS', "Items:");

	
	message.set('PREDICTIVE_SEARCH_CATEGORY', "Aisles:");

	
	message.set('PREDICTIVE_SEARCH_BRAND', "Brands:");

	
	message.set('PREDICTIVE_SEARCH_HISTORY', "History:");
	
	
	message.set('GLOBAL_PROD_UNAVAILABLE', "Product is unavailable");

	
	message.set('ORD_100_MSG_MAXIMUM', "Your trolley has been updated with the maximum product amount.");

	
	message.set('CMP_800_TOOLTIP_REMEMBER_LIST', "Here's your list from last time");

	
	message.set('CMP_850B_TXT', "<strong>Success!</strong><br/>You&rsquo;re now on our mailing list for postcode ");

	
	message.set('CMP_850C_TXT', "<strong>There was a problem and we have not been able to gather your information.</strong><br/>Please try subscribing later.");
	
	
	message.set('GLOBAL_REDEMPTION', "{RedemptionLimit} is the limit. You can order up to {RedemptionLimit} items. We&rsquo;ve added {RedemptionLimit} items to your cart.");

	
	message.set('ORD_400_PAYMENT_SELECTION_TXT', "Select a payment method:");

	
	message.set('ORD_400_CUST_AGREE_TXT', "You must accept our customer agreement before you can place your order.");

	
	message.set('ERR_LOCALISATION_POSTCODE', "You must select a location from the list in order to continue. If your suburb or postcode is not in the list, the new-look Coles online may not be available in your area yet.");

	// Begin: CR#60246 | My Usuals & Personal Lists
	
	
	message.set('MBR_162_MYUSUALS_TOOLTIP_VIEW_BY', "<div><strong>Viewing your products</strong><br /><p>You can view the products in your 'My usuals' list by product name or category</p></div>");
	
	
	message.set('MBR_162_PERSONALS_TOOLTIP_VIEW_BY', "<div><strong>Viewing your products</strong><br /><p>You can view the products in your 'My personal' lists by product name or category</p></div>");
	
	
	message.set('MY_LISTS_PAGE_SIZE_COOKIE', 'ColesMyListsPageSizeCookie');
	
	// End: CR#60246 | My Usuals & Personal Lists
	
	//CR 60099 Flybuys Shopping History Start
	
	
	message.set('PAGE_CODE_COOKIE', "flybuyCode");
	
	//CR 60099 Flybuys Shopping History End
	
	// Begin: CR#54310 | COL - Free delivery for Coles MasterCard holders //
	
	
	message.set('ORD_340_TXT_CONDITIONS_TOOLTIP', "???ORD_340_TXT_CONDITIONS_TOOLTIP???");
	
	// End: CR#54310 | COL - Free delivery for Coles MasterCard holders //
	
	
	message.set('WINDOW_DISABLED_WARNING_TXT', "The reserved time and price is not available for delivery. Please choose a time and price that suits you.");
	
	message.set('_DM_WINDOW_DISABLED_FAILURE', "Your reserved window is not available for delivery, Please select a new delivery Window for successful order submission.");
	
	
	// Begin: US2931 | Desktop Integration with RHS Trolley //
	
	message.set('CRT_100_TXT_REDEMPTION', "The most you can order is {RedemptionLimit}");
	
	message.set('CRT_100_TXT_INVALID_QUANTITY', "Sorry, that's not a valid quantity");
	
	// End: US2931 | Desktop Integration with RHS Trolley //
	
});
</script> 
  
			</div>
		</div>
	

<div id="feedbackify"><div id="fby-screen" class="fby-screen"><div id="fby-mask" class="fby-mask"></div><div id="fby-tab-4121" class="fby-tab fby-tab-l"><a href="http://shop.coles.com.au/online/SearchDisplay?searchTermScope=&multiSearch=&searchType=2&maxPrice=&showResultsPage=true&langId=-1&beginIndex=0&sType=SimpleSearch&browseView=true&metaData=&manufacturer=&resultCatEntryType=&catalogId=10576&pageView=image&minPrice=&urlLangId=-1&categoryId=28164&storeId=10601#" style="background-color:#FF1F3A!important"></a></div></div></div><div id="viewTrolleyPanel" role="dialog" aria-hidden="true" tabindex="-1" class="popup pageShadow trolleyPanel slider " aria-labelledby="rhsHeader-dialog-title" style="position: fixed; right: 0px;">
	<div class="holdFocus accessibility" id="holdFocusId"><p tabindex="-1">&nbsp;</p></div>
	<div class="announceProgress accessibility" id="announceProgressId"><p tabindex="-1">&nbsp;</p></div>
	<div id="rhsHeader-dialog-title">
		<span class="accessibility">
			pop up box displayed&nbsp; Trolley
		</span>
	</div>
	<div role="presentation" aria-hidden="true" class="trolleyTab-rhs">
		<a role="button" href="http://shop.coles.com.au/online/SearchDisplay?searchTermScope=&multiSearch=&searchType=2&maxPrice=&showResultsPage=true&langId=-1&beginIndex=0&sType=SimpleSearch&browseView=true&metaData=&manufacturer=&resultCatEntryType=&catalogId=10576&pageView=image&minPrice=&urlLangId=-1&categoryId=28164&storeId=10601#viewTrolleyPanel" class="popup-close">
			trolley
		</a>		
	</div>
	 
	
		<div class="trolleyWrapper">
			<div id="viewTrolleyHeaderData" class="trolleyHeaderWrapper">
				<div class="trolleyHeader">
					<div id="rhsHeader" class="thcolumn-1">
						<div class="accessibility" id="trolleyDialogHeader"><p tabindex="-1">&nbsp;</p></div>
						<h2 tabindex="0" class="dialogbox-start init-focus">Trolley</h2>
					</div>
					<div class="thcolumn-2">
						<p>	
							<br>
							<span class="nItems">0 items</span>
							<span class="accessibility"> in your trolley</span>
						</p>				
					</div>
					<div class="thcolumn-3">
						<br>
						<a id="rhsClose" class="xTrolley popup-close" href="http://shop.coles.com.au/online/SearchDisplay?searchTermScope=&multiSearch=&searchType=2&maxPrice=&showResultsPage=true&langId=-1&beginIndex=0&sType=SimpleSearch&browseView=true&metaData=&manufacturer=&resultCatEntryType=&catalogId=10576&pageView=image&minPrice=&urlLangId=-1&categoryId=28164&storeId=10601#viewTrolleyPanel">Close 
							<span class="accessibility"> this pop up dialog box</span>
						</a>
					</div>
				</div>
			</div>
			<div class="emptyTrolleyWrapper"> 
				<div id="emptyTrolley" tabindex="-1" class="emptyTrolley">
					<div class="emptyTrolleyInner">						
						<h3><span class="spriteicons trolleyIcon"></span>Your trolley is empty</h3>
						<span class="accessibility"></span>
						<a href="http://shop.coles.com.au/online/SearchDisplay?searchTermScope=&multiSearch=&searchType=2&maxPrice=&showResultsPage=true&langId=-1&beginIndex=0&sType=SimpleSearch&browseView=true&metaData=&manufacturer=&resultCatEntryType=&catalogId=10576&pageView=image&minPrice=&urlLangId=-1&categoryId=28164&storeId=10601#viewTrolleyPanel" class="popup-close">Start shopping<span class="accessibility"></span></a>
					</div>
				</div>
			</div>	
		</div>
	
	<div class="dialogbox-end" tabindex="0">
    	<span class="accessibility">end of pop up dialog box</span>
    </div>
 </div><div id="logIn" class="popup rounded pageShadow popup-https" aria-labelledby="logIn-dialog-title" aria-hidden="true" style="left: 720px; top: 5417px;">	
	
	<div id="logIn-dialog-title">		
		<span class="accessibility">pop up box displayed&nbsp;Login</span>
	</div>	
	<h1 tabindex="0" class="dialogbox-start init-focus">
		<span>Log</span>&nbsp;In
	</h1> 
	<div class="close pageShadow">
		<a href="http://shop.coles.com.au/online/SearchDisplay?searchTermScope=&multiSearch=&searchType=2&maxPrice=&showResultsPage=true&langId=-1&beginIndex=0&sType=SimpleSearch&browseView=true&metaData=&manufacturer=&resultCatEntryType=&catalogId=10576&pageView=image&minPrice=&urlLangId=-1&categoryId=28164&storeId=10601#logIn" class="popup-close" title=""> 
			Close this pop up dialog box
		</a>
	</div>
	
	
	<div class="messageArea"></div>
	 

<form method="POST" name="logInForm" action="https://shop.coles.com.au/online/Logon?catalogId=10576&langId=-1&storeId=10601" id="logInForm" class="formLayout">
	<input type="hidden" name="authToken" value="">
	<input type="hidden" name="reLogonURL" value="LogonForm" id="WC_AccountDisplay_FormInput_reLogonURL_In_Logon_1">
    <input type="hidden" name="myAcctMain" value="">
	<input type="hidden" name="updatePrices" value="0" id="WC_AccountDisplay_FormInput_updatePrices_In_Logon_1">
	<input type="hidden" name="errorViewName" value="LogonForm" id="WC_AccountDisplay_FormInput_errorViewName_In_Logon_1">                                 
	<input type="hidden" name="previousPage" value="logon" id="WC_AccountDisplay_FormInput_previousPage_In_Logon_1">
	<input type="hidden" name="returnPage" value="http://shop.coles.com.au/webapp/wcs/stores/servlet/SearchDisplay?searchTermScope=&amp;multiSearch=&amp;searchType=2&amp;maxPrice=&amp;showResultsPage=true&amp;langId=-1&amp;beginIndex=0&amp;sType=SimpleSearch&amp;browseView=true&amp;metaData=&amp;manufacturer=&amp;resultCatEntryType=&amp;catalogId=10576&amp;pageView=image&amp;minPrice=&amp;urlLangId=-1&amp;categoryId=28164&amp;storeId=10601" id="WC_AccountDisplay_FormInput_returnPage_In_Logon_1">
	<input type="hidden" name="storeFrontUser" value="true" id="WC_AccountDisplay_FormInput_storeFrontUser_In_Logon_1">
	<input type="hidden" name="channel" value="BeginDesktopCheckout">
	<input type="hidden" name="loginPage" value="LoginFromReviewTrolleyPage">
	<input type="hidden" name="URL" value="https://shop.coles.com.au/online/OrderItemMove?cmdStoreId=10401&amp;moveAutoAddedOrderItems=1&amp;updatePrices=1&amp;moveOrderPromotionCode=1&amp;calculationUsageId=-1&amp;calculationUsageId=-2&amp;calculationUsageId=-7&amp;createIfEmpty=0&amp;deleteIfEmpty=*&amp;continue=1&amp;toOrderId=.&amp;fromOrderId=*&amp;URL=https%3A%2F%2Fshop.coles.com.au%2Fonline%2FOrderCalculate%3FcmdStoreId%3D10401%26calculationUsageId%3D-1%26calculationUsageId%3D-2%26calculationUsageId%3D-7%26updatePrices%3D1%26catalogId%3D10576%26langId%3D-1%26storeId%3D10601%26URL%3Dhttp%253A%252F%252Fshop.coles.com.au%252Fwebapp%252Fwcs%252Fstores%252Fservlet%252FSearchDisplay%253FsearchTermScope%253D%2526multiSearch%253D%2526searchType%253D2%2526maxPrice%253D%2526showResultsPage%253Dtrue%2526langId%253D-1%2526beginIndex%253D0%2526sType%253DSimpleSearch%2526browseView%253Dtrue%2526metaData%253D%2526manufacturer%253D%2526resultCatEntryType%253D%2526catalogId%253D10576%2526pageView%253Dimage%2526minPrice%253D%2526urlLangId%253D-1%2526categoryId%253D28164%2526storeId%253D10601" id="logonURL">
	
			<input type="hidden" name="flowprocess" value="" id="flowprocess">
		

	<div class="wrap">
		<div class="row">
			<label for="logonId" class="w-45">Email address:</label> 
		   
			<input class="w-80 v-mandatory v-email v-maxchars-50 init-focus" type="email" autocorrect="off" name="logonId" id="logonId" value="" aria-required="true">
			 <span><a href="http://shop.coles.com.au/online/national/info/help-logging-in">Not sure which email to use?</a></span>
			
		</div>
		<div class="row">
			<label for="logonPassword" class="w-100">Password:</label>
			<input class="w-50 v-mandatory" name="logonPassword" type="password" id="logonPassword" autocomplete="off" aria-required="true">
			
				<a href="http://shop.coles.com.au/online/SearchDisplay?searchTermScope=&multiSearch=&searchType=2&maxPrice=&showResultsPage=true&langId=-1&beginIndex=0&sType=SimpleSearch&browseView=true&metaData=&manufacturer=&resultCatEntryType=&catalogId=10576&pageView=image&minPrice=&urlLangId=-1&categoryId=28164&storeId=10601#forgotPassForm" class="btn popup-launch" title="">Forgot your password?</a>
			
		</div>
		<div class="row">
		
		</div>
     
		<div class="clear"></div>
	</div>
	<input type="submit" class="btn-grey" value="Log in" title="Log in" name="btnLogin">
	
	
		<a href="http://shop.coles.com.au/online/SearchDisplay?searchTermScope=&multiSearch=&searchType=2&maxPrice=&showResultsPage=true&langId=-1&beginIndex=0&sType=SimpleSearch&browseView=true&metaData=&manufacturer=&resultCatEntryType=&catalogId=10576&pageView=image&minPrice=&urlLangId=-1&categoryId=28164&storeId=10601#logIn" class="btn popup-close" title="Cancel">Cancel</a>
	 
	
	<div class="clear"></div>
	
		<hr>
		<p>Don't have an account yet? <a href="http://shop.coles.com.au/online/SearchDisplay?searchTermScope=&multiSearch=&searchType=2&maxPrice=&showResultsPage=true&langId=-1&beginIndex=0&sType=SimpleSearch&browseView=true&metaData=&manufacturer=&resultCatEntryType=&catalogId=10576&pageView=image&minPrice=&urlLangId=-1&categoryId=28164&storeId=10601#register" class="popup-launch action-register" title="Register for an account">Register now</a></p>
		
</form>
<form id="analytics-data-logIn" name="analytics-data-logIn" method="post" action="" class="hidden" aria-hidden="true">
<input type="hidden" name="DCS.dcsuri" value="/logIn">
<input type="hidden" name="WT.cg_n" value="Register">
<input type="hidden" name="WT.ti" value="Login">
</form> 
    <div class="dialogbox-end" tabindex="0">
		<span class="accessibility">end of pop up dialog box</span>
	</div>
	    
</div><div id="register" class="popup rounded pageShadow popup-https" aria-labelledby="register-dialog-title" aria-hidden="true" style="left: 720px; top: 5417px;">
	
	<div id="register-dialog-title">		
		<span class="accessibility">pop up box displayed&nbsp; Registration</span>
	</div>	
	
	<h1 tabindex="0" class="dialogbox-start init-focus">
		<span>Register</span> 
	</h1>
	<div class="close pageShadow">
		<a href="http://shop.coles.com.au/online/SearchDisplay?searchTermScope=&multiSearch=&searchType=2&maxPrice=&showResultsPage=true&langId=-1&beginIndex=0&sType=SimpleSearch&browseView=true&metaData=&manufacturer=&resultCatEntryType=&catalogId=10576&pageView=image&minPrice=&urlLangId=-1&categoryId=28164&storeId=10601#register" class="popup-close" title="">Close this pop up dialog box</a>
	</div>
	<div class="messageArea"></div>
	
<form id="registerForm" class="formLayout" method="post" action="https://shop.coles.com.au/online/UserRegistrationAdd?catalogId=10576&langId=-1&storeId=10601">
	<input type="hidden" name="authToken" value="">
	<input type="hidden" name="redirectUrl" value="">
	<input type="hidden" name="errorViewName" value="UserRegistrationAddFormView" id="WC_UserRegistrationAddForm_FormInput_errorViewName_In_Register_1">
	<input type="hidden" name="storeId" value="10601" id="WC_UserRegistrationAddForm_FormInput_storeId_In_Register_1">
    <input type="hidden" name="catalogId" value="10576" id="WC_UserRegistrationAddForm_FormInput_catalogId_In_Register_1">
	<input type="hidden" name="suburbPostCodeId" value="">
	<input type="hidden" name="serviceType" value="">
	<input type="hidden" name="inputSuburbPostCodeId" value="">
	<input type="hidden" name="externalffmcId" value="">	
	<input type="hidden" name="state" value="">	
	<input type="hidden" name="score" value="">	
	<input type="hidden" name="collectionpoint" value="">	
	<input type="hidden" name="suburb" value="">	
	<input type="hidden" name="zoneId" value="">	
	<input type="hidden" name="zipCode" value="">	
	<input type="hidden" name="postcode" value="">
	<input type="hidden" name="country" value="AU">	
	<input type="hidden" name="longitude" value="">	
	<input type="hidden" name="latitude" value="">
	<input type="hidden" name="stlocId" value="">	
	<input type="hidden" name="URL" value="http://shop.coles.com.au/webapp/wcs/stores/servlet/SearchDisplay?searchTermScope=&amp;multiSearch=&amp;searchType=2&amp;maxPrice=&amp;showResultsPage=true&amp;langId=-1&amp;beginIndex=0&amp;sType=SimpleSearch&amp;browseView=true&amp;metaData=&amp;manufacturer=&amp;resultCatEntryType=&amp;catalogId=10576&amp;pageView=image&amp;minPrice=&amp;urlLangId=-1&amp;categoryId=28164&amp;storeId=10601" id="registerURL">
	<input type="hidden" name="returnPage" value="http://shop.coles.com.au/webapp/wcs/stores/servlet/SearchDisplay?searchTermScope=&amp;multiSearch=&amp;searchType=2&amp;maxPrice=&amp;showResultsPage=true&amp;langId=-1&amp;beginIndex=0&amp;sType=SimpleSearch&amp;browseView=true&amp;metaData=&amp;manufacturer=&amp;resultCatEntryType=&amp;catalogId=10576&amp;pageView=image&amp;minPrice=&amp;urlLangId=-1&amp;categoryId=28164&amp;storeId=10601">
	
	<input type="hidden" name="flybuysShoppingHistoryToken" value="1">
	<input type="hidden" name="registerCode" value="register">
	
	<div class="wrap">
		<p>
			Please register your details and tell us your location so you can save time when you check out.
		</p>
		<div class="row">
			<input type="checkbox" value="1" id="ProfileBusinessUser_null_a_1" name="ProfileBusinessUser_null_a_1" class="s-5">
			<label for="ProfileBusinessUser_null_a_1" class="highlight normal">I am a business customer</label>
		</div>
		<div id="businessCustomer" class="businessFields hidden" disabled="disabled">
			<div class="row businessFields hidden" disabled="disabled">
				<label for="txtBusinessName" class="businessFields w-70 hidden" disabled="disabled">Business name</label>
				
				<input type="text" id="txtBusinessName" maxlength="50" autocorrect="off" name="ProfileBusinessCustomerName_null_a_1" value="" class="businessFields w-70 v-mandatory v-alphanumeric4 v-maxchars-128 hidden" disabled="disabled" aria-required="true">
				
			</div>
			<div class="row businessFields hidden" disabled="disabled">
				<label for="txtABN" class="w-60 businessFields hidden" disabled="disabled">ABN</label> 
				<input type="number" id="txtABN" name="ProfileBusinessCustomerABN_null_a_1" value="" class="businessFields w-50 v-abn hidden" disabled="disabled">
			</div>
			
			<div class="row businessFields hidden" disabled="disabled">
				<label for="txtBusinessType" class="w-60 businessFields hidden" disabled="disabled">Business type:</label> 
				<select id="txtBusinessType" name="ProfileBusinessCustomerType_null_a_1" class="businessFields w-60 v-mandatory" aria-required="true">
					<option value="">Please select...</option>
						
								<option value="Aged Care">
									Aged Care
								</option>
							
								<option value="Childcare">
									Childcare
								</option>
							
								<option value="Clubs / Associations">
									Clubs / Associations
								</option>
							
								<option value="Construction / Property Development / Real Estate">
									Construction / Property Development / Real Estate
								</option>
							
								<option value="Disability">
									Disability
								</option>
							
								<option value="Recreation / Leisure / Entertainment">
									Recreation / Leisure / Entertainment
								</option>
							
								<option value="Environmental">
									Environmental
								</option>
							
								<option value="Events / Festivals">
									Events / Festivals
								</option>
							
								<option value="Financial / Banking">
									Financial / Banking
								</option>
							
								<option value="Food &amp; Beverage">
									Food &amp; Beverage
								</option>
							
								<option value="Government / Councils">
									Government / Councils
								</option>
							
								<option value="Home Business">
									Home Business
								</option>
							
								<option value="Health &amp; Medical">
									Health &amp; Medical
								</option>
							
								<option value="Hotels / Tourism">
									Hotels / Tourism
								</option>
							
								<option value="Legal">
									Legal
								</option>
							
								<option value="Mining / Engineering">
									Mining / Engineering
								</option>
							
								<option value="Machinery / Manufacturing">
									Machinery / Manufacturing
								</option>
							
								<option value="Marketing / Advertising / PR / Media">
									Marketing / Advertising / PR / Media
								</option>
							
								<option value="Not for Profit">
									Not for Profit
								</option>
							
								<option value="Professional Services">
									Professional Services
								</option>
							
								<option value="Recreation">
									Recreation
								</option>
							
								<option value="Retail / Wholesalers / Distributors">
									Retail / Wholesalers / Distributors
								</option>
							
								<option value="Schools">
									Schools
								</option>
							
								<option value="Shipping / Marine">
									Shipping / Marine
								</option>
							
								<option value="Technology / Communications">
									Technology / Communications
								</option>
							
								<option value="Trade Services">
									Trade Services
								</option>
							
								<option value="Transportation">
									Transportation
								</option>
							
								<option value="Utilities">
									Utilities
								</option>
							
								<option value="Other">
									Other
								</option>
							
								<option value="Rather not say">
									Rather not say
								</option>
							
				</select>
			</div>
			
			<hr>
		</div>
		<div class="row">
			<label for="firstName" class="w-100">
				Name:
			</label> 
			<input type="text" id="firstName" name="firstName" autocorrect="off" value="" class="w-40 v-mandatory v-alpha v-maxchars-128 validate-msg-placeholder init-focus" title="Given name" placeholder="Given name" aria-required="true"> 
			<input type="text" id="lastName" name="lastName" autocorrect="off" value="" class="w-40 v-mandatory v-alpha v-maxchars-128 validate-msg-placeholder" title="Family name" placeholder="Family name" aria-required="true">
		</div>
		<div class="row">
			<label for="dateOfBirth" class="w-100">Date of birth:</label><br>
			<p class="note">
				According to Australian Law you must be of legal age to browse and purchase tobacco and smoking products. Please provide your date of birth if you wish to do either of these.
			</p>
			<input type="text" id="dateOfBirth" name="dateOfBirth" class="w-30 v-date dp-field" value="" title="dd/mm/yyyy" placeholder="dd/mm/yyyy"><a href="http://shop.coles.com.au/online/SearchDisplay?searchTermScope=&multiSearch=&searchType=2&maxPrice=&showResultsPage=true&langId=-1&beginIndex=0&sType=SimpleSearch&browseView=true&metaData=&manufacturer=&resultCatEntryType=&catalogId=10576&pageView=image&minPrice=&urlLangId=-1&categoryId=28164&storeId=10601#" class="dp-launch" title="Select date" aria-hidden="true" role="presentation"><span aria-hidden="true" role="presentation">[Select]</span></a>
		</div>
		<div class="row">
			<label for="logonId" class="w-100">Email address:</label>
			<input type="email" id="logonId" name="logonId" autocorrect="off" value="" class="w-70 v-mandatory v-email v-maxchars-50" aria-required="true">
		</div>
		

<div class="row">
	<label for="logonPassword" class="w-100">Create a password:</label>
	<p class="note">Passwords must be 7-20 characters long, and contain at least one letter and one number.</p>
	<input type="password" id="logonPassword" name="logonPassword" value="" class="w-50 v-mandatory v-password v-passwordPair" autocomplete="off" aria-required="true">
</div>
<div class="row">
	<label for="logonPasswordVerify" class="w-100">Confirm password:</label>
	<input type="password" id="logonPasswordVerify" name="logonPasswordVerify" value="" class="w-50 v-mandatory v-password v-passwordPairConfirm" autocomplete="off" aria-required="true">
</div>

		<div class="row">
			<label for="txtLocalPostcode" class="w-100">Suburb and postcode:</label>
			<div class="v-holder">
				<input type="text" id="txtLocalPostcode" name="txtLocalPostcode" autocomplete="off" autocorrect="off" value="" class="w-50 v-mandatory pred-localisation" aria-required="true"><div class="pred-menu hidden" aria-hidden="true"><ul></ul></div>
			</div>
		</div>
        <br>
		<div class="row">
			<input type="checkbox" id="emailPreference" name="emailPreference" value="1" checked="checked" class="s-5"> 
			<label for="emailPreference" class="normal">Yes, please keep me up to date on special offers, products, promotions and news from Coles online.</label>
		</div>
		
		<div class="clear"></div>
	</div>
	<input type="submit" class="btn-grey" title="Register" value="Register" name="btnRegister"> 
	
		<a href="http://shop.coles.com.au/online/SearchDisplay?searchTermScope=&multiSearch=&searchType=2&maxPrice=&showResultsPage=true&langId=-1&beginIndex=0&sType=SimpleSearch&browseView=true&metaData=&manufacturer=&resultCatEntryType=&catalogId=10576&pageView=image&minPrice=&urlLangId=-1&categoryId=28164&storeId=10601#register" class="btn popup-close" title="Cancel">Cancel</a>
	
	<div class="clear"></div>
	<hr>
	<span class="btn">Do you already have an account? <a href="http://shop.coles.com.au/online/SearchDisplay?searchTermScope=&multiSearch=&searchType=2&maxPrice=&showResultsPage=true&langId=-1&beginIndex=0&sType=SimpleSearch&browseView=true&metaData=&manufacturer=&resultCatEntryType=&catalogId=10576&pageView=image&minPrice=&urlLangId=-1&categoryId=28164&storeId=10601#logIn" class="popup-launch action-login" title="Log in">Log in</a></span>
</form>
<form id="analytics-data-register" name="analytics-data-register" method="post" action="" class="hidden" aria-hidden="true">
<input type="hidden" name="WT.si_x" value="1">
<input type="hidden" name="DCS.dcsuri" value="/register">
<input type="hidden" name="WT.ti" value="Register">
</form>
	<div class="dialogbox-end" tabindex="0">
		<span class="accessibility">end of pop up dialog box</span>
	</div>	
</div><div id="removeAllItems" class="popup rounded pageShadow" aria-labelledby="removeAllItems-dialog-title" aria-hidden="true" style="left: 720px; top: 5417px;">
	<div id="removeAllItems-dialog-title">		
		<span class="accessibility">pop up box displayed&nbsp;confirm remove all items</span>
	</div>
    <h1 id="dialog-title" tabindex="0" class="dialogbox-start init-focus"><span>Are</span>&nbsp;you sure?</h1>
	<div class="close pageShadow"><a href="http://shop.coles.com.au/online/SearchDisplay?searchTermScope=&multiSearch=&searchType=2&maxPrice=&showResultsPage=true&langId=-1&beginIndex=0&sType=SimpleSearch&browseView=true&metaData=&manufacturer=&resultCatEntryType=&catalogId=10576&pageView=image&minPrice=&urlLangId=-1&categoryId=28164&storeId=10601#removeAllItems" class="popup-close" title="">Close this pop up dialog box</a></div>
	
	<div class="wrap">
		<p>Just checking that you want to remove all items from your trolley (that’s <span class="remove-quantity">0</span> items in total).</p>
	</div>
	<button type="submit" class="btn-grey" name="btnRemoveAllItems" id="btnRemoveAllItems">Yes, remove all items</button>
	<a href="http://shop.coles.com.au/online/SearchDisplay?searchTermScope=&multiSearch=&searchType=2&maxPrice=&showResultsPage=true&langId=-1&beginIndex=0&sType=SimpleSearch&browseView=true&metaData=&manufacturer=&resultCatEntryType=&catalogId=10576&pageView=image&minPrice=&urlLangId=-1&categoryId=28164&storeId=10601#removeAllItems" class="btn popup-close removeitems-all" title="">Cancel</a>
	<div class="clear"></div>
	<form id="analytics-data-removeAllItems" name="analytics-data-removeAllItems" method="post" action="" class="hidden" aria-hidden="true">
<input type="hidden" name="DCS.dcsuri" value="/removeAllConfirmation">
<input type="hidden" name="WT.cg_n" value="Order">
<input type="hidden" name="WT.ti" value="Remove All Confirmation">
<input type="hidden" name="WT.cg_s" value="Remove All Items Overlay">
</form>
	<div class="dialogbox-end" tabindex="0">
		<span class="accessibility">end of pop up dialog box</span>
	</div>	
</div><div id="forgotPassForm" class="popup rounded pageShadow" aria-labelledby="forgotPassForm-dialog-title" aria-hidden="true" style="left: 720px; top: 5417px;">
	
	<div id="forgotPassForm-dialog-title">		
		<span class="accessibility">pop up box displayed&nbsp; Forgotten Password</span>
	</div>	
	<h1 tabindex="0" class="dialogbox-start init-focus">
		<span>Forgot</span>your password? 
    </h1>		
	<div class="close pageShadow">
		<a href="http://shop.coles.com.au/online/SearchDisplay?searchTermScope=&multiSearch=&searchType=2&maxPrice=&showResultsPage=true&langId=-1&beginIndex=0&sType=SimpleSearch&browseView=true&metaData=&manufacturer=&resultCatEntryType=&catalogId=10576&pageView=image&minPrice=&urlLangId=-1&categoryId=28164&storeId=10601#forgotPassForm" class="popup-close" title=""> 
			Close this pop up dialog box 
		</a>
	</div>
	
		
	<div class="messageArea"></div>	
	<form id="ResetPasswordForm" class="formLayout" method="post" action="http://shop.coles.com.au/online/PersonChangeServicePasswordReset">
		<input type="hidden" name="challengeAnswer" value="-" id="WC_PasswordResetForm_FormInput_challengeAnswer_In_ResetPasswordForm_1">
		<input type="hidden" name="storeId" value="10601" id="WC_PasswordResetForm_FormInput_storeId_In_ResetPasswordForm_1">
		<input type="hidden" name="catalogId" value="10576" id="WC_PasswordResetForm_FormInput_catalogId_In_ResetPasswordForm_1">
		<input type="hidden" name="langId" value="-1" id="WC_PasswordResetForm_FormInput_langId_In_ResetPasswordForm_1">
		<input type="hidden" name="state" value="passwdconfirm" id="WC_PasswordResetForm_FormInput_state_In_ResetPasswordForm_1">
		<input type="hidden" name="URL" value="AjaxActionResponse" id="WC_PasswordResetForm_FormInput_URL_In_ResetPasswordForm_1">
		<input type="hidden" name="errorViewName" value="AjaxActionErrorResponse" id="WC_PasswordResetForm_FormInput_errorViewName_In_ResetPasswordForm_1">
		<div class="wrap">
			<p>No worries. Enter the email address you used to register, and we’ll send you a message with instructions on how to reset your password.</p>
			<div class="row">
				<label for="WC_PasswordResetForm_FormInput_logonId_In_ResetPasswordForm_1">Email address:</label>
				<input type="email" id="WC_PasswordResetForm_FormInput_logonId_In_ResetPasswordForm_1" name="logonId" autocorrect="off" class="w-70 v-mandatory v-email v-maxchars-254" aria-required="true">
			</div>
			<div class="clear"></div>
		</div>					
		<input type="submit" class="btn-grey popup-launch-forgotPassConfirm" title="" value="Send email" name="btnResetPassword">	
		<a role="button" href="http://shop.coles.com.au/online/SearchDisplay?searchTermScope=&multiSearch=&searchType=2&maxPrice=&showResultsPage=true&langId=-1&beginIndex=0&sType=SimpleSearch&browseView=true&metaData=&manufacturer=&resultCatEntryType=&catalogId=10576&pageView=image&minPrice=&urlLangId=-1&categoryId=28164&storeId=10601#forgotPassForm" class="btn popup-close" title="">
			Cancel 
		</a>
		<div class="clear"></div>
	</form>
	    <form id="analytics-data-forgotPassConfirm" name="analytics-data-forgotPassConfirm" method="post" action="" class="hidden" aria-hidden="true">
<input type="hidden" name="DCS.dcsuri" value="/forgotpassword">
<input type="hidden" name="WT.cg_n" value="Register">
<input type="hidden" name="WT.ti" value="Forgot your password">
</form>
    <div class="dialogbox-end" tabindex="0">
     <span class="accessibility">end of pop up dialog box</span>
    </div>
</div><div id="localisation" class="popup rounded pageShadow" aria-labelledby="localisation-dialog-title" aria-hidden="true" style="left: 720px; top: 5417px;">
	
	
	<div id="localisation-dialog-title">		
		<span class="accessibility">pop up box displayed&nbsp;tell us your location</span>
	</div>	
	 
	
	
    <h1 tabindex="0" class="dialogbox-start init-focus">
    	<span>Let’s</span>&nbsp;get started     
    </h1>
    <div class="close pageShadow">
    	<a href="http://shop.coles.com.au/online/SearchDisplay?searchTermScope=&multiSearch=&searchType=2&maxPrice=&showResultsPage=true&langId=-1&beginIndex=0&sType=SimpleSearch&browseView=true&metaData=&manufacturer=&resultCatEntryType=&catalogId=10576&pageView=image&minPrice=&urlLangId=-1&categoryId=28164&storeId=10601#localisation" class="popup-close" title="">Close this pop up dialog box</a>
    </div>
	
	<form id="localisationForm" class="formLayout" method="post" action="http://shop.coles.com.au/online/COLLocalisationControllerCmd">
		<input type="hidden" name="redirectUrl" value="">
		<input type="hidden" name="suburbPostCodeId" value="">
		<input type="hidden" name="serviceType" value="">
		<input type="hidden" name="externalffmcId" value="">	
		<input type="hidden" name="state" value="">	
		<input type="hidden" name="score" value="">	
		<input type="hidden" name="collectionpoint" value="">	
		<input type="hidden" name="suburb" value="">	
		<input type="hidden" name="zoneid" value="">	
		<input type="hidden" name="postcode" value="">	
		<input type="hidden" name="longitude" value="">	
		<input type="hidden" name="latitude" value="">
		
		<div class="wrap">
			<p>Please enter your suburb and postcode so we can show you what's available locally.</p>
			<div class="messageArea"></div>
			<div class="row">
				<label for="txtLocalPostcode" class="w-100">Suburb and Postcode<span class="accessibility"> (After entering 3 characters a list of options will display. Use tab key to navigate list.)</span>:</label>
				<div class="v-holder">
					<input type="text" id="txtLocalPostcode" name="txtLocalPostcode" autocomplete="off" value="" autocorrect="off" class="w-50 v-mandatory pred-localisation init-focus" aria-required="true"><div class="pred-menu hidden" aria-hidden="true"><ul></ul></div>
				</div>
			</div>
		</div>
		<p class="noOutline" id="acc-setLocalisation-focus" tabindex="-1"></p>
		<input type="submit" class="btn-grey" role="button" title="Submit" value="Submit" name="btnCheckPostcode">
		
				<div class="clear"></div>
				<hr>
				<p>Shopped with us before?&nbsp;<a href="http://shop.coles.com.au/online/SearchDisplay?searchTermScope=&multiSearch=&searchType=2&maxPrice=&showResultsPage=true&langId=-1&beginIndex=0&sType=SimpleSearch&browseView=true&metaData=&manufacturer=&resultCatEntryType=&catalogId=10576&pageView=image&minPrice=&urlLangId=-1&categoryId=28164&storeId=10601#logIn" class="popup-launch action-login" title="Log in">Log in</a></p>
			
	</form>
	<form id="analytics-data-localizationForm" name="analytics-data-localizationForm" method="post" action="" class="hidden" aria-hidden="true">
<input type="hidden" name="DCS.dcsuri" value="/localisationForm">
<input type="hidden" name="WT.cg_n" value="Register">
<input type="hidden" name="WT.ti" value="Localisation">
</form>
     <div class="dialogbox-end" tabindex="0">
		<span class="accessibility">end of pop up dialog box</span>
	 </div>
</div><div id="changeLocation" class="popup rounded pageShadow" aria-labelledby="changeLocation-dialog-title" aria-hidden="true" style="left: 720px; top: 5417px;">
    
    
	<div id="changeLocation-dialog-title">		
		<span class="accessibility">pop up box displayed Localisation Change</span>
	</div>	
	 
	    
    <h1 tabindex="0" class="dialogbox-start init-focus"><span>Choose</span> a location to shop</h1>
	<div class="close pageShadow"><a href="http://shop.coles.com.au/online/SearchDisplay?searchTermScope=&multiSearch=&searchType=2&maxPrice=&showResultsPage=true&langId=-1&beginIndex=0&sType=SimpleSearch&browseView=true&metaData=&manufacturer=&resultCatEntryType=&catalogId=10576&pageView=image&minPrice=&urlLangId=-1&categoryId=28164&storeId=10601#changeLocation" class="popup-close" title="">Close this pop up dialog box</a></div>
	
	<form id="changeLocationForm" class="formLayout" method="post" action="http://shop.coles.com.au/online/COLLocalisationControllerCmd">
		<input type="hidden" name="redirectUrl" value="">
		<input type="hidden" name="suburbPostCodeId" value="">
		<input type="hidden" name="serviceType" value="">
		<input type="hidden" name="externalffmcId" value="">	
		<input type="hidden" name="state" value="">	
		<input type="hidden" name="score" value="">	
		<input type="hidden" name="collectionpoint" value="">	
		<input type="hidden" name="suburb" value="">	
		<input type="hidden" name="zoneid" value="">	
		<input type="hidden" name="postcode" value="">	
		<input type="hidden" name="longitude" value="">	
		<input type="hidden" name="latitude" value="">
			
		<div class="wrap">
			<div class="messageArea"></div>
			<div class="row">
				<h2>Change location</h2>
				<label for="txtLocalPostcode" class="w-100">Suburb and Postcode<span class="accessibility"> (After entering 3 characters a list of options will display. Use tab key to navigate list.)</span>:</label>
				<div class="v-holder">
					<input type="text" id="txtLocalPostcode" name="txtLocalPostcode" autocomplete="off" value="" class="w-50 v-mandatory pred-localisation init-focus" aria-required="true"><div class="pred-menu hidden" aria-hidden="true"><ul></ul></div>
				</div>
			</div>
		</div>
		<p class="noOutline" id="change-location-focus" tabindex="-1"></p>
		<input type="submit" class="btn-grey" role="button" title="Submit" value="Submit" name="btnCheckPostcode">
		
		<a href="http://shop.coles.com.au/online/SearchDisplay?searchTermScope=&multiSearch=&searchType=2&maxPrice=&showResultsPage=true&langId=-1&beginIndex=0&sType=SimpleSearch&browseView=true&metaData=&manufacturer=&resultCatEntryType=&catalogId=10576&pageView=image&minPrice=&urlLangId=-1&categoryId=28164&storeId=10601#changeLocation" class="btn popup-close" title="Choose later">Choose later</a>
		<div class="clear"></div>
	</form>
	<form id="analytics-data-locationChange" name="analytics-data-locationChange" method="post" action="" class="hidden" aria-hidden="true">
<input type="hidden" name="DCS.dcsuri" value="/changeLocation">
<input type="hidden" name="WT.cg_n" value="Register">
<input type="hidden" name="WT.ti" value="Change Location">
</form>
     <div class="dialogbox-end" tabindex="0">
		<span class="accessibility">end of pop up dialog box</span>
	 </div>
</div><div id="MultibuyRedirect" class="popup rounded pageShadow" aria-labelledby="MultibuyRedirect-dialog-title" aria-hidden="true" style="left: 720px; top: 5417px;">	
	
	<div id="MultibuyRedirect-dialog-title">		
		<span class="accessibility">pop up box displayed&nbsp;redirecting to your local specials</span>
	</div>	
	<div class="msg msg-warning">
		<h1>Let's check your local Coles</h1>
		<p>We're sending you to your local Coles so you can see what specials are on offer there.</p>
		<br>
		<a href="http://shop.coles.com.au/online/SearchDisplay?searchTermScope=&multiSearch=&searchType=2&maxPrice=&showResultsPage=true&langId=-1&beginIndex=0&sType=SimpleSearch&browseView=true&metaData=&manufacturer=&resultCatEntryType=&catalogId=10576&pageView=image&minPrice=&urlLangId=-1&categoryId=28164&storeId=10601#" class="action-multibuy-redirect" title="">Click here to see your local specials if it's not happening automatically</a>
	</div>
	<div class="dialogbox-end" tabindex="0">
		<span class="accessibility">end of pop up dialog box</span>
	 </div>
</div><div id="multiSKUPromotionOverlay" class="popup rounded pageShadow promo" aria-labelledby="multiSKUPromotionOverlay-dialog-title" data-multiskupromo="{storeId: &#39;10601&#39;,
							catalogId: &#39;10576&#39;,
							langId: &#39;-1&#39;,
							catEntryIds:&#39;&#39;,
							promotionId:&#39;&#39;}" aria-hidden="true" style="left: 720px; top: 5413.5px;">	
	
	<div id="multiSKUPromotionOverlay-dialog-title">		
		<span class="accessibility">pop up box displayed&nbsp; multi buy promotion</span>
	</div>	
	
	<h1 tabindex="0" class="dialogbox-start init-focus"> <span class="accessibility">On special</span></h1>
	<div class="close pageShadow"><a href="http://shop.coles.com.au/online/SearchDisplay?searchTermScope=&multiSearch=&searchType=2&maxPrice=&showResultsPage=true&langId=-1&beginIndex=0&sType=SimpleSearch&browseView=true&metaData=&manufacturer=&resultCatEntryType=&catalogId=10576&pageView=image&minPrice=&urlLangId=-1&categoryId=28164&storeId=10601#multiSKUPromotionOverlay" class="popup-close" title="">Close this pop up dialog box</a></div>
	<div class="offer"><span class="icon"></span></div>
	<div class="promotion-Details">
		
		
	</div>
	<div class="list-view">
		
	</div>
	<a role="button" href="http://shop.coles.com.au/online/SearchDisplay?searchTermScope=&multiSearch=&searchType=2&maxPrice=&showResultsPage=true&langId=-1&beginIndex=0&sType=SimpleSearch&browseView=true&metaData=&manufacturer=&resultCatEntryType=&catalogId=10576&pageView=image&minPrice=&urlLangId=-1&categoryId=28164&storeId=10601#multiSKUPromotionOverlay" class="popup-close btn-grey" title="">Continue Shopping</a>
    <div class="dialogbox-end" tabindex="0">
		<span class="accessibility">end of pop up dialog box</span>
	 </div>
</div><div id="specialOffer" class="popup rounded pageShadow" aria-labelledby="specialOffer-dialog-title" data-specialoffer="{storeId: &#39;10601&#39;, catalogId: &#39;10576&#39;, langId: &#39;-1&#39;, productId: &#39;&#39;}" aria-hidden="true" style="left: 720px; top: 5417px;">
	<div id="specialOffer-dialog-title">		
		<span class="accessibility">pop up box displayed&nbsp; Special Offer</span>
	</div>
	<form id="analytics-data-specialOffer" name="analytics-data-specialOffer" method="post" action="" class="hidden" aria-hidden="true">
<input type="hidden" name="DCS.dcsuri" value="/specialOffer">
<input type="hidden" name="WT.cg_n" value="Order">
<input type="hidden" name="WT.ti" value="Special Offer">
<input type="hidden" name="WT.cg_s" value="Special Offer Overlay">
</form>
	
    <div class="dialogbox-end" tabindex="0">
		<span class="accessibility">end of pop up dialog box</span>
	 </div>
</div><div id="modifyOrder" class="popup rounded pageShadow" data-modifyorder="{
			storeId:&#39;10601&#39;,
			catalogId:&#39;10576&#39;,
			langId:&#39;-1&#39;,
			orderId:&#39;&#39;,
            orderTotal:&#39;&#39;
			}" aria-labelledby="modifyOrder-dialog-title" aria-hidden="true" style="left: 720px; top: 5417px;">
			
	
	<div id="modifyOrder-dialog-title">		
		<span class="accessibility">pop up box displayed&nbsp;Modify Order</span>
	</div>	
	<h1 id="dialog-title" tabindex="0" class="dialogbox-start init-focus">
		<span>Are you sure?</span>&nbsp;
		
	</h1>

	<div class="close pageShadow">
		<a href="http://shop.coles.com.au/online/SearchDisplay?searchTermScope=&multiSearch=&searchType=2&maxPrice=&showResultsPage=true&langId=-1&beginIndex=0&sType=SimpleSearch&browseView=true&metaData=&manufacturer=&resultCatEntryType=&catalogId=10576&pageView=image&minPrice=&urlLangId=-1&categoryId=28164&storeId=10601#modifyOrder" class="popup-close" title="">Close this pop up dialog box</a>
	</div>	
	
	<div class="messageArea"></div>
	<div class="wrap">
		<p>Before you modify, there are 3 things to consider:</p><ol><li>You will receive <strong>today’s prices and specials* </strong>on your<strong> entire order</strong></li><li>You must <strong>check out again, </strong>or you won’t receive your order</li><li>We can hold your  delivery time for 2 hours maximum</li></ol>*Most specials change early Wednesday (Sydney time). Fruit &amp; veg specials change early Friday (Sydney time).<p></p>
		<a role="button" href="" class="btn-grey-dbl action-btn action-add-items" title="Add or remove items">Add or remove items</a>	
		
				<a role="button" href="" class="btn-grey-dbl action-btn action-change-time" title="Change the delivery time of this order">Change my delivery time</a>
			
				<a role="button" href="http://shop.coles.com.au/online/SearchDisplay?searchTermScope=&multiSearch=&searchType=2&maxPrice=&showResultsPage=true&langId=-1&beginIndex=0&sType=SimpleSearch&browseView=true&metaData=&manufacturer=&resultCatEntryType=&catalogId=10576&pageView=image&minPrice=&urlLangId=-1&categoryId=28164&storeId=10601#" class="btn-grey-dbl action-btn action-change-fulfilment" title="Change to collect instead of delivery">Change to collect</a>
			
		<a role="button" href="" class="btn-grey-dbl noMargin action-btn action-change-payment" title="Change the payment method of this order">Change my payment method</a>
		<div class="clear"></div>
	</div>
	<div class="buttons">
		<a href="http://shop.coles.com.au/online/SearchDisplay?searchTermScope=&multiSearch=&searchType=2&maxPrice=&showResultsPage=true&langId=-1&beginIndex=0&sType=SimpleSearch&browseView=true&metaData=&manufacturer=&resultCatEntryType=&catalogId=10576&pageView=image&minPrice=&urlLangId=-1&categoryId=28164&storeId=10601#modifyOrder" class="btn popup-close" title="Close this window">Close</a>
	</div>
	<div class="clear"></div>
	<form id="analytics-data-modifyOrder" name="analytics-data-modifyOrder" method="post" action="" class="hidden" aria-hidden="true">
<input type="hidden" name="DCS.dcsuri" value="/modifyOrder">
<input type="hidden" name="WT.ti" value="Modify Order">
</form>
	    <div class="dialogbox-end" tabindex="0">
			<span class="accessibility">end of pop up dialog box</span>
		</div>
	    
</div><div id="alternativesOverlay" aria-labelledby="alternativesOverlay-dialog-title" class="popup rounded pageShadow" data-refresh="{refreshId:&#39;alternativesOverlay&#39;, 
				catEntryId: &#39;&#39;, quantity: &#39;&#39;, catalogId: &#39;10576&#39;,
				storeId: &#39;10601&#39;, langId: &#39;-1&#39;, orderId: &#39;&#39;, 
				forStoreId: &#39;&#39;, fulfillmentCenterId_1: &#39;&#39;, 
				orderItemId: &#39;&#39;}" aria-hidden="true" style="left: 720px; top: 5417px;">
	<div id="alternativesOverlay-dialog-title">		
		<span class="accessibility">pop up box displayed&nbsp; Product Alternatives</span>
	</div>
<form id="analytics-data" name="analytics-data" method="post" action="" class="hidden" aria-hidden="true">
<input type="hidden" name="DCS.dcsuri" value="/alternatives">
<input type="hidden" name="WT.cg_n" value="Order">
<input type="hidden" name="WT.ti" value="Alternatives">
<input type="hidden" name="WT.cg_s" value="Alternatives Overlay">
</form>
      <div class="dialogbox-end" tabindex="0">
		<span class="accessibility">end of pop up dialog box</span>
	 </div>
</div><div id="QASListOverlay" class="popup rounded pageShadow popup-unclosable" aria-labelledby="QASListOverlay-dialog-title" aria-hidden="true" style="left: 720px; top: 5417px;">

	<div id="QASListOverlay-dialog-title">		
		<span class="accessibility">pop up box displayed&nbsp;address validation</span>
	</div>
	<h1 tabindex="0" class="dialogbox-start init-focus"><span>Select </span>&nbsp;a delivery address</h1>
	<div class="messageArea"></div>
	<div id="QASList">
		<p id="QASInfoText">Please select one of the options below:</p>
	</div>
	<button href="#" class="btn-grey btn-disabled" name="btnSelectAddress" role="button" disabled="disabled" title="Ok">Ok</button>
	<div class="clear"></div>
	<form id="analytics-data-deletDeliveryAddressOverlay" name="analytics-data-deletDeliveryAddressOverlay" method="post" action="" class="hidden" aria-hidden="true">
<input type="hidden" name="DCS.dcsuri" value="/QASList">
<input type="hidden" name="WT.cg_n" value="Member">
<input type="hidden" name="WT.ti" value="Display a list of addresses">
<input type="hidden" name="WT.cg_s" value="QAS List Overlay">
</form>
    <div class="dialogbox-end" tabindex="0">
		<span class="accessibility">end of pop up dialog box</span>
	</div>
    
</div><div id="forgotPassConfirm" class="popup rounded pageShadow" aria-labelledby="forgotPassConfirm-dialog-title" aria-hidden="true" style="left: 720px; top: 5417px;">
	
	<div class="forgotPassConfirm-dialog-title">		
		<span class="accessibility">pop up box displayed&nbsp; Forgotten Password Confirmation</span>
	</div>	
	<h1 tabindex="0" class="dialogbox-start init-focus">
		<span></span>
		An email is on its way		 
	</h1>	
	<div class="close pageShadow">
		<a href="http://shop.coles.com.au/online/SearchDisplay?searchTermScope=&multiSearch=&searchType=2&maxPrice=&showResultsPage=true&langId=-1&beginIndex=0&sType=SimpleSearch&browseView=true&metaData=&manufacturer=&resultCatEntryType=&catalogId=10576&pageView=image&minPrice=&urlLangId=-1&categoryId=28164&storeId=10601#forgotPassConfirm" class="popup-close" title=""> 
			Close this pop up dialog box
		</a>
	</div>	
	
	<div class="wrap">
		<p>
			We’ve sent instructions for resetting your password to your email address.
		</p>
		<div class="clear"></div>
	</div>
	<a role="button" href="http://shop.coles.com.au/online/SearchDisplay?searchTermScope=&multiSearch=&searchType=2&maxPrice=&showResultsPage=true&langId=-1&beginIndex=0&sType=SimpleSearch&browseView=true&metaData=&manufacturer=&resultCatEntryType=&catalogId=10576&pageView=image&minPrice=&urlLangId=-1&categoryId=28164&storeId=10601#forgotPassConfirm" class="btn-grey popup-close" title="">
		Close
	</a>
	<div class="clear"></div>
    <form id="analytics-data-forgotPassConfirm" name="analytics-data-forgotPassConfirm" method="post" action="" class="hidden" aria-hidden="true">
<input type="hidden" name="DCS.dcsuri" value="/forgotPassConfirm">
<input type="hidden" name="WT.cg_n" value="Register">
<input type="hidden" name="WT.ti" value="Forgot Password Confirmation">
</form> 
    <div class="dialogbox-end" tabindex="0">
		<span class="accessibility">end of pop up dialog box</span>
	</div>
</div><div id="createNewList" class="popup rounded pageShadow" aria-labelledby="createNewList-dialog-title" aria-hidden="true" style="left: 720px; top: 5417px;">
	<div id="createNewList-dialog-title">		
		<span class="accessibility">pop up box displayed&nbsp;create a new list</span>
	</div>
    <h1 id="dialog-title" tabindex="0" class="dialogbox-start init-focus"><span>Create</span> a new list</h1>
	<div class="close pageShadow"><a href="http://shop.coles.com.au/online/SearchDisplay?searchTermScope=&multiSearch=&searchType=2&maxPrice=&showResultsPage=true&langId=-1&beginIndex=0&sType=SimpleSearch&browseView=true&metaData=&manufacturer=&resultCatEntryType=&catalogId=10576&pageView=image&minPrice=&urlLangId=-1&categoryId=28164&storeId=10601#createNewList" class="popup-close" title="">Close this pop up dialog box</a></div>
	
	<div class="messageArea"></div>
	<form class="formLayout" name="createList" id="createList" method="post" action="http://shop.coles.com.au/online/AjaxGiftListServiceCreate">
		<input type="hidden" name="langId" value="-1">
		<input type="hidden" name="storeId" value="10401">
		<input type="hidden" name="catalogId" value="10576">
		<input type="hidden" name="successView" value="">
		
		<div class="wrap">
			<label for="name" class="w-80">Name:</label>
			<input type="text" id="name" name="name" class="w-80 v-mandatory" placeholder="i.e. Jane&#39;s birthday party" title="i.e. Jane&#39;s birthday party" aria-required="true"> 
			<label for="location" class="w-80">Location: </label>
			<input type="text" id="location" name="location" class="w-80 v-mandatory" aria-required="true">
			<p><a href="http://shop.coles.com.au/online/SearchDisplay?searchTermScope=&multiSearch=&searchType=2&maxPrice=&showResultsPage=true&langId=-1&beginIndex=0&sType=SimpleSearch&browseView=true&metaData=&manufacturer=&resultCatEntryType=&catalogId=10576&pageView=image&minPrice=&urlLangId=-1&categoryId=28164&storeId=10601#" class="address-tooltip" title="">Why do I need to choose an address?</a></p>
		</div>
		<div class="clear"></div>			
		<div class="buttons">
			<button name="btnCreateList" id="btnCreateList" type="submit" class="btn-grey" role="button">Create list</button>
		 	<a href="http://shop.coles.com.au/online/SearchDisplay?searchTermScope=&multiSearch=&searchType=2&maxPrice=&showResultsPage=true&langId=-1&beginIndex=0&sType=SimpleSearch&browseView=true&metaData=&manufacturer=&resultCatEntryType=&catalogId=10576&pageView=image&minPrice=&urlLangId=-1&categoryId=28164&storeId=10601#createNewList" class="btn popup-close" title="">Cancel</a>
		</div>
		<div class="clear"></div>
	</form>
	<form id="analytics-data-createNewList" name="analytics-data-createNewList" method="post" action="" class="hidden" aria-hidden="true">
<input type="hidden" name="DCS.dcsuri" value="/createList">
<input type="hidden" name="WT.ti" value="Create List">
</form>
    <div class="dialogbox-end" tabindex="0">
		<span class="accessibility">end of pop up dialog box</span>
	</div>
</div><div id="deleteList" class="popup rounded pageShadow" aria-labelledby="deleteList-dialog-title" aria-hidden="true" style="left: 720px; top: 5417px;">
	<div id="deleteList-dialog-title">		
		<span class="accessibility">pop up box displayed&nbsp;Delete&nbsp;list</span>
	</div>
	<h1 id="dialog-title" tabindex="0" class="dialogbox-start init-focus"><span>Delete
	</span>&nbsp;list
	</h1>
	<div class="close pageShadow"><a href="http://shop.coles.com.au/online/SearchDisplay?searchTermScope=&multiSearch=&searchType=2&maxPrice=&showResultsPage=true&langId=-1&beginIndex=0&sType=SimpleSearch&browseView=true&metaData=&manufacturer=&resultCatEntryType=&catalogId=10576&pageView=image&minPrice=&urlLangId=-1&categoryId=28164&storeId=10601#deleteList" class="popup-close" title="">Close this pop up dialog box</a></div>
	
	<div class="messageArea"></div>
	 
	<form id="deleteListForm" class="formLayout" method="post" action="http://shop.coles.com.au/online/AjaxGiftListServiceDeleteGiftList">
		<input type="hidden" name="langId" value="-1">
		<input type="hidden" name="storeId" value="10401">
		<input type="hidden" name="catalogId" value="10576">
		<input type="hidden" name="successView" value="https://shop.coles.com.au/online/ColesMyListsView?catalogId=10576&amp;urlLangId=-1&amp;langId=-1&amp;storeId=10601">
		
		<div class="wrap">
			<p>Please confirm you would like to delete the following list:</p>
			<input type="hidden" name="giftListId" value="" id="giftListId">
			<p id="listName" class="focusItem"></p>
			<div class="clear"></div>
		</div>
		<div class="buttons">
			<button name="btnDeleteList" id="btnDeleteList" type="submit" class="btn-grey">Yes, I want to delete this list</button>
			<a href="http://shop.coles.com.au/online/SearchDisplay?searchTermScope=&multiSearch=&searchType=2&maxPrice=&showResultsPage=true&langId=-1&beginIndex=0&sType=SimpleSearch&browseView=true&metaData=&manufacturer=&resultCatEntryType=&catalogId=10576&pageView=image&minPrice=&urlLangId=-1&categoryId=28164&storeId=10601#deleteList" class="btn popup-close" title="">No, don't delete this list</a>
		</div>
		<div class="clear"></div>
	</form>
	<form id="analytics-data-createNewList" name="analytics-data-createNewList" method="post" action="" class="hidden" aria-hidden="true">
<input type="hidden" name="DCS.dcsuri" value="/deleteList">
<input type="hidden" name="WT.ti" value="Delete List">
</form>
	 <div class="dialogbox-end" tabindex="0">
		<span class="accessibility">end of pop up dialog box</span>
	</div>
    </div><div id="editList" class="popup rounded pageShadow" aria-labelledby="editList-dialog-title" aria-hidden="true" style="left: 720px; top: 5417px;">
	<div id="editList-dialog-title">		
		<span class="accessibility">pop up box displayed&nbsp;edit name of list</span>
	</div>
    <h1 id="dialog-title" tabindex="0" class="dialogbox-start init-focus"><span>Edit</span> list</h1>
	<div class="close pageShadow"><a href="http://shop.coles.com.au/online/SearchDisplay?searchTermScope=&multiSearch=&searchType=2&maxPrice=&showResultsPage=true&langId=-1&beginIndex=0&sType=SimpleSearch&browseView=true&metaData=&manufacturer=&resultCatEntryType=&catalogId=10576&pageView=image&minPrice=&urlLangId=-1&categoryId=28164&storeId=10601#editList" class="popup-close" title="">Close this pop up dialog box</a></div>
    <form id="editListForm" class="formLayout" method="post" action="http://shop.coles.com.au/online/AjaxGiftListServiceUpdateDescription">
		<input type="hidden" name="langId" value="-1">
		<input type="hidden" name="storeId" value="10401">
		<input type="hidden" name="catalogId" value="10576">
		<input type="hidden" name="giftListId" value="" id="giftListId">
		<div class="wrap">
				<label for="name" class="w-80">Name:</label>
				<input type="text" id="name" name="name" value="" class="w-80 v-mandatory" aria-required="true">
				<label for="location" class="w-80">Location:</label>
				<input type="text" id="location" name="location" value="" class="w-80 v-mandatory" aria-required="true">
		<p><a href="http://shop.coles.com.au/online/SearchDisplay?searchTermScope=&multiSearch=&searchType=2&maxPrice=&showResultsPage=true&langId=-1&beginIndex=0&sType=SimpleSearch&browseView=true&metaData=&manufacturer=&resultCatEntryType=&catalogId=10576&pageView=image&minPrice=&urlLangId=-1&categoryId=28164&storeId=10601#" class="address-tooltip" title="">Why do I need to choose an address?</a></p>
		</div>
		<div class="clear"></div>
		<div class="buttons">
			<button name="btnEditList" type="submit" class="btn-grey">Save changes</button>
			<a href="http://shop.coles.com.au/online/SearchDisplay?searchTermScope=&multiSearch=&searchType=2&maxPrice=&showResultsPage=true&langId=-1&beginIndex=0&sType=SimpleSearch&browseView=true&metaData=&manufacturer=&resultCatEntryType=&catalogId=10576&pageView=image&minPrice=&urlLangId=-1&categoryId=28164&storeId=10601#editList" class="btn popup-close" title="">Cancel</a>
		</div>
		<div class="clear"></div>
	</form>
	<form id="analytics-data-editList" name="analytics-data-editList" method="post" action="" class="hidden" aria-hidden="true">
<input type="hidden" name="DCS.dcsuri" value="/editList">
<input type="hidden" name="WT.ti" value="Edit List">
</form>
    <div class="dialogbox-end" tabindex="0">
		<span class="accessibility">end of pop up dialog box</span>
	</div>
</div></body></html>