<!doctype html>


<html class="no-js not-ready" lang="en" id="coles">
	<head>
		<meta charset="utf-8">

		<meta http-equiv="X-UA-Compatible" content="IE=8, IE=9,chrome=1">

		
		
				<title>Pantry | National</title>
			
				<meta name="robots" content="index,follow">
			
		<meta name="description" content="Pantry">
		<meta name="keywords" content="CategoryKeyword">
		<meta name="viewport" content="width=device-width">
		
		<link rel="canonical" href="http://shop.coles.com.au/online/national/pantry">
		
		<link rel="shortcut icon" href="/wcsstore/ColesStorefrontAssetStore/dist/8784d175201f/images/favicon.ico">
		<link rel="apple-touch-icon-precomposed" href="/wcsstore/ColesStorefrontAssetStore/dist/8784d175201f/images/ICN_57x57.png">
		<link rel="apple-touch-icon-precomposed" sizes="72x72" href="/wcsstore/ColesStorefrontAssetStore/dist/8784d175201f/images/ICN_72x72.png">
		<link rel="apple-touch-icon-precomposed" sizes="114x114" href="/wcsstore/ColesStorefrontAssetStore/dist/8784d175201f/images/ICN_114x114.png">
		<link rel="stylesheet" href="/wcsstore/ColesStorefrontAssetStore/dist/8784d175201f/theme/screen.css" media="all">
		<link rel="stylesheet" href="/wcsstore/ColesStorefrontAssetStore/dist/8784d175201f/theme/print.css" media="print">
		
	   <script type="text/javascript">
		    // ======================= VARIABLES ===================================
		    // A LivePerson variable can be defined in one of three different scopes:
		    // 'page' - exists on the current page only
		    // 'session' - exists for the current visitor session
		    // Each object must contain: scope, name, value
		    //defining lpTag required on every page where variables or section are sent from 
		 	 var lpTag = lpTag || {}; lpTag.vars = lpTag.vars  || []; lpTag.dbs = lpTag.dbs || [];
	 	</script>
		
		
<script src="/wcsstore/ColesStorefrontAssetStore/dist/8784d175201f/libs/boomerang.js"></script>
<script type="text/javascript"> 
BOOMR.init({
beacon_url: "/wcsstore/ColesStorefrontAssetStore/dist/8784d175201f/images/diagnostics/beacon.gif",
site_domain: "shop.coles.com.au",
autorun: false,
log: function() {}
});
</script>
<script src="/wcsstore/ColesStorefrontAssetStore/dist/8784d175201f/dojo/dojo.js" data-dojo-config="async: 1, baseUrl: '/wcsstore/ColesStorefrontAssetStore/dist/8784d175201f'"></script>
<script src="/wcsstore/ColesStorefrontAssetStore/dist/8784d175201f/coles/boot.js" data-script-class="search"></script>

<script defer>
// Push store text into JavaScript (specifically for user agent)
require(["coles/components/message"], function(message){

	
	message.set('USER_AGENT_TABLET', 'iPad,iPhone');
});
</script>
<script>
	// Create a loading framework for external JavaScript (contained in eSpots)
	function loadScript(url, callback){

	    var script = document.createElement("script")
	    script.type = "text/javascript";
	    script.async = true;
	    if (script.readyState){  //IE
	        script.onreadystatechange = function(){
	            if (script.readyState == "complete"){
	                script.onreadystatechange = null;
	                callback();
	            }
	        };
	    } else {  //Others
	        script.onload = function(){
	            callback();
	        };
	    }
	    script.src = url;
	    // For non compliant html5 support (IE8/WindowsXP) issue, insert into Head
	    document.head = document.head || document.getElementsByTagName('head')[0];
	    document.head.appendChild(script);
	}
</script>


<script defer>
	require(["coles/common/environment"], function(env){
		env.WT_ID = 'dcss9egqp00000sthfwe6qrxc_3j1n';
	});
</script>

<script defer>
	require(["coles/common/environment"], function(env){
		env.GIGYA_KEY = '2_IXv0rb_ZJqXC8T8y-Mmf4G954_4QuB-bxW91oVjpf8_aBsunPkSbBD2mGNWxc1mx';
	});
</script>

	</head>
</html>



	<body class="search">
	
	<div id="frmCategoryPage" class="hidden" data-cookie="25573|25573|25573"></div>

		<div id="promoContainer">
			<div id="container" class="pageShadow rounded">
				
<form action="COLLocalisationControllerCmd" method="post" name="localisationData" id="localisationData" class="hidden" aria-hidden="true">
	<input type="hidden" name="fullURL" value="http://shop.coles.com.au/webapp/wcs/stores/servlet/national/pantry/pantry" />
	<input type="hidden" name="fullURLHttps" value="https://shop.coles.com.au/webapp/wcs/stores/servlet/national/pantry/pantry" />
	<input type="hidden" name="currentStoreId" value="10601" />
	<input type="hidden" name="currentCatalogId" value="10576" />	
	<input type="hidden" name="localisedStoreId" value="" />
	<input type="hidden" name="localisedCatalogId" value="" />
	<input type="hidden" name="localisationState" value="" />
	<input type="hidden" name="suburb" value="" />	
	<input type="hidden" name="postcode" value="" />
	<input type="hidden" name="zipCode" value="" />	
	<input type="hidden" name="longitude" value="" />
	<input type="hidden" name="latitude" value="" />
	<input type="hidden" name="externalffmcId" value="" />
	<input type="hidden" name="redirectUrl" value="" />
	<input type="hidden" name="suburbPostCodeId" value="" />
	<input type="hidden" name="serviceType" value="" />
	<input type="hidden" name="suburbServiceability" value="" />
	<input type="hidden" name="state" value="" />	
	<input type="hidden" name="country" value="AU" />	
	<input type="hidden" name="score" value="" />	
	<input type="hidden" name="collectionpoint" value="" />	
	<input type="hidden" name="zoneId" value="" />	
	<input type="hidden" name="stlocId" value="" />
	<input type="hidden" name="addressId" value="" />
	
	<input type="hidden" name="localisationTrigger" value="" />	
	<input type="hidden" name="userType" value="G" />
		
	
	<input type="hidden" name="URL" value="" />
	<input type="hidden" name="errorViewName" value="" />
	<input type="hidden" name="inputSuburbPostCodeId" value="" />
	<input type="hidden" name="ProfileBusinessUser_null_a_1" value="" />	
	<input type="hidden" name="ProfileBusinessCustomerName_null_a_1" value="" />	
	<input type="hidden" name="ProfileBusinessCustomerABN_null_a_1" value="" />	
	<input type="hidden" name="firstName" value="" />	
	<input type="hidden" name="lastName" value="" />	
	<input type="hidden" name="logonId" value="" />	
	<input type="hidden" name="dateOfBirth" value="" />	
	<input type="hidden" name="logonPassword" value="" />	
	<input type="hidden" name="logonPasswordVerify" value="" />	
	<input type="hidden" name="chkSubscriptionRegister" value="" />
	<input type="hidden" name="emailPreference" value="" />
	
	
	<input type="hidden" name="storeId" value="10601" />
	<input type="hidden" name="catalogId" value="10576" />	
	<input type="hidden" name="fulfillmentCenterId" value="11576" />	
	
	<input type="hidden" name="authToken" value=""/>
	<input type="hidden" name="localisationAction" value="https://shop.coles.com.au/online/COLLocalisationControllerCmd?catalogId=10576&langId=-1&storeId=10601"/>
	<input type="hidden" name="registrationAction" value="https://shop.coles.com.au/online/UserRegistrationAdd?catalogId=10576&langId=-1&storeId=10601"/>	
</form>

				<a href="#logIn" title="Login to Coles Online" class="popup-launch action-login accessibility">Login to Coles Online</a>
			
    	<a href="#" id="viewTrolley" class="arrow action-show-viewTrolley accessibility" title="View trolley">View trolley</a>
	 
<a href="#page-heading" title="" class="accessibility">Skip to content </a>

		<a href="#skip-to-products" title="" class="accessibility">Skip to products </a>
	

<div id="header">
	<div class="headerWrapper">
		

<div id="logo">	
	<a href="http://shop.coles.com.au/online/national">
		<img src="/wcsstore/ColesStorefrontAssetStore/dist/8784d175201f/images/logo-coles.png" width="143" height="45" alt="Return to Coles online home" title="Return to Coles online home" />	
	</a>	
</div>

		
        <div class="contact">
			<a href="http://shop.coles.com.au/online/national">Home</a><span class="pie-separator">|</span>
			
			<a href="http://shop.coles.com.au/online/national/contact-us" class="pipe" title="Contact us">Contact us</a><span class="pie-separator">|</span>
			
			<a href="http://shop.coles.com.au/online/national/info/help">Help</a>
		</div>
		<div class="clear"></div>
	<!-- START: LivePerson -->

<script defer>	
	var LP_ID = '40889649'; 
	window.lpTag=window.lpTag||{};if(typeof window.lpTag._tagCount==='undefined'){window.lpTag={site:LP_ID,section:lpTag.section||'',autoStart:lpTag.autoStart===false?false:true,ovr:lpTag.ovr||{},_v:'1.5.1',_tagCount:1,protocol:location.protocol,events:{bind:function(app,ev,fn){lpTag.defer(function(){lpTag.events.bind(app,ev,fn)},0)},trigger:function(app,ev,json){lpTag.defer(function(){lpTag.events.trigger(app,ev,json)},1)}},defer:function(fn,fnType){if(fnType==0){this._defB=this._defB||[];this._defB.push(fn)}else if(fnType==1){this._defT=this._defT||[];this._defT.push(fn)}else{this._defL=this._defL||[];this._defL.push(fn)}},load:function(src,chr,id){var t=this;setTimeout(function(){t._load(src,chr,id)},0)},_load:function(src,chr,id){var url=src;if(!src){url=this.protocol+'//'+((this.ovr&&this.ovr.domain)?this.ovr.domain:'lptag.liveperson.net')+'/tag/tag.js?site='+this.site}var s=document.createElement('script');s.setAttribute('charset',chr?chr:'UTF-8');if(id){s.setAttribute('id',id)}s.setAttribute('src',url);document.getElementsByTagName('head').item(0).appendChild(s)},init:function(){this._timing=this._timing||{};this._timing.start=(new Date()).getTime();var that=this;if(window.attachEvent){window.attachEvent('onload',function(){that._domReady('domReady')})}else{window.addEventListener('DOMContentLoaded',function(){that._domReady('contReady')},false);window.addEventListener('load',function(){that._domReady('domReady')},false)}if(typeof(window._lptStop)=='undefined'){this.load()}},start:function(){this.autoStart=true},_domReady:function(n){if(!this.isDom){this.isDom=true;this.events.trigger('LPT','DOM_READY',{t:n})}this._timing[n]=(new Date()).getTime()},vars:lpTag.vars||[],dbs:lpTag.dbs||[],ctn:lpTag.ctn||[],sdes:lpTag.sdes||[],ev:lpTag.ev||[]};lpTag.init()}else{window.lpTag._tagCount+=1}
</script>
<!-- LivePerson (US5149): Placehodler for a chat button, please put div in the exact location on the page -->
<div id="lpChatButton"></div> 
<!-- END: LivePerson -->

<div class="clear"></div>

<noscript>
	<p>Javascript is not supported, or is disabled in your web browser and is required for this site to function.</p>
</noscript>

		<meta name="CommerceSearch" content="storeId_10601" />
		

<div class="menuWrapper">
	<div id="menu" class="rounded grad-red">
		
<div id="browseAisles" class="megamenu" role="navigation">
	<div id="megamenutip" class="accessibility hidden">Use escape to exit this menu. After exiting this menu, you can navigate the rest of this page.</div>
	
    <a href="#aisleMenu" class="megamenu-launch" title="Shop by Category"><span>Shop by Category</span></a>
	<ul id="aisleMenu" role="menu" >
		
			
			<li>
				
							
					<a role="menuitem" id="aisleMenu_1" aria-haspopup="true" href="http://shop.coles.com.au/online/national/specials-offers" class="aisle" title="Browse the Specials &amp; Offers aisle">
						Specials &amp; Offers <span>&rarr;</span>
					</a>
					
					<div id="menu-1" class="column-list clearfix" data-rows="22" role="navigation">
						<h2>
							<a role="menuitem" id="sub-menu-1_0" class="subCatHeader" title="Specials &amp; Offers Category" href="http://shop.coles.com.au/online/national/specials-offers" >
								Specials &amp; Offers
							</a>
							<span class="aisle-search">&nbsp;
								<a role="menuitem" id="sub-menu-1_1" class="browseAllSubCategory" href="http://shop.coles.com.au/online/national/specials-offers/specials-offers" title="Browse all items" >
								 Browse all items<span>&rarr;</span>
								</a>
							</span>
						</h2>
						
						
					<ul role="menu" id="sub-menu-1" data-col-items="menu-1" class="hidden" >
						
							<li class="section" ><a role="menuitem" id="sub-menu-1_2" href='http://shop.coles.com.au/online/national/specials-offers/bread-bakery-specials-offers' title='Bread &amp; Bakery Specials &amp; Offers sub category'>Bread &amp; Bakery Specials &amp; Offers</a></li>
							
							
								<li><a role="menuitem" id="sub-menu-1_3" href='http://shop.coles.com.au/online/national/specials-offers/bread-bakery-specials-offers/fresh-specials-offers' title='From Our Bakery Specials &amp; Offers'>From Our Bakery Specials &amp; Offers</a></li>
							
								<li><a role="menuitem" id="sub-menu-1_4" href='http://shop.coles.com.au/online/national/specials-offers/bread-bakery-specials-offers/packaged-bread-bakery-specials-offers' title='Packaged Bread &amp; Bakery Specials &amp; Offers'>Packaged Bread &amp; Bakery Specials &amp; Offers</a></li>
							
							<li class="section" ><a role="menuitem" id="sub-menu-1_5" href='http://shop.coles.com.au/online/national/specials-offers/stationery-media-specials-offers' title='Stationery &amp; Media Specials &amp; Offers sub category'>Stationery &amp; Media Specials &amp; Offers</a></li>
							
							
								<li><a role="menuitem" id="sub-menu-1_6" href='http://shop.coles.com.au/online/national/specials-offers/stationery-media-specials-offers/tv-shows-movies-section-specials-offers' title='Cds, Dvds &amp; Blu Rays Specials &amp; Offers'>Cds, Dvds &amp; Blu Rays Specials &amp; Offers</a></li>
							
								<li><a role="menuitem" id="sub-menu-1_7" href='http://shop.coles.com.au/online/national/specials-offers/stationery-media-specials-offers/computer-photo-specials-offers' title='Computer &amp; Photo Specials &amp; Offers'>Computer &amp; Photo Specials &amp; Offers</a></li>
							
								<li><a role="menuitem" id="sub-menu-1_8" href='http://shop.coles.com.au/online/national/specials-offers/stationery-media-specials-offers/stationery-specials-offers' title='Stationery Specials &amp; Offers'>Stationery Specials &amp; Offers</a></li>
							
							<li class="section" ><a role="menuitem" id="sub-menu-1_9" href='http://shop.coles.com.au/online/national/specials-offers/fruit-vegetables-specials-offers' title='Fruit &amp; Vegetables Specials &amp; Offers sub category'>Fruit &amp; Vegetables Specials &amp; Offers</a></li>
							
							
								<li><a role="menuitem" id="sub-menu-1_10" href='http://shop.coles.com.au/online/national/specials-offers/fruit-vegetables-specials-offers/boxes-fruit-veg-specials-offers' title='Boxes Fruit &amp; Veg Specials &amp; Offers'>Boxes Fruit &amp; Veg Specials &amp; Offers</a></li>
							
								<li><a role="menuitem" id="sub-menu-1_11" href='http://shop.coles.com.au/online/national/specials-offers/fruit-vegetables-specials-offers/fruits-specials-offers' title='Fruit Specials &amp; Offers'>Fruit Specials &amp; Offers</a></li>
							
								<li><a role="menuitem" id="sub-menu-1_12" href='http://shop.coles.com.au/online/national/specials-offers/fruit-vegetables-specials-offers/vegetables-specials-offers' title='Vegetables Specials &amp; Offers'>Vegetables Specials &amp; Offers</a></li>
							
								<li><a role="menuitem" id="sub-menu-1_13" href='http://shop.coles.com.au/online/national/specials-offers/fruit-vegetables-specials-offers/salad-herbs-specials-offers' title='Salad &amp; Herbs Specials &amp; Offers'>Salad &amp; Herbs Specials &amp; Offers</a></li>
							
								<li><a role="menuitem" id="sub-menu-1_14" href='http://shop.coles.com.au/online/national/specials-offers/fruit-vegetables-specials-offers/nuts-dried-fruit-specials-offers' title='Nuts &amp; Dried Fruit Specials &amp; Offers'>Nuts &amp; Dried Fruit Specials &amp; Offers</a></li>
							
							<li class="section" ><a role="menuitem" id="sub-menu-1_15" href='http://shop.coles.com.au/online/national/specials-offers/dairy--eggs-meals-specials-offers' title='Dairy, Eggs &amp; Meals Specials &amp; Offers sub category'>Dairy, Eggs &amp; Meals Specials &amp; Offers</a></li>
							
							
								<li><a role="menuitem" id="sub-menu-1_16" href='http://shop.coles.com.au/online/national/specials-offers/dairy--eggs-meals-specials-offers/dairy-eggs-specials-offers' title='Dairy &amp; Eggs Specials &amp; Offers'>Dairy &amp; Eggs Specials &amp; Offers</a></li>
							
								<li><a role="menuitem" id="sub-menu-1_17" href='http://shop.coles.com.au/online/national/specials-offers/dairy--eggs-meals-specials-offers/ready-to-eat-meals-specials-offers' title='Ready to Eat Meals Specials &amp; Offers'>Ready to Eat Meals Specials &amp; Offers</a></li>
							
							<li class="section" ><a role="menuitem" id="sub-menu-1_18" href='http://shop.coles.com.au/online/national/specials-offers/frozen-specials-offers' title='Frozen Foods Specials &amp; Offers sub category'>Frozen Foods Specials &amp; Offers</a></li>
							
							
								<li><a role="menuitem" id="sub-menu-1_19" href='http://shop.coles.com.au/online/national/specials-offers/frozen-specials-offers/frozen-food-specials-offers' title='Frozen Food Specials &amp; Offers'>Frozen Food Specials &amp; Offers</a></li>
							
								<li><a role="menuitem" id="sub-menu-1_20" href='http://shop.coles.com.au/online/national/specials-offers/frozen-specials-offers/frozen-ready-meals-specials-offers' title='Frozen Ready Meals Specials &amp; Offers'>Frozen Ready Meals Specials &amp; Offers</a></li>
							
							<li class="section" ><a role="menuitem" id="sub-menu-1_21" href='http://shop.coles.com.au/online/national/specials-offers/pet-specials-offers' title='Pet Specials &amp; Offers sub category'>Pet Specials &amp; Offers</a></li>
							
							
								<li><a role="menuitem" id="sub-menu-1_22" href='http://shop.coles.com.au/online/national/specials-offers/pet-specials-offers/cat-kitten-specials-offers' title='Cat &amp; Kitten Specials &amp; Offers'>Cat &amp; Kitten Specials &amp; Offers</a></li>
							
								<li><a role="menuitem" id="sub-menu-1_23" href='http://shop.coles.com.au/online/national/specials-offers/pet-specials-offers/dog-puppy-specials-offers' title='Dog &amp; Puppy Specials &amp; Offers'>Dog &amp; Puppy Specials &amp; Offers</a></li>
							
							<li class="section" ><a role="menuitem" id="sub-menu-1_24" href='http://shop.coles.com.au/online/national/specials-offers/household-specials-offers' title='Household Specials &amp; Offers sub category'>Household Specials &amp; Offers</a></li>
							
							
								<li><a role="menuitem" id="sub-menu-1_25" href='http://shop.coles.com.au/online/national/specials-offers/household-specials-offers/bathroom-specials-offers' title='Bathroom Specials &amp; Offers'>Bathroom Specials &amp; Offers</a></li>
							
								<li><a role="menuitem" id="sub-menu-1_26" href='http://shop.coles.com.au/online/national/specials-offers/household-specials-offers/general-purpose-cleaners-specials-offers' title='Cleaners All Purpose Specials &amp; Offers'>Cleaners All Purpose Specials &amp; Offers</a></li>
							
								<li><a role="menuitem" id="sub-menu-1_27" href='http://shop.coles.com.au/online/national/specials-offers/household-specials-offers/electrical-specials-offers' title='Electrical Specials &amp; Offers'>Electrical Specials &amp; Offers</a></li>
							
								<li><a role="menuitem" id="sub-menu-1_28" href='http://shop.coles.com.au/online/national/specials-offers/household-specials-offers/food-storage-specials-offers' title='Food Storage Specials &amp; Offers'>Food Storage Specials &amp; Offers</a></li>
							
								<li><a role="menuitem" id="sub-menu-1_29" href='http://shop.coles.com.au/online/national/specials-offers/household-specials-offers/garden-specials-offers' title='Garden Specials &amp; Offers'>Garden Specials &amp; Offers</a></li>
							
								<li><a role="menuitem" id="sub-menu-1_30" href='http://shop.coles.com.au/online/national/specials-offers/household-specials-offers/hardware-specials-offers' title='Hardware Specials &amp; Offers'>Hardware Specials &amp; Offers</a></li>
							
								<li><a role="menuitem" id="sub-menu-1_31" href='http://shop.coles.com.au/online/national/specials-offers/household-specials-offers/homewares-specials-offers' title='Homewares Specials &amp; Offers'>Homewares Specials &amp; Offers</a></li>
							
								<li><a role="menuitem" id="sub-menu-1_32" href='http://shop.coles.com.au/online/national/specials-offers/household-specials-offers/household-accessories-specials-offers' title='Household Accessories Specials &amp; Offers'>Household Accessories Specials &amp; Offers</a></li>
							
								<li><a role="menuitem" id="sub-menu-1_33" href='http://shop.coles.com.au/online/national/specials-offers/household-specials-offers/kitchen-specials-offers' title='Kitchen Specials &amp; Offers'>Kitchen Specials &amp; Offers</a></li>
							
								<li><a role="menuitem" id="sub-menu-1_34" href='http://shop.coles.com.au/online/national/specials-offers/household-specials-offers/laundry-needs-specials-offers' title='Laundry Needs Specials &amp; Offers'>Laundry Needs Specials &amp; Offers</a></li>
							
							<li class="section" ><a role="menuitem" id="sub-menu-1_35" href='http://shop.coles.com.au/online/national/specials-offers/baby-specials-offers' title='Baby Specials &amp; Offers sub category'>Baby Specials &amp; Offers</a></li>
							
							
								<li><a role="menuitem" id="sub-menu-1_36" href='http://shop.coles.com.au/online/national/specials-offers/baby-specials-offers/nappies-changing-specials-offers' title='Nappies &amp; Changing Specials &amp; Offers'>Nappies &amp; Changing Specials &amp; Offers</a></li>
							
							<li class="section" ><a role="menuitem" id="sub-menu-1_37" href='http://shop.coles.com.au/online/national/specials-offers/pantry-specials-offers' title='Pantry Specials &amp; Offers sub category'>Pantry Specials &amp; Offers</a></li>
							
							
								<li><a role="menuitem" id="sub-menu-1_38" href='http://shop.coles.com.au/online/national/specials-offers/pantry-specials-offers/breakfast-specials-offers' title='Breakfast Specials &amp; Offers'>Breakfast Specials &amp; Offers</a></li>
							
								<li><a role="menuitem" id="sub-menu-1_39" href='http://shop.coles.com.au/online/national/specials-offers/pantry-specials-offers/snacks-specials-offers' title='Snacks Specials &amp; Offers'>Snacks Specials &amp; Offers</a></li>
							
								<li><a role="menuitem" id="sub-menu-1_40" href='http://shop.coles.com.au/online/national/specials-offers/pantry-specials-offers/chocolates-lollies-specials-offers' title='Confectionery Specials &amp; Offers'>Confectionery Specials &amp; Offers</a></li>
							
								<li><a role="menuitem" id="sub-menu-1_41" href='http://shop.coles.com.au/online/national/specials-offers/pantry-specials-offers/baking-specials-offers' title='Baking Specials &amp; Offers'>Baking Specials &amp; Offers</a></li>
							
								<li><a role="menuitem" id="sub-menu-1_42" href='http://shop.coles.com.au/online/national/specials-offers/pantry-specials-offers/condiments-specials-offers' title='Condiments Specials &amp; Offers'>Condiments Specials &amp; Offers</a></li>
							
								<li><a role="menuitem" id="sub-menu-1_43" href='http://shop.coles.com.au/online/national/specials-offers/pantry-specials-offers/sauces-specials-offers' title='Sauces Specials &amp; Offers'>Sauces Specials &amp; Offers</a></li>
							
								<li><a role="menuitem" id="sub-menu-1_44" href='http://shop.coles.com.au/online/national/specials-offers/pantry-specials-offers/oils-vinegars-specials-offers' title='Oils &amp; Vinegars Specials &amp; Offers'>Oils &amp; Vinegars Specials &amp; Offers</a></li>
							
								<li><a role="menuitem" id="sub-menu-1_45" href='http://shop.coles.com.au/online/national/specials-offers/pantry-specials-offers/pasta--rice--grains-specials-offers' title='Pasta, Rice, Grains Specials &amp; Offers'>Pasta, Rice, Grains Specials &amp; Offers</a></li>
							
								<li><a role="menuitem" id="sub-menu-1_46" href='http://shop.coles.com.au/online/national/specials-offers/pantry-specials-offers/canned-foods--soups-noodles-specials-offers' title='Canned Foods, Soups &amp; Noodles Specials &amp; Offers'>Canned Foods, Soups &amp; Noodles Specials &amp; Offers</a></li>
							
								<li><a role="menuitem" id="sub-menu-1_47" href='http://shop.coles.com.au/online/national/specials-offers/pantry-specials-offers/tea-coffee-specials-offers' title='Tea &amp; Coffee Specials &amp; Offers'>Tea &amp; Coffee Specials &amp; Offers</a></li>
							
							<li class="section" ><a role="menuitem" id="sub-menu-1_48" href='http://shop.coles.com.au/online/national/specials-offers/health-beauty-specials-offers' title='Health &amp; Beauty Specials &amp; Offers sub category'>Health &amp; Beauty Specials &amp; Offers</a></li>
							
							
								<li><a role="menuitem" id="sub-menu-1_49" href='http://shop.coles.com.au/online/national/specials-offers/health-beauty-specials-offers/cosmetics-specials-offers' title='Cosmetics Specials &amp; Offers'>Cosmetics Specials &amp; Offers</a></li>
							
								<li><a role="menuitem" id="sub-menu-1_50" href='http://shop.coles.com.au/online/national/specials-offers/health-beauty-specials-offers/dental-specials-offers' title='Dental Specials &amp; Offers'>Dental Specials &amp; Offers</a></li>
							
								<li><a role="menuitem" id="sub-menu-1_51" href='http://shop.coles.com.au/online/national/specials-offers/health-beauty-specials-offers/hair-care-specials-offers' title='Hair Care Specials &amp; Offers'>Hair Care Specials &amp; Offers</a></li>
							
								<li><a role="menuitem" id="sub-menu-1_52" href='http://shop.coles.com.au/online/national/specials-offers/health-beauty-specials-offers/hair-removal-specials-offers' title='Hair Removal Specials &amp; Offers'>Hair Removal Specials &amp; Offers</a></li>
							
								<li><a role="menuitem" id="sub-menu-1_53" href='http://shop.coles.com.au/online/national/specials-offers/health-beauty-specials-offers/medicinal-specials-offers' title='Medicinal Specials &amp; Offers'>Medicinal Specials &amp; Offers</a></li>
							
								<li><a role="menuitem" id="sub-menu-1_54" href='http://shop.coles.com.au/online/national/specials-offers/health-beauty-specials-offers/personal-care-hygiene-specials-offers' title='Personal Care &amp; Hygiene Specials &amp; Offers'>Personal Care &amp; Hygiene Specials &amp; Offers</a></li>
							
								<li><a role="menuitem" id="sub-menu-1_55" href='http://shop.coles.com.au/online/national/specials-offers/health-beauty-specials-offers/shower-bath-care-specials-offers' title='Shower &amp; Bath Care Specials &amp; Offers'>Shower &amp; Bath Care Specials &amp; Offers</a></li>
							
								<li><a role="menuitem" id="sub-menu-1_56" href='http://shop.coles.com.au/online/national/specials-offers/health-beauty-specials-offers/skin-care-specials-offers' title='Skin Care Specials &amp; Offers'>Skin Care Specials &amp; Offers</a></li>
							
							<li class="section" ><a role="menuitem" id="sub-menu-1_57" href='http://shop.coles.com.au/online/national/specials-offers/drinks-specials-offers' title='Drinks Specials &amp; Offers sub category'>Drinks Specials &amp; Offers</a></li>
							
							
								<li><a role="menuitem" id="sub-menu-1_58" href='http://shop.coles.com.au/online/national/specials-offers/drinks-specials-offers/cold-specials-offers' title='All Drinks Specials &amp; Offers'>All Drinks Specials &amp; Offers</a></li>
							
							<li class="section" ><a role="menuitem" id="sub-menu-1_59" href='http://shop.coles.com.au/online/national/specials-offers/liquor-specials-offers' title='Alcohol Specials &amp; Offers sub category'>Alcohol Specials &amp; Offers</a></li>
							
							
								<li><a role="menuitem" id="sub-menu-1_60" href='http://shop.coles.com.au/online/national/specials-offers/liquor-specials-offers/beer--spirits-wine-specials-offers' title='Beer, Spirits &amp; Wine Specials &amp; Offers'>Beer, Spirits &amp; Wine Specials &amp; Offers</a></li>
							
							<li class="section" ><a role="menuitem" id="sub-menu-1_61" href='http://shop.coles.com.au/online/national/specials-offers/chilled-fresh-food-specials-offers' title='Meat, Seafood &amp; Deli Specials &amp; Offers sub category'>Meat, Seafood &amp; Deli Specials &amp; Offers</a></li>
							
							
								<li><a role="menuitem" id="sub-menu-1_62" href='http://shop.coles.com.au/online/national/specials-offers/chilled-fresh-food-specials-offers/fresh-meat-specials-offers' title='Meat Specials &amp; Offers'>Meat Specials &amp; Offers</a></li>
							
								<li><a role="menuitem" id="sub-menu-1_63" href='http://shop.coles.com.au/online/national/specials-offers/chilled-fresh-food-specials-offers/seafood-specials-offers' title='Seafood Specials &amp; Offers'>Seafood Specials &amp; Offers</a></li>
							
								<li><a role="menuitem" id="sub-menu-1_64" href='http://shop.coles.com.au/online/national/specials-offers/chilled-fresh-food-specials-offers/deli-meats-specials-offers' title='Deli Meats Specials &amp; Offers'>Deli Meats Specials &amp; Offers</a></li>
							
								<li><a role="menuitem" id="sub-menu-1_65" href='http://shop.coles.com.au/online/national/specials-offers/chilled-fresh-food-specials-offers/deli-specialty-specials-offers' title='Deli Specialty Specials &amp; Offers'>Deli Specialty Specials &amp; Offers</a></li>
							
					</ul>
				</div>							
											
			</li>									
		
			
			<li>
				
							
					<a role="menuitem" id="aisleMenu_2" aria-haspopup="true" href="http://shop.coles.com.au/online/national/back-to-school" class="aisle" title="Browse the Back To School aisle">
						Back To School <span>&rarr;</span>
					</a>
					
					<div id="menu-2" class="column-list clearfix" data-rows="22" role="navigation">
						<h2>
							<a role="menuitem" id="sub-menu-2_0" class="subCatHeader" title="Back To School Category" href="http://shop.coles.com.au/online/national/back-to-school" >
								Back To School
							</a>
							<span class="aisle-search">&nbsp;
								<a role="menuitem" id="sub-menu-2_1" class="browseAllSubCategory" href="http://shop.coles.com.au/online/national/back-to-school/back-to-school" title="Browse all items" >
								 Browse all items<span>&rarr;</span>
								</a>
							</span>
						</h2>
						
						
					<ul role="menu" id="sub-menu-2" data-col-items="menu-2" class="hidden" >
						
							<li class="section" ><a role="menuitem" id="sub-menu-2_2" href='http://shop.coles.com.au/online/national/back-to-school/stationery-1610565' title='Stationery sub category'>Stationery</a></li>
							
							
								<li><a role="menuitem" id="sub-menu-2_3" href='http://shop.coles.com.au/online/national/back-to-school/stationery-1610565/books-binders' title='Books &amp; Binders'>Books &amp; Binders</a></li>
							
								<li><a role="menuitem" id="sub-menu-2_4" href='http://shop.coles.com.au/online/national/back-to-school/stationery-1610565/calculators' title='Calculators'>Calculators</a></li>
							
								<li><a role="menuitem" id="sub-menu-2_5" href='http://shop.coles.com.au/online/national/back-to-school/stationery-1610565/labels' title='Labels'>Labels</a></li>
							
								<li><a role="menuitem" id="sub-menu-2_6" href='http://shop.coles.com.au/online/national/back-to-school/stationery-1610565/markers-highlighters' title='Markers &amp; Highlighters'>Markers &amp; Highlighters</a></li>
							
								<li><a role="menuitem" id="sub-menu-2_7" href='http://shop.coles.com.au/online/national/back-to-school/stationery-1610565/paper-1676205' title='Paper'>Paper</a></li>
							
								<li><a role="menuitem" id="sub-menu-2_8" href='http://shop.coles.com.au/online/national/back-to-school/stationery-1610565/pencil-case-fillers' title='Pencil Case Fillers'>Pencil Case Fillers</a></li>
							
								<li><a role="menuitem" id="sub-menu-2_9" href='http://shop.coles.com.au/online/national/back-to-school/stationery-1610565/pencil-case' title='Pencil Case'>Pencil Case</a></li>
							
							<li class="section" ><a role="menuitem" id="sub-menu-2_10" href='http://shop.coles.com.au/online/national/back-to-school/lunch-boxes-bottles' title='Lunch Boxes &amp; Bottles sub category'>Lunch Boxes &amp; Bottles</a></li>
							
							
								<li><a role="menuitem" id="sub-menu-2_11" href='http://shop.coles.com.au/online/national/back-to-school/lunch-boxes-bottles/backpacks' title='Backpacks'>Backpacks</a></li>
							
								<li><a role="menuitem" id="sub-menu-2_12" href='http://shop.coles.com.au/online/national/back-to-school/lunch-boxes-bottles/drink-bottles' title='Drink Bottles'>Drink Bottles</a></li>
							
								<li><a role="menuitem" id="sub-menu-2_13" href='http://shop.coles.com.au/online/national/back-to-school/lunch-boxes-bottles/lunch-bags-with-bottles' title='Lunch Bags with Bottles'>Lunch Bags with Bottles</a></li>
							
								<li><a role="menuitem" id="sub-menu-2_14" href='http://shop.coles.com.au/online/national/back-to-school/lunch-boxes-bottles/lunch-boxes' title='Lunch Boxes'>Lunch Boxes</a></li>
							
					</ul>
				</div>							
											
			</li>									
		
			
			<li>
				
							
					<a role="menuitem" id="aisleMenu_3" aria-haspopup="true" href="http://shop.coles.com.au/online/national/bread-bakery" class="aisle" title="Browse the Bread &amp; Bakery aisle">
						Bread &amp; Bakery <span>&rarr;</span>
					</a>
					
					<div id="menu-3" class="column-list clearfix" data-rows="22" role="navigation">
						<h2>
							<a role="menuitem" id="sub-menu-3_0" class="subCatHeader" title="Bread &amp; Bakery Category" href="http://shop.coles.com.au/online/national/bread-bakery" >
								Bread &amp; Bakery
							</a>
							<span class="aisle-search">&nbsp;
								<a role="menuitem" id="sub-menu-3_1" class="browseAllSubCategory" href="http://shop.coles.com.au/online/national/bread-bakery/bread-bakery" title="Browse all items" >
								 Browse all items<span>&rarr;</span>
								</a>
							</span>
						</h2>
						
						
					<ul role="menu" id="sub-menu-3" data-col-items="menu-3" class="hidden" >
						
							<li class="section" ><a role="menuitem" id="sub-menu-3_2" href='http://shop.coles.com.au/online/national/bread-bakery/fresh' title='From Our Bakery sub category'>From Our Bakery</a></li>
							
							
								<li><a role="menuitem" id="sub-menu-3_3" href='http://shop.coles.com.au/online/national/bread-bakery/fresh/bread' title='Bread'>Bread</a></li>
							
								<li><a role="menuitem" id="sub-menu-3_4" href='http://shop.coles.com.au/online/national/bread-bakery/fresh/bakery-cakes' title='Bakery Cakes'>Bakery Cakes</a></li>
							
								<li><a role="menuitem" id="sub-menu-3_5" href='http://shop.coles.com.au/online/national/bread-bakery/fresh/cupcakes-muffins' title='Cupcakes &amp; Muffins'>Cupcakes &amp; Muffins</a></li>
							
								<li><a role="menuitem" id="sub-menu-3_6" href='http://shop.coles.com.au/online/national/bread-bakery/fresh/donuts-cookies' title='Donuts &amp; Cookies'>Donuts &amp; Cookies</a></li>
							
								<li><a role="menuitem" id="sub-menu-3_7" href='http://shop.coles.com.au/online/national/bread-bakery/fresh/desserts-danishes' title='Pastries &amp; Desserts'>Pastries &amp; Desserts</a></li>
							
								<li><a role="menuitem" id="sub-menu-3_8" href='http://shop.coles.com.au/online/national/bread-bakery/fresh/hot-cross-buns' title='Hot Cross Buns'>Hot Cross Buns</a></li>
							
							<li class="section" ><a role="menuitem" id="sub-menu-3_9" href='http://shop.coles.com.au/online/national/bread-bakery/packaged-bread-bakery' title='Packaged Bread &amp; Bakery sub category'>Packaged Bread &amp; Bakery</a></li>
							
							
								<li><a role="menuitem" id="sub-menu-3_10" href='http://shop.coles.com.au/online/national/bread-bakery/packaged-bread-bakery/packaged-bread' title='Packaged Bread'>Packaged Bread</a></li>
							
								<li><a role="menuitem" id="sub-menu-3_11" href='http://shop.coles.com.au/online/national/bread-bakery/packaged-bread-bakery/cakes' title='Cakes'>Cakes</a></li>
							
								<li><a role="menuitem" id="sub-menu-3_12" href='http://shop.coles.com.au/online/national/bread-bakery/packaged-bread-bakery/cookies-biscuits' title='Cookies &amp; Biscuits'>Cookies &amp; Biscuits</a></li>
							
								<li><a role="menuitem" id="sub-menu-3_13" href='http://shop.coles.com.au/online/national/bread-bakery/packaged-bread-bakery/crumpets-pancakes' title='Crumpets &amp; Pancakes'>Crumpets &amp; Pancakes</a></li>
							
								<li><a role="menuitem" id="sub-menu-3_14" href='http://shop.coles.com.au/online/national/bread-bakery/packaged-bread-bakery/muffins-cupcakes' title='Muffins &amp; Cupcakes'>Muffins &amp; Cupcakes</a></li>
							
								<li><a role="menuitem" id="sub-menu-3_15" href='http://shop.coles.com.au/online/national/bread-bakery/packaged-bread-bakery/desserts-pastries' title='Desserts &amp; Pastries'>Desserts &amp; Pastries</a></li>
							
								<li><a role="menuitem" id="sub-menu-3_16" href='http://shop.coles.com.au/online/national/bread-bakery/packaged-bread-bakery/pizza-bases' title='Pizza Bases'>Pizza Bases</a></li>
							
								<li><a role="menuitem" id="sub-menu-3_17" href='http://shop.coles.com.au/online/national/bread-bakery/packaged-bread-bakery/rolls-bagels' title='Rolls &amp; Bagels'>Rolls &amp; Bagels</a></li>
							
								<li><a role="menuitem" id="sub-menu-3_18" href='http://shop.coles.com.au/online/national/bread-bakery/packaged-bread-bakery/wraps-flatbread' title='Wraps &amp; Flatbread'>Wraps &amp; Flatbread</a></li>
							
								<li><a role="menuitem" id="sub-menu-3_19" href='http://shop.coles.com.au/online/national/bread-bakery/packaged-bread-bakery/gluten-free-bakery-1571208' title='Gluten Free Bakery'>Gluten Free Bakery</a></li>
							
								<li><a role="menuitem" id="sub-menu-3_20" href='http://shop.coles.com.au/online/national/bread-bakery/packaged-bread-bakery/kosher-bakery' title='Kosher Bakery'>Kosher Bakery</a></li>
							
					</ul>
				</div>							
											
			</li>									
		
			
			<li>
				
							
					<a role="menuitem" id="aisleMenu_4" aria-haspopup="true" href="http://shop.coles.com.au/online/national/fruit-vegetables" class="aisle" title="Browse the Fruit &amp; Vegetables aisle">
						Fruit &amp; Vegetables <span>&rarr;</span>
					</a>
					
					<div id="menu-4" class="column-list clearfix" data-rows="22" role="navigation">
						<h2>
							<a role="menuitem" id="sub-menu-4_0" class="subCatHeader" title="Fruit &amp; Vegetables Category" href="http://shop.coles.com.au/online/national/fruit-vegetables" >
								Fruit &amp; Vegetables
							</a>
							<span class="aisle-search">&nbsp;
								<a role="menuitem" id="sub-menu-4_1" class="browseAllSubCategory" href="http://shop.coles.com.au/online/national/fruit-vegetables/fruit-vegetables" title="Browse all items" >
								 Browse all items<span>&rarr;</span>
								</a>
							</span>
						</h2>
						
						
					<ul role="menu" id="sub-menu-4" data-col-items="menu-4" class="hidden" >
						
							<li class="section" ><a role="menuitem" id="sub-menu-4_2" href='http://shop.coles.com.au/online/national/fruit-vegetables/boxes-fruit-vege' title='Boxes Fruit &amp; Veg sub category'>Boxes Fruit &amp; Veg</a></li>
							
							
								<li><a role="menuitem" id="sub-menu-4_3" href='http://shop.coles.com.au/online/national/fruit-vegetables/boxes-fruit-vege/fruit-vege-boxes' title='Fruit &amp; Veg Boxes'>Fruit &amp; Veg Boxes</a></li>
							
							<li class="section" ><a role="menuitem" id="sub-menu-4_4" href='http://shop.coles.com.au/online/national/fruit-vegetables/fruit' title='Fruit sub category'>Fruit</a></li>
							
							
								<li><a role="menuitem" id="sub-menu-4_5" href='http://shop.coles.com.au/online/national/fruit-vegetables/fruit/organic-fruit' title='Organic Fruit'>Organic Fruit</a></li>
							
								<li><a role="menuitem" id="sub-menu-4_6" href='http://shop.coles.com.au/online/national/fruit-vegetables/fruit/apples' title='Apples'>Apples</a></li>
							
								<li><a role="menuitem" id="sub-menu-4_7" href='http://shop.coles.com.au/online/national/fruit-vegetables/fruit/pears' title='Pears'>Pears</a></li>
							
								<li><a role="menuitem" id="sub-menu-4_8" href='http://shop.coles.com.au/online/national/fruit-vegetables/fruit/fresh-bananas' title='Fresh Bananas'>Fresh Bananas</a></li>
							
								<li><a role="menuitem" id="sub-menu-4_9" href='http://shop.coles.com.au/online/national/fruit-vegetables/fruit/berries-cherries' title='Berries &amp; Cherries'>Berries &amp; Cherries</a></li>
							
								<li><a role="menuitem" id="sub-menu-4_10" href='http://shop.coles.com.au/online/national/fruit-vegetables/fruit/grapes' title='Grapes'>Grapes</a></li>
							
								<li><a role="menuitem" id="sub-menu-4_11" href='http://shop.coles.com.au/online/national/fruit-vegetables/fruit/oranges' title='Oranges'>Oranges</a></li>
							
								<li><a role="menuitem" id="sub-menu-4_12" href='http://shop.coles.com.au/online/national/fruit-vegetables/fruit/grapefruit' title='Grapefruit'>Grapefruit</a></li>
							
								<li><a role="menuitem" id="sub-menu-4_13" href='http://shop.coles.com.au/online/national/fruit-vegetables/fruit/mandarins' title='Mandarins'>Mandarins</a></li>
							
								<li><a role="menuitem" id="sub-menu-4_14" href='http://shop.coles.com.au/online/national/fruit-vegetables/fruit/lemons-limes' title='Lemons &amp; Limes'>Lemons &amp; Limes</a></li>
							
								<li><a role="menuitem" id="sub-menu-4_15" href='http://shop.coles.com.au/online/national/fruit-vegetables/fruit/pineapples' title='Pineapples'>Pineapples</a></li>
							
								<li><a role="menuitem" id="sub-menu-4_16" href='http://shop.coles.com.au/online/national/fruit-vegetables/fruit/passionfruit' title='Passionfruit'>Passionfruit</a></li>
							
								<li><a role="menuitem" id="sub-menu-4_17" href='http://shop.coles.com.au/online/national/fruit-vegetables/fruit/mangoes' title='Mangoes'>Mangoes</a></li>
							
								<li><a role="menuitem" id="sub-menu-4_18" href='http://shop.coles.com.au/online/national/fruit-vegetables/fruit/fresh-melons' title='Fresh Melons'>Fresh Melons</a></li>
							
								<li><a role="menuitem" id="sub-menu-4_19" href='http://shop.coles.com.au/online/national/fruit-vegetables/fruit/kiwi-fruit' title='Kiwi Fruit'>Kiwi Fruit</a></li>
							
								<li><a role="menuitem" id="sub-menu-4_20" href='http://shop.coles.com.au/online/national/fruit-vegetables/fruit/peaches-nectarines' title='Peaches &amp; Nectarines'>Peaches &amp; Nectarines</a></li>
							
								<li><a role="menuitem" id="sub-menu-4_21" href='http://shop.coles.com.au/online/national/fruit-vegetables/fruit/plums-apricots' title='Plums &amp; Apricots'>Plums &amp; Apricots</a></li>
							
								<li><a role="menuitem" id="sub-menu-4_22" href='http://shop.coles.com.au/online/national/fruit-vegetables/fruit/rhubarb' title='Rhubarb'>Rhubarb</a></li>
							
								<li><a role="menuitem" id="sub-menu-4_23" href='http://shop.coles.com.au/online/national/fruit-vegetables/fruit/coconuts' title='Coconuts'>Coconuts</a></li>
							
								<li><a role="menuitem" id="sub-menu-4_24" href='http://shop.coles.com.au/online/national/fruit-vegetables/fruit/tropical-exotic-fruit' title='Tropical &amp; Exotic Fruit'>Tropical &amp; Exotic Fruit</a></li>
							
								<li><a role="menuitem" id="sub-menu-4_25" href='http://shop.coles.com.au/online/national/fruit-vegetables/fruit/prepacked-fruit' title='Cut Fruit'>Cut Fruit</a></li>
							
							<li class="section" ><a role="menuitem" id="sub-menu-4_26" href='http://shop.coles.com.au/online/national/fruit-vegetables/vegetables' title='Vegetables sub category'>Vegetables</a></li>
							
							
								<li><a role="menuitem" id="sub-menu-4_27" href='http://shop.coles.com.au/online/national/fruit-vegetables/vegetables/organic-vegetables' title='Organic Vegetables'>Organic Vegetables</a></li>
							
								<li><a role="menuitem" id="sub-menu-4_28" href='http://shop.coles.com.au/online/national/fruit-vegetables/vegetables/avocado' title='Avocado'>Avocado</a></li>
							
								<li><a role="menuitem" id="sub-menu-4_29" href='http://shop.coles.com.au/online/national/fruit-vegetables/vegetables/lettuce' title='Lettuce'>Lettuce</a></li>
							
								<li><a role="menuitem" id="sub-menu-4_30" href='http://shop.coles.com.au/online/national/fruit-vegetables/vegetables/tomatoes' title='Tomatoes'>Tomatoes</a></li>
							
								<li><a role="menuitem" id="sub-menu-4_31" href='http://shop.coles.com.au/online/national/fruit-vegetables/vegetables/potatoes' title='Potatoes'>Potatoes</a></li>
							
								<li><a role="menuitem" id="sub-menu-4_32" href='http://shop.coles.com.au/online/national/fruit-vegetables/vegetables/carrots-parsnips' title='Carrots &amp; Parsnips'>Carrots &amp; Parsnips</a></li>
							
								<li><a role="menuitem" id="sub-menu-4_33" href='http://shop.coles.com.au/online/national/fruit-vegetables/vegetables/pumpkin' title='Pumpkin'>Pumpkin</a></li>
							
								<li><a role="menuitem" id="sub-menu-4_34" href='http://shop.coles.com.au/online/national/fruit-vegetables/vegetables/cucumber' title='Cucumber'>Cucumber</a></li>
							
								<li><a role="menuitem" id="sub-menu-4_35" href='http://shop.coles.com.au/online/national/fruit-vegetables/vegetables/garlic-ginger' title='Garlic &amp; Ginger'>Garlic &amp; Ginger</a></li>
							
								<li><a role="menuitem" id="sub-menu-4_36" href='http://shop.coles.com.au/online/national/fruit-vegetables/vegetables/mushrooms' title='Mushrooms'>Mushrooms</a></li>
							
								<li><a role="menuitem" id="sub-menu-4_37" href='http://shop.coles.com.au/online/national/fruit-vegetables/vegetables/capsicum-chillies' title='Capsicum &amp; Chillies'>Capsicum &amp; Chillies</a></li>
							
								<li><a role="menuitem" id="sub-menu-4_38" href='http://shop.coles.com.au/online/national/fruit-vegetables/vegetables/celery' title='Celery'>Celery</a></li>
							
								<li><a role="menuitem" id="sub-menu-4_39" href='http://shop.coles.com.au/online/national/fruit-vegetables/vegetables/corn' title='Corn'>Corn</a></li>
							
								<li><a role="menuitem" id="sub-menu-4_40" href='http://shop.coles.com.au/online/national/fruit-vegetables/vegetables/beetroot' title='Beetroot'>Beetroot</a></li>
							
								<li><a role="menuitem" id="sub-menu-4_41" href='http://shop.coles.com.au/online/national/fruit-vegetables/vegetables/cabbage-brussel-sprouts' title='Cabbage &amp; Brussel Sprouts'>Cabbage &amp; Brussel Sprouts</a></li>
							
								<li><a role="menuitem" id="sub-menu-4_42" href='http://shop.coles.com.au/online/national/fruit-vegetables/vegetables/peas-beans' title='Peas &amp; Beans'>Peas &amp; Beans</a></li>
							
								<li><a role="menuitem" id="sub-menu-4_43" href='http://shop.coles.com.au/online/national/fruit-vegetables/vegetables/spinach-silverbeet' title='Spinach &amp; Silverbeet'>Spinach &amp; Silverbeet</a></li>
							
								<li><a role="menuitem" id="sub-menu-4_44" href='http://shop.coles.com.au/online/national/fruit-vegetables/vegetables/asparagus-artichokes' title='Asparagus &amp; Artichokes'>Asparagus &amp; Artichokes</a></li>
							
								<li><a role="menuitem" id="sub-menu-4_45" href='http://shop.coles.com.au/online/national/fruit-vegetables/vegetables/fresh-eggplant' title='Fresh Eggplant'>Fresh Eggplant</a></li>
							
								<li><a role="menuitem" id="sub-menu-4_46" href='http://shop.coles.com.au/online/national/fruit-vegetables/vegetables/brocolli-cauliflower' title='Broccoli &amp; Cauliflower'>Broccoli &amp; Cauliflower</a></li>
							
								<li><a role="menuitem" id="sub-menu-4_47" href='http://shop.coles.com.au/online/national/fruit-vegetables/vegetables/bok-choy-asian-greens' title='Bok Choy &amp; Asian Greens'>Bok Choy &amp; Asian Greens</a></li>
							
								<li><a role="menuitem" id="sub-menu-4_48" href='http://shop.coles.com.au/online/national/fruit-vegetables/vegetables/onion-leeks' title='Onion &amp; Leeks'>Onion &amp; Leeks</a></li>
							
								<li><a role="menuitem" id="sub-menu-4_49" href='http://shop.coles.com.au/online/national/fruit-vegetables/vegetables/turnips-other-root-veg' title='Turnips &amp; Root Veg'>Turnips &amp; Root Veg</a></li>
							
								<li><a role="menuitem" id="sub-menu-4_50" href='http://shop.coles.com.au/online/national/fruit-vegetables/vegetables/zucchini-squash' title='Zucchini &amp; Squash'>Zucchini &amp; Squash</a></li>
							
								<li><a role="menuitem" id="sub-menu-4_51" href='http://shop.coles.com.au/online/national/fruit-vegetables/vegetables/prepacked-vegetables' title='Cut Vegetables'>Cut Vegetables</a></li>
							
							<li class="section" ><a role="menuitem" id="sub-menu-4_52" href='http://shop.coles.com.au/online/national/fruit-vegetables/salad-herbs' title='Salad &amp; Herbs sub category'>Salad &amp; Herbs</a></li>
							
							
								<li><a role="menuitem" id="sub-menu-4_53" href='http://shop.coles.com.au/online/national/fruit-vegetables/salad-herbs/dressed-salads' title='Dressed Salads'>Dressed Salads</a></li>
							
								<li><a role="menuitem" id="sub-menu-4_54" href='http://shop.coles.com.au/online/national/fruit-vegetables/salad-herbs/herbs' title='Herbs'>Herbs</a></li>
							
								<li><a role="menuitem" id="sub-menu-4_55" href='http://shop.coles.com.au/online/national/fruit-vegetables/salad-herbs/pre-made-salads' title='Salad Bags'>Salad Bags</a></li>
							
								<li><a role="menuitem" id="sub-menu-4_56" href='http://shop.coles.com.au/online/national/fruit-vegetables/salad-herbs/salad-bowls-kits' title='Salad Bowls &amp; Kits'>Salad Bowls &amp; Kits</a></li>
							
								<li><a role="menuitem" id="sub-menu-4_57" href='http://shop.coles.com.au/online/national/fruit-vegetables/salad-herbs/dressings-for-salads' title='Salad Dressing'>Salad Dressing</a></li>
							
								<li><a role="menuitem" id="sub-menu-4_58" href='http://shop.coles.com.au/online/national/fruit-vegetables/salad-herbs/sprouts-shoots' title='Sprouts'>Sprouts</a></li>
							
							<li class="section" ><a role="menuitem" id="sub-menu-4_59" href='http://shop.coles.com.au/online/national/fruit-vegetables/nuts-dried-fruit' title='Nuts &amp; Dried Fruit sub category'>Nuts &amp; Dried Fruit</a></li>
							
							
								<li><a role="menuitem" id="sub-menu-4_60" href='http://shop.coles.com.au/online/national/fruit-vegetables/nuts-dried-fruit/fresh-nuts' title='Nuts &amp; Snacks'>Nuts &amp; Snacks</a></li>
							
								<li><a role="menuitem" id="sub-menu-4_61" href='http://shop.coles.com.au/online/national/fruit-vegetables/nuts-dried-fruit/dried-fruits' title='Fruit &amp; Nut Blend'>Fruit &amp; Nut Blend</a></li>
							
							<li class="section" ><a role="menuitem" id="sub-menu-4_62" href='http://shop.coles.com.au/online/national/fruit-vegetables/fresh-flowers-1595064' title='Fresh Flowers sub category'>Fresh Flowers</a></li>
							
							
								<li><a role="menuitem" id="sub-menu-4_63" href='http://shop.coles.com.au/online/national/fruit-vegetables/fresh-flowers-1595064/flowers-1595065' title='Flowers'>Flowers</a></li>
							
					</ul>
				</div>							
											
			</li>									
		
			
			<li>
				
							
					<a role="menuitem" id="aisleMenu_5" aria-haspopup="true" href="http://shop.coles.com.au/online/national/meat-seafood-deli" class="aisle" title="Browse the Meat, Seafood &amp; Deli aisle">
						Meat, Seafood &amp; Deli <span>&rarr;</span>
					</a>
					
					<div id="menu-5" class="column-list clearfix" data-rows="22" role="navigation">
						<h2>
							<a role="menuitem" id="sub-menu-5_0" class="subCatHeader" title="Meat, Seafood &amp; Deli Category" href="http://shop.coles.com.au/online/national/meat-seafood-deli" >
								Meat, Seafood &amp; Deli
							</a>
							<span class="aisle-search">&nbsp;
								<a role="menuitem" id="sub-menu-5_1" class="browseAllSubCategory" href="http://shop.coles.com.au/online/national/meat-seafood-deli/meat-seafood-deli" title="Browse all items" >
								 Browse all items<span>&rarr;</span>
								</a>
							</span>
						</h2>
						
						
					<ul role="menu" id="sub-menu-5" data-col-items="menu-5" class="hidden" >
						
							<li class="section" ><a role="menuitem" id="sub-menu-5_2" href='http://shop.coles.com.au/online/national/meat-seafood-deli/fresh-meat' title='Meat sub category'>Meat</a></li>
							
							
								<li><a role="menuitem" id="sub-menu-5_3" href='http://shop.coles.com.au/online/national/meat-seafood-deli/fresh-meat/beef' title='Beef'>Beef</a></li>
							
								<li><a role="menuitem" id="sub-menu-5_4" href='http://shop.coles.com.au/online/national/meat-seafood-deli/fresh-meat/chicken' title='Chicken'>Chicken</a></li>
							
								<li><a role="menuitem" id="sub-menu-5_5" href='http://shop.coles.com.au/online/national/meat-seafood-deli/fresh-meat/lamb' title='Lamb'>Lamb</a></li>
							
								<li><a role="menuitem" id="sub-menu-5_6" href='http://shop.coles.com.au/online/national/meat-seafood-deli/fresh-meat/pork' title='Pork'>Pork</a></li>
							
								<li><a role="menuitem" id="sub-menu-5_7" href='http://shop.coles.com.au/online/national/meat-seafood-deli/fresh-meat/turkey' title='Turkey'>Turkey</a></li>
							
								<li><a role="menuitem" id="sub-menu-5_8" href='http://shop.coles.com.au/online/national/meat-seafood-deli/fresh-meat/duck-other-poultry' title='Duck &amp; Other Poultry'>Duck &amp; Other Poultry</a></li>
							
								<li><a role="menuitem" id="sub-menu-5_9" href='http://shop.coles.com.au/online/national/meat-seafood-deli/fresh-meat/veal' title='Veal'>Veal</a></li>
							
								<li><a role="menuitem" id="sub-menu-5_10" href='http://shop.coles.com.au/online/national/meat-seafood-deli/fresh-meat/game' title='Game'>Game</a></li>
							
								<li><a role="menuitem" id="sub-menu-5_11" href='http://shop.coles.com.au/online/national/meat-seafood-deli/fresh-meat/burgers-and-sausages' title='Burgers and Sausages'>Burgers and Sausages</a></li>
							
								<li><a role="menuitem" id="sub-menu-5_12" href='http://shop.coles.com.au/online/national/meat-seafood-deli/fresh-meat/bbq-party-packs' title='BBQ &amp; Party Packs'>BBQ &amp; Party Packs</a></li>
							
							<li class="section" ><a role="menuitem" id="sub-menu-5_13" href='http://shop.coles.com.au/online/national/meat-seafood-deli/seafood' title='Seafood sub category'>Seafood</a></li>
							
							
								<li><a role="menuitem" id="sub-menu-5_14" href='http://shop.coles.com.au/online/national/meat-seafood-deli/seafood/fish-accessories' title='Fish'>Fish</a></li>
							
								<li><a role="menuitem" id="sub-menu-5_15" href='http://shop.coles.com.au/online/national/meat-seafood-deli/seafood/lobster-crab' title='Crab &amp; Lobster'>Crab &amp; Lobster</a></li>
							
								<li><a role="menuitem" id="sub-menu-5_16" href='http://shop.coles.com.au/online/national/meat-seafood-deli/seafood/oysters' title='Oysters'>Oysters</a></li>
							
								<li><a role="menuitem" id="sub-menu-5_17" href='http://shop.coles.com.au/online/national/meat-seafood-deli/seafood/mussels-scallops' title='Mussels &amp; Scallops'>Mussels &amp; Scallops</a></li>
							
								<li><a role="menuitem" id="sub-menu-5_18" href='http://shop.coles.com.au/online/national/meat-seafood-deli/seafood/shrimp-prawns' title='Prawns &amp; Shrimp'>Prawns &amp; Shrimp</a></li>
							
								<li><a role="menuitem" id="sub-menu-5_19" href='http://shop.coles.com.au/online/national/meat-seafood-deli/seafood/mixed-marinara' title='Mixed Marinara'>Mixed Marinara</a></li>
							
								<li><a role="menuitem" id="sub-menu-5_20" href='http://shop.coles.com.au/online/national/meat-seafood-deli/seafood/squid-octopus' title='Squid &amp; Octopus'>Squid &amp; Octopus</a></li>
							
								<li><a role="menuitem" id="sub-menu-5_21" href='http://shop.coles.com.au/online/national/meat-seafood-deli/seafood/prepacked-seafood' title='Prepacked Seafood'>Prepacked Seafood</a></li>
							
							<li class="section" ><a role="menuitem" id="sub-menu-5_22" href='http://shop.coles.com.au/online/national/meat-seafood-deli/deli-meats' title='Deli Meats sub category'>Deli Meats</a></li>
							
							
								<li><a role="menuitem" id="sub-menu-5_23" href='http://shop.coles.com.au/online/national/meat-seafood-deli/deli-meats/ham' title='Ham'>Ham</a></li>
							
								<li><a role="menuitem" id="sub-menu-5_24" href='http://shop.coles.com.au/online/national/meat-seafood-deli/deli-meats/bacon' title='Bacon'>Bacon</a></li>
							
								<li><a role="menuitem" id="sub-menu-5_25" href='http://shop.coles.com.au/online/national/meat-seafood-deli/deli-meats/salami' title='Salami'>Salami</a></li>
							
								<li><a role="menuitem" id="sub-menu-5_26" href='http://shop.coles.com.au/online/national/meat-seafood-deli/deli-meats/cold-sliced-meats' title='Sliced Meats'>Sliced Meats</a></li>
							
								<li><a role="menuitem" id="sub-menu-5_27" href='http://shop.coles.com.au/online/national/meat-seafood-deli/deli-meats/cured--dried-smoked' title='Cured &amp; Smoked'>Cured &amp; Smoked</a></li>
							
								<li><a role="menuitem" id="sub-menu-5_28" href='http://shop.coles.com.au/online/national/meat-seafood-deli/deli-meats/frankfurts-sausages' title='Frankfurts &amp; Sausages'>Frankfurts &amp; Sausages</a></li>
							
								<li><a role="menuitem" id="sub-menu-5_29" href='http://shop.coles.com.au/online/national/meat-seafood-deli/deli-meats/poultry' title='Poultry'>Poultry</a></li>
							
								<li><a role="menuitem" id="sub-menu-5_30" href='http://shop.coles.com.au/online/national/meat-seafood-deli/deli-meats/smoked-salmon' title='Smoked Salmon'>Smoked Salmon</a></li>
							
								<li><a role="menuitem" id="sub-menu-5_31" href='http://shop.coles.com.au/online/national/meat-seafood-deli/deli-meats/deli-seafood' title='Deli Seafood'>Deli Seafood</a></li>
							
							<li class="section" ><a role="menuitem" id="sub-menu-5_32" href='http://shop.coles.com.au/online/national/meat-seafood-deli/deli-specialty' title='Deli Specialty sub category'>Deli Specialty</a></li>
							
							
								<li><a role="menuitem" id="sub-menu-5_33" href='http://shop.coles.com.au/online/national/meat-seafood-deli/deli-specialty/dips-pate' title='Dips &amp; Pate'>Dips &amp; Pate</a></li>
							
								<li><a role="menuitem" id="sub-menu-5_34" href='http://shop.coles.com.au/online/national/meat-seafood-deli/deli-specialty/deli-gourmet-cheese' title='Deli Gourmet Cheese'>Deli Gourmet Cheese</a></li>
							
								<li><a role="menuitem" id="sub-menu-5_35" href='http://shop.coles.com.au/online/national/meat-seafood-deli/deli-specialty/olives' title='Olives'>Olives</a></li>
							
								<li><a role="menuitem" id="sub-menu-5_36" href='http://shop.coles.com.au/online/national/meat-seafood-deli/deli-specialty/antipasto' title='Antipasto'>Antipasto</a></li>
							
								<li><a role="menuitem" id="sub-menu-5_37" href='http://shop.coles.com.au/online/national/meat-seafood-deli/deli-specialty/platters' title='Platters'>Platters</a></li>
							
								<li><a role="menuitem" id="sub-menu-5_38" href='http://shop.coles.com.au/online/national/meat-seafood-deli/deli-specialty/salads' title='Salads'>Salads</a></li>
							
								<li><a role="menuitem" id="sub-menu-5_39" href='http://shop.coles.com.au/online/national/meat-seafood-deli/deli-specialty/prepared-foods' title='Prepared Foods'>Prepared Foods</a></li>
							
					</ul>
				</div>							
											
			</li>									
		
			
			<li>
				
							
					<a role="menuitem" id="aisleMenu_6" aria-haspopup="true" href="http://shop.coles.com.au/online/national/dairy--eggs-meals" class="aisle" title="Browse the Dairy, Eggs &amp; Meals aisle">
						Dairy, Eggs &amp; Meals <span>&rarr;</span>
					</a>
					
					<div id="menu-6" class="column-list clearfix" data-rows="22" role="navigation">
						<h2>
							<a role="menuitem" id="sub-menu-6_0" class="subCatHeader" title="Dairy, Eggs &amp; Meals Category" href="http://shop.coles.com.au/online/national/dairy--eggs-meals" >
								Dairy, Eggs &amp; Meals
							</a>
							<span class="aisle-search">&nbsp;
								<a role="menuitem" id="sub-menu-6_1" class="browseAllSubCategory" href="http://shop.coles.com.au/online/national/dairy--eggs-meals/dairy--eggs-meals" title="Browse all items" >
								 Browse all items<span>&rarr;</span>
								</a>
							</span>
						</h2>
						
						
					<ul role="menu" id="sub-menu-6" data-col-items="menu-6" class="hidden" >
						
							<li class="section" ><a role="menuitem" id="sub-menu-6_2" href='http://shop.coles.com.au/online/national/dairy--eggs-meals/dairy-eggs' title='Dairy &amp; Eggs sub category'>Dairy &amp; Eggs</a></li>
							
							
								<li><a role="menuitem" id="sub-menu-6_3" href='http://shop.coles.com.au/online/national/dairy--eggs-meals/dairy-eggs/milk' title='Milk'>Milk</a></li>
							
								<li><a role="menuitem" id="sub-menu-6_4" href='http://shop.coles.com.au/online/national/dairy--eggs-meals/dairy-eggs/eggs' title='Eggs'>Eggs</a></li>
							
								<li><a role="menuitem" id="sub-menu-6_5" href='http://shop.coles.com.au/online/national/dairy--eggs-meals/dairy-eggs/yoghurt' title='Yoghurt'>Yoghurt</a></li>
							
								<li><a role="menuitem" id="sub-menu-6_6" href='http://shop.coles.com.au/online/national/dairy--eggs-meals/dairy-eggs/cheese' title='Cheese'>Cheese</a></li>
							
								<li><a role="menuitem" id="sub-menu-6_7" href='http://shop.coles.com.au/online/national/dairy--eggs-meals/dairy-eggs/gourmet-cheese' title='Gourmet Cheese'>Gourmet Cheese</a></li>
							
								<li><a role="menuitem" id="sub-menu-6_8" href='http://shop.coles.com.au/online/national/dairy--eggs-meals/dairy-eggs/butter-margarine' title='Butter &amp; Margarine'>Butter &amp; Margarine</a></li>
							
								<li><a role="menuitem" id="sub-menu-6_9" href='http://shop.coles.com.au/online/national/dairy--eggs-meals/dairy-eggs/cream' title='Cream'>Cream</a></li>
							
								<li><a role="menuitem" id="sub-menu-6_10" href='http://shop.coles.com.au/online/national/dairy--eggs-meals/dairy-eggs/custard' title='Custard'>Custard</a></li>
							
								<li><a role="menuitem" id="sub-menu-6_11" href='http://shop.coles.com.au/online/national/dairy--eggs-meals/dairy-eggs/dips' title='Dips'>Dips</a></li>
							
								<li><a role="menuitem" id="sub-menu-6_12" href='http://shop.coles.com.au/online/national/dairy--eggs-meals/dairy-eggs/desserts' title='Desserts'>Desserts</a></li>
							
							<li class="section" ><a role="menuitem" id="sub-menu-6_13" href='http://shop.coles.com.au/online/national/dairy--eggs-meals/fresh-pasta-sauces' title='Fresh Pasta &amp; Sauces sub category'>Fresh Pasta &amp; Sauces</a></li>
							
							
								<li><a role="menuitem" id="sub-menu-6_14" href='http://shop.coles.com.au/online/national/dairy--eggs-meals/fresh-pasta-sauces/fresh-pasta-noodles' title='Fresh Pasta &amp; Noodles'>Fresh Pasta &amp; Noodles</a></li>
							
								<li><a role="menuitem" id="sub-menu-6_15" href='http://shop.coles.com.au/online/national/dairy--eggs-meals/fresh-pasta-sauces/pasta-sauces' title='Pasta Sauces'>Pasta Sauces</a></li>
							
							<li class="section" ><a role="menuitem" id="sub-menu-6_16" href='http://shop.coles.com.au/online/national/dairy--eggs-meals/garlic-bread-pastry-sheets' title='Garlic Bread &amp; Pastry Sheets sub category'>Garlic Bread &amp; Pastry Sheets</a></li>
							
							
								<li><a role="menuitem" id="sub-menu-6_17" href='http://shop.coles.com.au/online/national/dairy--eggs-meals/garlic-bread-pastry-sheets/chilled-garlic-specialty-breads' title='Chilled Garlic &amp; Specialty Breads'>Chilled Garlic &amp; Specialty Breads</a></li>
							
								<li><a role="menuitem" id="sub-menu-6_18" href='http://shop.coles.com.au/online/national/dairy--eggs-meals/garlic-bread-pastry-sheets/chilled-pastry-dough' title='Chilled Pastry &amp; Dough'>Chilled Pastry &amp; Dough</a></li>
							
							<li class="section" ><a role="menuitem" id="sub-menu-6_19" href='http://shop.coles.com.au/online/national/dairy--eggs-meals/ready-to-eat-meals' title='Ready to Eat Meals sub category'>Ready to Eat Meals</a></li>
							
							
								<li><a role="menuitem" id="sub-menu-6_20" href='http://shop.coles.com.au/online/national/dairy--eggs-meals/ready-to-eat-meals/thai-meals' title='Thai Meals'>Thai Meals</a></li>
							
								<li><a role="menuitem" id="sub-menu-6_21" href='http://shop.coles.com.au/online/national/dairy--eggs-meals/ready-to-eat-meals/rice-based-meals' title='Indian Meals'>Indian Meals</a></li>
							
								<li><a role="menuitem" id="sub-menu-6_22" href='http://shop.coles.com.au/online/national/dairy--eggs-meals/ready-to-eat-meals/hot-snacks-sides' title='Hot Snacks &amp; Sides'>Hot Snacks &amp; Sides</a></li>
							
								<li><a role="menuitem" id="sub-menu-6_23" href='http://shop.coles.com.au/online/national/dairy--eggs-meals/ready-to-eat-meals/nann--roti--pappadums' title='Naan, Roti, Pappadums'>Naan, Roti, Pappadums</a></li>
							
								<li><a role="menuitem" id="sub-menu-6_24" href='http://shop.coles.com.au/online/national/dairy--eggs-meals/ready-to-eat-meals/pasta-meals-456613' title='Italian Meals &amp; Pasta'>Italian Meals &amp; Pasta</a></li>
							
								<li><a role="menuitem" id="sub-menu-6_25" href='http://shop.coles.com.au/online/national/dairy--eggs-meals/ready-to-eat-meals/pies-pastries' title='Pies &amp; Pastries'>Pies &amp; Pastries</a></li>
							
								<li><a role="menuitem" id="sub-menu-6_26" href='http://shop.coles.com.au/online/national/dairy--eggs-meals/ready-to-eat-meals/pizzas' title='Pizzas'>Pizzas</a></li>
							
								<li><a role="menuitem" id="sub-menu-6_27" href='http://shop.coles.com.au/online/national/dairy--eggs-meals/ready-to-eat-meals/soups-stews' title='Soups &amp; Stews'>Soups &amp; Stews</a></li>
							
							<li class="section" ><a role="menuitem" id="sub-menu-6_28" href='http://shop.coles.com.au/online/national/dairy--eggs-meals/meat-alternatives' title='Vegetarian Options sub category'>Vegetarian Options</a></li>
							
							
								<li><a role="menuitem" id="sub-menu-6_29" href='http://shop.coles.com.au/online/national/dairy--eggs-meals/meat-alternatives/soy' title='Soy'>Soy</a></li>
							
								<li><a role="menuitem" id="sub-menu-6_30" href='http://shop.coles.com.au/online/national/dairy--eggs-meals/meat-alternatives/tofu' title='Tofu'>Tofu</a></li>
							
								<li><a role="menuitem" id="sub-menu-6_31" href='http://shop.coles.com.au/online/national/dairy--eggs-meals/meat-alternatives/falafels' title='Falafels'>Falafels</a></li>
							
								<li><a role="menuitem" id="sub-menu-6_32" href='http://shop.coles.com.au/online/national/dairy--eggs-meals/meat-alternatives/vegie-burgers-sausages' title='Vegie Burgers &amp; Sausages'>Vegie Burgers &amp; Sausages</a></li>
							
								<li><a role="menuitem" id="sub-menu-6_33" href='http://shop.coles.com.au/online/national/dairy--eggs-meals/meat-alternatives/vegie-bacon-mince' title='Vegie Bacon &amp; Mince'>Vegie Bacon &amp; Mince</a></li>
							
					</ul>
				</div>							
											
			</li>									
		
			
			<li>
				
							
					<a role="menuitem" id="aisleMenu_7" aria-haspopup="true" href="http://shop.coles.com.au/online/national/pantry" class="aisle" title="Browse the Pantry aisle">
						Pantry <span>&rarr;</span>
					</a>
					
					<div id="menu-7" class="column-list clearfix" data-rows="22" role="navigation">
						<h2>
							<a role="menuitem" id="sub-menu-7_0" class="subCatHeader" title="Pantry Category" href="http://shop.coles.com.au/online/national/pantry" >
								Pantry
							</a>
							<span class="aisle-search">&nbsp;
								<a role="menuitem" id="sub-menu-7_1" class="browseAllSubCategory" href="http://shop.coles.com.au/online/national/pantry/pantry" title="Browse all items" >
								 Browse all items<span>&rarr;</span>
								</a>
							</span>
						</h2>
						
						
					<ul role="menu" id="sub-menu-7" data-col-items="menu-7" class="hidden" >
						
							<li class="section" ><a role="menuitem" id="sub-menu-7_2" href='http://shop.coles.com.au/online/national/pantry/breakfast' title='Breakfast sub category'>Breakfast</a></li>
							
							
								<li><a role="menuitem" id="sub-menu-7_3" href='http://shop.coles.com.au/online/national/pantry/breakfast/cereals' title='Cereals'>Cereals</a></li>
							
								<li><a role="menuitem" id="sub-menu-7_4" href='http://shop.coles.com.au/online/national/pantry/breakfast/breakfast-drinks' title='Breakfast Drinks'>Breakfast Drinks</a></li>
							
							<li class="section" ><a role="menuitem" id="sub-menu-7_5" href='http://shop.coles.com.au/online/national/pantry/snacks' title='Snacks sub category'>Snacks</a></li>
							
							
								<li><a role="menuitem" id="sub-menu-7_6" href='http://shop.coles.com.au/online/national/pantry/snacks/potato-chips' title='Potato Chips'>Potato Chips</a></li>
							
								<li><a role="menuitem" id="sub-menu-7_7" href='http://shop.coles.com.au/online/national/pantry/snacks/corn-chips-salsa' title='Corn Chips &amp; Salsa'>Corn Chips &amp; Salsa</a></li>
							
								<li><a role="menuitem" id="sub-menu-7_8" href='http://shop.coles.com.au/online/national/pantry/snacks/popcorn' title='Popcorn'>Popcorn</a></li>
							
								<li><a role="menuitem" id="sub-menu-7_9" href='http://shop.coles.com.au/online/national/pantry/snacks/pretzels-other-snacks' title='Pretzels &amp; Other Snacks'>Pretzels &amp; Other Snacks</a></li>
							
								<li><a role="menuitem" id="sub-menu-7_10" href='http://shop.coles.com.au/online/national/pantry/snacks/biscuits-cookies' title='Biscuits &amp; Cookies'>Biscuits &amp; Cookies</a></li>
							
								<li><a role="menuitem" id="sub-menu-7_11" href='http://shop.coles.com.au/online/national/pantry/snacks/nuts-trail-mix' title='Nuts &amp; Trail Mix'>Nuts &amp; Trail Mix</a></li>
							
								<li><a role="menuitem" id="sub-menu-7_12" href='http://shop.coles.com.au/online/national/pantry/snacks/fruit-snacks' title='Fruit Snacks'>Fruit Snacks</a></li>
							
								<li><a role="menuitem" id="sub-menu-7_13" href='http://shop.coles.com.au/online/national/pantry/snacks/muesli-snack-bars' title='Muesli &amp; Snack Bars'>Muesli &amp; Snack Bars</a></li>
							
								<li><a role="menuitem" id="sub-menu-7_14" href='http://shop.coles.com.au/online/national/pantry/snacks/jelly' title='Jelly'>Jelly</a></li>
							
								<li><a role="menuitem" id="sub-menu-7_15" href='http://shop.coles.com.au/online/national/pantry/snacks/ice-cream-cones-toppings' title='Ice-cream Cones &amp; Toppings'>Ice-cream Cones &amp; Toppings</a></li>
							
								<li><a role="menuitem" id="sub-menu-7_16" href='http://shop.coles.com.au/online/national/pantry/snacks/dairy-snacks' title='Dairy Snacks'>Dairy Snacks</a></li>
							
								<li><a role="menuitem" id="sub-menu-7_17" href='http://shop.coles.com.au/online/national/pantry/snacks/rice-corn-snacks' title='Rice &amp; Corn Snacks'>Rice &amp; Corn Snacks</a></li>
							
								<li><a role="menuitem" id="sub-menu-7_18" href='http://shop.coles.com.au/online/national/pantry/snacks/crackers-cripsbreads' title='Crackers &amp; Crispbreads'>Crackers &amp; Crispbreads</a></li>
							
								<li><a role="menuitem" id="sub-menu-7_19" href='http://shop.coles.com.au/online/national/pantry/snacks/party-packs-366011' title='Party Packs'>Party Packs</a></li>
							
							<li class="section" ><a role="menuitem" id="sub-menu-7_20" href='http://shop.coles.com.au/online/national/pantry/chocolates-lollies' title='Confectionery sub category'>Confectionery</a></li>
							
							
								<li><a role="menuitem" id="sub-menu-7_21" href='http://shop.coles.com.au/online/national/pantry/chocolates-lollies/chocolates' title='Chocolates'>Chocolates</a></li>
							
								<li><a role="menuitem" id="sub-menu-7_22" href='http://shop.coles.com.au/online/national/pantry/chocolates-lollies/lollies' title='Lollies'>Lollies</a></li>
							
								<li><a role="menuitem" id="sub-menu-7_23" href='http://shop.coles.com.au/online/national/pantry/chocolates-lollies/gum' title='Gum &amp; Mints'>Gum &amp; Mints</a></li>
							
								<li><a role="menuitem" id="sub-menu-7_24" href='http://shop.coles.com.au/online/national/pantry/chocolates-lollies/medicated-lozenges' title='Medicated Lozenges'>Medicated Lozenges</a></li>
							
							<li class="section" ><a role="menuitem" id="sub-menu-7_25" href='http://shop.coles.com.au/online/national/pantry/herbs-spices' title='Herbs &amp; Spices sub category'>Herbs &amp; Spices</a></li>
							
							
								<li><a role="menuitem" id="sub-menu-7_26" href='http://shop.coles.com.au/online/national/pantry/herbs-spices/dried-herbs' title='Dried Herbs'>Dried Herbs</a></li>
							
								<li><a role="menuitem" id="sub-menu-7_27" href='http://shop.coles.com.au/online/national/pantry/herbs-spices/salt--pepper-spices' title='Salt, Pepper &amp; Spices'>Salt, Pepper &amp; Spices</a></li>
							
								<li><a role="menuitem" id="sub-menu-7_28" href='http://shop.coles.com.au/online/national/pantry/herbs-spices/marinades-seasonings' title='Marinades &amp; Seasonings'>Marinades &amp; Seasonings</a></li>
							
							<li class="section" ><a role="menuitem" id="sub-menu-7_29" href='http://shop.coles.com.au/online/national/pantry/health-foods' title='Health Foods sub category'>Health Foods</a></li>
							
							
								<li><a role="menuitem" id="sub-menu-7_30" href='http://shop.coles.com.au/online/national/pantry/health-foods/cooking' title='Cooking'>Cooking</a></li>
							
							<li class="section" ><a role="menuitem" id="sub-menu-7_31" href='http://shop.coles.com.au/online/national/pantry/stocks-gravy' title='Stocks &amp; Gravy sub category'>Stocks &amp; Gravy</a></li>
							
							
								<li><a role="menuitem" id="sub-menu-7_32" href='http://shop.coles.com.au/online/national/pantry/stocks-gravy/dry-stock' title='Dry Stock'>Dry Stock</a></li>
							
								<li><a role="menuitem" id="sub-menu-7_33" href='http://shop.coles.com.au/online/national/pantry/stocks-gravy/liquid-stock' title='Liquid Stock'>Liquid Stock</a></li>
							
								<li><a role="menuitem" id="sub-menu-7_34" href='http://shop.coles.com.au/online/national/pantry/stocks-gravy/gravy' title='Gravy'>Gravy</a></li>
							
							<li class="section" ><a role="menuitem" id="sub-menu-7_35" href='http://shop.coles.com.au/online/national/pantry/baking' title='Baking sub category'>Baking</a></li>
							
							
								<li><a role="menuitem" id="sub-menu-7_36" href='http://shop.coles.com.au/online/national/pantry/baking/flour' title='Flour'>Flour</a></li>
							
								<li><a role="menuitem" id="sub-menu-7_37" href='http://shop.coles.com.au/online/national/pantry/baking/sugar-sweeteners' title='Sugar &amp; Sweeteners'>Sugar &amp; Sweeteners</a></li>
							
								<li><a role="menuitem" id="sub-menu-7_38" href='http://shop.coles.com.au/online/national/pantry/baking/breadcrumbs-stuffing' title='Breadcrumbs &amp; Stuffing'>Breadcrumbs &amp; Stuffing</a></li>
							
								<li><a role="menuitem" id="sub-menu-7_39" href='http://shop.coles.com.au/online/national/pantry/baking/yeast-baking-agents' title='Yeast &amp; Baking Agents'>Yeast &amp; Baking Agents</a></li>
							
								<li><a role="menuitem" id="sub-menu-7_40" href='http://shop.coles.com.au/online/national/pantry/baking/cake-decorating' title='Cake Decorating'>Cake Decorating</a></li>
							
								<li><a role="menuitem" id="sub-menu-7_41" href='http://shop.coles.com.au/online/national/pantry/baking/cake-bread-mixes' title='Cake &amp; Bread Mixes'>Cake &amp; Bread Mixes</a></li>
							
								<li><a role="menuitem" id="sub-menu-7_42" href='http://shop.coles.com.au/online/national/pantry/baking/essence-food-colouring' title='Essence &amp; Food Colouring'>Essence &amp; Food Colouring</a></li>
							
								<li><a role="menuitem" id="sub-menu-7_43" href='http://shop.coles.com.au/online/national/pantry/baking/dried-fruits-fillings' title='Dried Fruits &amp; Fillings'>Dried Fruits &amp; Fillings</a></li>
							
								<li><a role="menuitem" id="sub-menu-7_44" href='http://shop.coles.com.au/online/national/pantry/baking/cooking-chocolate-cocoa' title='Cooking Chocolate &amp; Cocoa'>Cooking Chocolate &amp; Cocoa</a></li>
							
								<li><a role="menuitem" id="sub-menu-7_45" href='http://shop.coles.com.au/online/national/pantry/baking/pancake-batter-mixes' title='Pancake &amp; Dessert Mixes'>Pancake &amp; Dessert Mixes</a></li>
							
							<li class="section" ><a role="menuitem" id="sub-menu-7_46" href='http://shop.coles.com.au/online/national/pantry/condiments' title='Condiments sub category'>Condiments</a></li>
							
							
								<li><a role="menuitem" id="sub-menu-7_47" href='http://shop.coles.com.au/online/national/pantry/condiments/pickles--chutney-relish' title='Pickles, Chutney &amp; Relish'>Pickles, Chutney &amp; Relish</a></li>
							
								<li><a role="menuitem" id="sub-menu-7_48" href='http://shop.coles.com.au/online/national/pantry/condiments/salad-dressings' title='Salad Dressings'>Salad Dressings</a></li>
							
								<li><a role="menuitem" id="sub-menu-7_49" href='http://shop.coles.com.au/online/national/pantry/condiments/mayonnaise' title='Mayonnaise'>Mayonnaise</a></li>
							
								<li><a role="menuitem" id="sub-menu-7_50" href='http://shop.coles.com.au/online/national/pantry/condiments/jams-spreads' title='Jams &amp; Spreads'>Jams &amp; Spreads</a></li>
							
								<li><a role="menuitem" id="sub-menu-7_51" href='http://shop.coles.com.au/online/national/pantry/condiments/honey' title='Honey'>Honey</a></li>
							
								<li><a role="menuitem" id="sub-menu-7_52" href='http://shop.coles.com.au/online/national/pantry/condiments/syrups-toppings' title='Syrups &amp; Toppings'>Syrups &amp; Toppings</a></li>
							
								<li><a role="menuitem" id="sub-menu-7_53" href='http://shop.coles.com.au/online/national/pantry/condiments/mustard' title='Mustard'>Mustard</a></li>
							
							<li class="section" ><a role="menuitem" id="sub-menu-7_54" href='http://shop.coles.com.au/online/national/pantry/sauces' title='Sauces sub category'>Sauces</a></li>
							
							
								<li><a role="menuitem" id="sub-menu-7_55" href='http://shop.coles.com.au/online/national/pantry/sauces/pizza-pasta' title='Pizza &amp; Pasta'>Pizza &amp; Pasta</a></li>
							
								<li><a role="menuitem" id="sub-menu-7_56" href='http://shop.coles.com.au/online/national/pantry/sauces/recipe-meal-bases' title='Recipe &amp; Meal Bases'>Recipe &amp; Meal Bases</a></li>
							
								<li><a role="menuitem" id="sub-menu-7_57" href='http://shop.coles.com.au/online/national/pantry/sauces/soy-asian' title='Soy &amp; Asian'>Soy &amp; Asian</a></li>
							
								<li><a role="menuitem" id="sub-menu-7_58" href='http://shop.coles.com.au/online/national/pantry/sauces/stir-fry-and-curries' title='Stir-fry and Curries'>Stir-fry and Curries</a></li>
							
								<li><a role="menuitem" id="sub-menu-7_59" href='http://shop.coles.com.au/online/national/pantry/sauces/tabasco-specialty' title='Sweet Chilli &amp; Hot'>Sweet Chilli &amp; Hot</a></li>
							
								<li><a role="menuitem" id="sub-menu-7_60" href='http://shop.coles.com.au/online/national/pantry/sauces/tomato-bbq' title='Tomato &amp; BBQ'>Tomato &amp; BBQ</a></li>
							
							<li class="section" ><a role="menuitem" id="sub-menu-7_61" href='http://shop.coles.com.au/online/national/pantry/oils-vinegars' title='Oils &amp; Vinegars sub category'>Oils &amp; Vinegars</a></li>
							
							
								<li><a role="menuitem" id="sub-menu-7_62" href='http://shop.coles.com.au/online/national/pantry/oils-vinegars/vinegar' title='Vinegar'>Vinegar</a></li>
							
								<li><a role="menuitem" id="sub-menu-7_63" href='http://shop.coles.com.au/online/national/pantry/oils-vinegars/oil' title='Oil'>Oil</a></li>
							
							<li class="section" ><a role="menuitem" id="sub-menu-7_64" href='http://shop.coles.com.au/online/national/pantry/pasta--rice--grains' title='Pasta, Rice, Grains sub category'>Pasta, Rice, Grains</a></li>
							
							
								<li><a role="menuitem" id="sub-menu-7_65" href='http://shop.coles.com.au/online/national/pantry/pasta--rice--grains/fresh-pasta' title='Fresh Pasta'>Fresh Pasta</a></li>
							
								<li><a role="menuitem" id="sub-menu-7_66" href='http://shop.coles.com.au/online/national/pantry/pasta--rice--grains/dried-pasta' title='Dried Pasta'>Dried Pasta</a></li>
							
								<li><a role="menuitem" id="sub-menu-7_67" href='http://shop.coles.com.au/online/national/pantry/pasta--rice--grains/rice' title='Rice'>Rice</a></li>
							
								<li><a role="menuitem" id="sub-menu-7_68" href='http://shop.coles.com.au/online/national/pantry/pasta--rice--grains/pantry-beans-legumes' title='Beans &amp; Legumes'>Beans &amp; Legumes</a></li>
							
								<li><a role="menuitem" id="sub-menu-7_69" href='http://shop.coles.com.au/online/national/pantry/pasta--rice--grains/polenta-other-grains' title='Polenta &amp; Other Grains'>Polenta &amp; Other Grains</a></li>
							
							<li class="section" ><a role="menuitem" id="sub-menu-7_70" href='http://shop.coles.com.au/online/national/pantry/canned-foods--soups-noodles' title='Canned Foods, Soups &amp; Noodles sub category'>Canned Foods, Soups &amp; Noodles</a></li>
							
							
								<li><a role="menuitem" id="sub-menu-7_71" href='http://shop.coles.com.au/online/national/pantry/canned-foods--soups-noodles/beans-legumes' title='Canned Beans &amp; Legumes'>Canned Beans &amp; Legumes</a></li>
							
								<li><a role="menuitem" id="sub-menu-7_72" href='http://shop.coles.com.au/online/national/pantry/canned-foods--soups-noodles/noodles' title='Noodles'>Noodles</a></li>
							
								<li><a role="menuitem" id="sub-menu-7_73" href='http://shop.coles.com.au/online/national/pantry/canned-foods--soups-noodles/canned-fruit' title='Canned Fruit'>Canned Fruit</a></li>
							
								<li><a role="menuitem" id="sub-menu-7_74" href='http://shop.coles.com.au/online/national/pantry/canned-foods--soups-noodles/canned-vegetables' title='Canned Vegetables'>Canned Vegetables</a></li>
							
								<li><a role="menuitem" id="sub-menu-7_75" href='http://shop.coles.com.au/online/national/pantry/canned-foods--soups-noodles/canned-meat' title='Canned Meat'>Canned Meat</a></li>
							
								<li><a role="menuitem" id="sub-menu-7_76" href='http://shop.coles.com.au/online/national/pantry/canned-foods--soups-noodles/condensed-evaporated-milk' title='Condensed &amp; Evaporated Milk'>Condensed &amp; Evaporated Milk</a></li>
							
								<li><a role="menuitem" id="sub-menu-7_77" href='http://shop.coles.com.au/online/national/pantry/canned-foods--soups-noodles/instant-meals-sides' title='Instant Meals &amp; Sides'>Instant Meals &amp; Sides</a></li>
							
								<li><a role="menuitem" id="sub-menu-7_78" href='http://shop.coles.com.au/online/national/pantry/canned-foods--soups-noodles/fish-seafood' title='Fish/Seafood'>Fish/Seafood</a></li>
							
								<li><a role="menuitem" id="sub-menu-7_79" href='http://shop.coles.com.au/online/national/pantry/canned-foods--soups-noodles/baked-bins-tinned-spaghetti' title='Baked Beans &amp; Spaghetti'>Baked Beans &amp; Spaghetti</a></li>
							
								<li><a role="menuitem" id="sub-menu-7_80" href='http://shop.coles.com.au/online/national/pantry/canned-foods--soups-noodles/soups' title='Soups'>Soups</a></li>
							
							<li class="section" ><a role="menuitem" id="sub-menu-7_81" href='http://shop.coles.com.au/online/national/pantry/tea-coffee' title='Tea &amp; Coffee sub category'>Tea &amp; Coffee</a></li>
							
							
								<li><a role="menuitem" id="sub-menu-7_82" href='http://shop.coles.com.au/online/national/pantry/tea-coffee/tea' title='Tea'>Tea</a></li>
							
								<li><a role="menuitem" id="sub-menu-7_83" href='http://shop.coles.com.au/online/national/pantry/tea-coffee/coffee' title='Coffee'>Coffee</a></li>
							
								<li><a role="menuitem" id="sub-menu-7_84" href='http://shop.coles.com.au/online/national/pantry/tea-coffee/filters-accessories' title='Filters &amp; Accessories'>Filters &amp; Accessories</a></li>
							
							<li class="section" ><a role="menuitem" id="sub-menu-7_85" href='http://shop.coles.com.au/online/national/pantry/local-foods' title='Local Foods sub category'>Local Foods</a></li>
							
							
								<li><a role="menuitem" id="sub-menu-7_86" href='http://shop.coles.com.au/online/national/pantry/local-foods/cereal-health-foods' title='Cereal &amp; Health Foods'>Cereal &amp; Health Foods</a></li>
							
								<li><a role="menuitem" id="sub-menu-7_87" href='http://shop.coles.com.au/online/national/pantry/local-foods/local-snacks-drinks' title='Local Snacks &amp; Drinks'>Local Snacks &amp; Drinks</a></li>
							
								<li><a role="menuitem" id="sub-menu-7_88" href='http://shop.coles.com.au/online/national/pantry/local-foods/pantry-local-foods' title='Pantry Local Foods'>Pantry Local Foods</a></li>
							
							<li class="section" ><a role="menuitem" id="sub-menu-7_89" href='http://shop.coles.com.au/online/national/pantry/easter-snacks' title='Easter Confectionery sub category'>Easter Confectionery</a></li>
							
							
								<li><a role="menuitem" id="sub-menu-7_90" href='http://shop.coles.com.au/online/national/pantry/easter-snacks/easter-bunnies' title='Easter Bunnies'>Easter Bunnies</a></li>
							
								<li><a role="menuitem" id="sub-menu-7_91" href='http://shop.coles.com.au/online/national/pantry/easter-snacks/easter-egg-sharepacks' title='Easter Egg Sharepacks'>Easter Egg Sharepacks</a></li>
							
								<li><a role="menuitem" id="sub-menu-7_92" href='http://shop.coles.com.au/online/national/pantry/easter-snacks/easter-eggs' title='Easter Eggs'>Easter Eggs</a></li>
							
					</ul>
				</div>							
											
			</li>									
		
			
			<li>
				
							
					<a role="menuitem" id="aisleMenu_8" aria-haspopup="true" href="http://shop.coles.com.au/online/national/frozen" class="aisle" title="Browse the Frozen aisle">
						Frozen <span>&rarr;</span>
					</a>
					
					<div id="menu-8" class="column-list clearfix" data-rows="22" role="navigation">
						<h2>
							<a role="menuitem" id="sub-menu-8_0" class="subCatHeader" title="Frozen Category" href="http://shop.coles.com.au/online/national/frozen" >
								Frozen
							</a>
							<span class="aisle-search">&nbsp;
								<a role="menuitem" id="sub-menu-8_1" class="browseAllSubCategory" href="http://shop.coles.com.au/online/national/frozen/frozen" title="Browse all items" >
								 Browse all items<span>&rarr;</span>
								</a>
							</span>
						</h2>
						
						
					<ul role="menu" id="sub-menu-8" data-col-items="menu-8" class="hidden" >
						
							<li class="section" ><a role="menuitem" id="sub-menu-8_2" href='http://shop.coles.com.au/online/national/frozen/frozen-chips-wedges' title='Chips &amp; Wedges sub category'>Chips &amp; Wedges</a></li>
							
							
								<li><a role="menuitem" id="sub-menu-8_3" href='http://shop.coles.com.au/online/national/frozen/frozen-chips-wedges/chips' title='Chips'>Chips</a></li>
							
								<li><a role="menuitem" id="sub-menu-8_4" href='http://shop.coles.com.au/online/national/frozen/frozen-chips-wedges/hashbrowns' title='Hashbrowns'>Hashbrowns</a></li>
							
								<li><a role="menuitem" id="sub-menu-8_5" href='http://shop.coles.com.au/online/national/frozen/frozen-chips-wedges/wedges' title='Wedges'>Wedges</a></li>
							
							<li class="section" ><a role="menuitem" id="sub-menu-8_6" href='http://shop.coles.com.au/online/national/frozen/convenience-meals' title='Convenience Meals sub category'>Convenience Meals</a></li>
							
							
								<li><a role="menuitem" id="sub-menu-8_7" href='http://shop.coles.com.au/online/national/frozen/convenience-meals/all-convenience-meals' title='All Convenience Meals'>All Convenience Meals</a></li>
							
								<li><a role="menuitem" id="sub-menu-8_8" href='http://shop.coles.com.au/online/national/frozen/convenience-meals/kosher-convenience-meals' title='Kosher Convenience Meals'>Kosher Convenience Meals</a></li>
							
							<li class="section" ><a role="menuitem" id="sub-menu-8_9" href='http://shop.coles.com.au/online/national/frozen/frozen-desserts' title='Frozen Desserts sub category'>Frozen Desserts</a></li>
							
							
								<li><a role="menuitem" id="sub-menu-8_10" href='http://shop.coles.com.au/online/national/frozen/frozen-desserts/assorted-desserts' title='Assorted Desserts'>Assorted Desserts</a></li>
							
								<li><a role="menuitem" id="sub-menu-8_11" href='http://shop.coles.com.au/online/national/frozen/frozen-desserts/cakes-cheesecakes' title='Cakes &amp; Cheesecakes'>Cakes &amp; Cheesecakes</a></li>
							
								<li><a role="menuitem" id="sub-menu-8_12" href='http://shop.coles.com.au/online/national/frozen/frozen-desserts/dessert-pies' title='Dessert Pies'>Dessert Pies</a></li>
							
								<li><a role="menuitem" id="sub-menu-8_13" href='http://shop.coles.com.au/online/national/frozen/frozen-desserts/ice-cream-cakes' title='Ice Cream Cakes'>Ice Cream Cakes</a></li>
							
								<li><a role="menuitem" id="sub-menu-8_14" href='http://shop.coles.com.au/online/national/frozen/frozen-desserts/pastries-puddings' title='Pastries &amp; Puddings'>Pastries &amp; Puddings</a></li>
							
							<li class="section" ><a role="menuitem" id="sub-menu-8_15" href='http://shop.coles.com.au/online/national/frozen/frozen-fish-seafood' title='Frozen Fish &amp; Seafood sub category'>Frozen Fish &amp; Seafood</a></li>
							
							
								<li><a role="menuitem" id="sub-menu-8_16" href='http://shop.coles.com.au/online/national/frozen/frozen-fish-seafood/fish-fingers-cakes' title='Fish Fingers &amp; Cakes'>Fish Fingers &amp; Cakes</a></li>
							
								<li><a role="menuitem" id="sub-menu-8_17" href='http://shop.coles.com.au/online/national/frozen/frozen-fish-seafood/fish-fillets' title='Fish Fillets'>Fish Fillets</a></li>
							
								<li><a role="menuitem" id="sub-menu-8_18" href='http://shop.coles.com.au/online/national/frozen/frozen-fish-seafood/seafood-frozen' title='Seafood Frozen'>Seafood Frozen</a></li>
							
							<li class="section" ><a role="menuitem" id="sub-menu-8_19" href='http://shop.coles.com.au/online/national/frozen/frozen-fruit' title='Frozen Fruit sub category'>Frozen Fruit</a></li>
							
							
								<li><a role="menuitem" id="sub-menu-8_20" href='http://shop.coles.com.au/online/national/frozen/frozen-fruit/berries' title='Berries'>Berries</a></li>
							
								<li><a role="menuitem" id="sub-menu-8_21" href='http://shop.coles.com.au/online/national/frozen/frozen-fruit/tropical' title='Tropical'>Tropical</a></li>
							
							<li class="section" ><a role="menuitem" id="sub-menu-8_22" href='http://shop.coles.com.au/online/national/frozen/ice-cream-frozen-yoghurt' title='Ice Cream sub category'>Ice Cream</a></li>
							
							
								<li><a role="menuitem" id="sub-menu-8_23" href='http://shop.coles.com.au/online/national/frozen/ice-cream-frozen-yoghurt/frozen-yoghurt' title='Frozen Yoghurt'>Frozen Yoghurt</a></li>
							
								<li><a role="menuitem" id="sub-menu-8_24" href='http://shop.coles.com.au/online/national/frozen/ice-cream-frozen-yoghurt/ice-cream-desserts' title='Ice Cream Desserts'>Ice Cream Desserts</a></li>
							
								<li><a role="menuitem" id="sub-menu-8_25" href='http://shop.coles.com.au/online/national/frozen/ice-cream-frozen-yoghurt/ice-cream-sticks' title='Ice Cream Sticks'>Ice Cream Sticks</a></li>
							
								<li><a role="menuitem" id="sub-menu-8_26" href='http://shop.coles.com.au/online/national/frozen/ice-cream-frozen-yoghurt/ice-cream-tubs' title='Ice Cream Tubs'>Ice Cream Tubs</a></li>
							
								<li><a role="menuitem" id="sub-menu-8_27" href='http://shop.coles.com.au/online/national/frozen/ice-cream-frozen-yoghurt/premium-ice-cream' title='Premium Ice Cream'>Premium Ice Cream</a></li>
							
								<li><a role="menuitem" id="sub-menu-8_28" href='http://shop.coles.com.au/online/national/frozen/ice-cream-frozen-yoghurt/sorbet-gelato' title='Sorbet &amp; Gelato'>Sorbet &amp; Gelato</a></li>
							
								<li><a role="menuitem" id="sub-menu-8_29" href='http://shop.coles.com.au/online/national/frozen/ice-cream-frozen-yoghurt/kosher-ice-cream' title='Kosher Ice Cream'>Kosher Ice Cream</a></li>
							
							<li class="section" ><a role="menuitem" id="sub-menu-8_30" href='http://shop.coles.com.au/online/national/frozen/frozen-meat' title='Frozen Meat sub category'>Frozen Meat</a></li>
							
							
								<li><a role="menuitem" id="sub-menu-8_31" href='http://shop.coles.com.au/online/national/frozen/frozen-meat/beef-pork' title='Beef &amp; Pork'>Beef &amp; Pork</a></li>
							
								<li><a role="menuitem" id="sub-menu-8_32" href='http://shop.coles.com.au/online/national/frozen/frozen-meat/burgers' title='Burgers'>Burgers</a></li>
							
								<li><a role="menuitem" id="sub-menu-8_33" href='http://shop.coles.com.au/online/national/frozen/frozen-meat/crumbed-chicken-nuggets' title='Chicken Pieces &amp; Nuggets'>Chicken Pieces &amp; Nuggets</a></li>
							
								<li><a role="menuitem" id="sub-menu-8_34" href='http://shop.coles.com.au/online/national/frozen/frozen-meat/whole-birds-rolls' title='Whole Birds &amp; Roasts'>Whole Birds &amp; Roasts</a></li>
							
							<li class="section" ><a role="menuitem" id="sub-menu-8_35" href='http://shop.coles.com.au/online/national/frozen/frozen-party-food-pastries' title='Frozen Party Food sub category'>Frozen Party Food</a></li>
							
							
								<li><a role="menuitem" id="sub-menu-8_36" href='http://shop.coles.com.au/online/national/frozen/frozen-party-food-pastries/asian-party-food' title='Asian Party Food'>Asian Party Food</a></li>
							
								<li><a role="menuitem" id="sub-menu-8_37" href='http://shop.coles.com.au/online/national/frozen/frozen-party-food-pastries/pastries' title='Pastries'>Pastries</a></li>
							
								<li><a role="menuitem" id="sub-menu-8_38" href='http://shop.coles.com.au/online/national/frozen/frozen-party-food-pastries/pies-quiches' title='Pies &amp; Quiches'>Pies &amp; Quiches</a></li>
							
								<li><a role="menuitem" id="sub-menu-8_39" href='http://shop.coles.com.au/online/national/frozen/frozen-party-food-pastries/party-food-1182577' title='Party Food'>Party Food</a></li>
							
								<li><a role="menuitem" id="sub-menu-8_40" href='http://shop.coles.com.au/online/national/frozen/frozen-party-food-pastries/pastry-sheets' title='Pastry Sheets'>Pastry Sheets</a></li>
							
							<li class="section" ><a role="menuitem" id="sub-menu-8_41" href='http://shop.coles.com.au/online/national/frozen/frozen-pizzas' title='Frozen Pizzas sub category'>Frozen Pizzas</a></li>
							
							
								<li><a role="menuitem" id="sub-menu-8_42" href='http://shop.coles.com.au/online/national/frozen/frozen-pizzas/pizza-snacks' title='Pizza Snacks'>Pizza Snacks</a></li>
							
								<li><a role="menuitem" id="sub-menu-8_43" href='http://shop.coles.com.au/online/national/frozen/frozen-pizzas/pizzas-1182607' title='Pizzas'>Pizzas</a></li>
							
							<li class="section" ><a role="menuitem" id="sub-menu-8_44" href='http://shop.coles.com.au/online/national/frozen/frozen-vegetables' title='Frozen Vegetables sub category'>Frozen Vegetables</a></li>
							
							
								<li><a role="menuitem" id="sub-menu-8_45" href='http://shop.coles.com.au/online/national/frozen/frozen-vegetables/beans' title='Beans'>Beans</a></li>
							
								<li><a role="menuitem" id="sub-menu-8_46" href='http://shop.coles.com.au/online/national/frozen/frozen-vegetables/corn-1182820' title='Corn'>Corn</a></li>
							
								<li><a role="menuitem" id="sub-menu-8_47" href='http://shop.coles.com.au/online/national/frozen/frozen-vegetables/frozen-chips' title='Frozen Chips'>Frozen Chips</a></li>
							
								<li><a role="menuitem" id="sub-menu-8_48" href='http://shop.coles.com.au/online/national/frozen/frozen-vegetables/mixed-veg' title='Mixed Veg'>Mixed Veg</a></li>
							
								<li><a role="menuitem" id="sub-menu-8_49" href='http://shop.coles.com.au/online/national/frozen/frozen-vegetables/oven-roast-potato' title='Oven Roast Potato'>Oven Roast Potato</a></li>
							
								<li><a role="menuitem" id="sub-menu-8_50" href='http://shop.coles.com.au/online/national/frozen/frozen-vegetables/peas' title='Peas'>Peas</a></li>
							
								<li><a role="menuitem" id="sub-menu-8_51" href='http://shop.coles.com.au/online/national/frozen/frozen-vegetables/steamed' title='Steamed'>Steamed</a></li>
							
								<li><a role="menuitem" id="sub-menu-8_52" href='http://shop.coles.com.au/online/national/frozen/frozen-vegetables/stir-fry' title='Stir Fry'>Stir Fry</a></li>
							
								<li><a role="menuitem" id="sub-menu-8_53" href='http://shop.coles.com.au/online/national/frozen/frozen-vegetables/other-veg' title='Other Veg'>Other Veg</a></li>
							
					</ul>
				</div>							
											
			</li>									
		
			
			<li>
				
							
					<a role="menuitem" id="aisleMenu_9" aria-haspopup="true" href="http://shop.coles.com.au/online/national/drinks" class="aisle" title="Browse the Drinks aisle">
						Drinks <span>&rarr;</span>
					</a>
					
					<div id="menu-9" class="column-list clearfix" data-rows="22" role="navigation">
						<h2>
							<a role="menuitem" id="sub-menu-9_0" class="subCatHeader" title="Drinks Category" href="http://shop.coles.com.au/online/national/drinks" >
								Drinks
							</a>
							<span class="aisle-search">&nbsp;
								<a role="menuitem" id="sub-menu-9_1" class="browseAllSubCategory" href="http://shop.coles.com.au/online/national/drinks/drinks" title="Browse all items" >
								 Browse all items<span>&rarr;</span>
								</a>
							</span>
						</h2>
						
						
					<ul role="menu" id="sub-menu-9" data-col-items="menu-9" class="hidden" >
						
							<li class="section" ><a role="menuitem" id="sub-menu-9_2" href='http://shop.coles.com.au/online/national/drinks/cold' title='All Drinks sub category'>All Drinks</a></li>
							
							
								<li><a role="menuitem" id="sub-menu-9_3" href='http://shop.coles.com.au/online/national/drinks/cold/soft-drinks' title='Soft Drinks'>Soft Drinks</a></li>
							
								<li><a role="menuitem" id="sub-menu-9_4" href='http://shop.coles.com.au/online/national/drinks/cold/cordials-mixers' title='Cordials'>Cordials</a></li>
							
								<li><a role="menuitem" id="sub-menu-9_5" href='http://shop.coles.com.au/online/national/drinks/cold/water' title='Water'>Water</a></li>
							
								<li><a role="menuitem" id="sub-menu-9_6" href='http://shop.coles.com.au/online/national/drinks/cold/juice' title='Juice'>Juice</a></li>
							
								<li><a role="menuitem" id="sub-menu-9_7" href='http://shop.coles.com.au/online/national/drinks/cold/chilled-juice' title='Chilled Juice'>Chilled Juice</a></li>
							
								<li><a role="menuitem" id="sub-menu-9_8" href='http://shop.coles.com.au/online/national/drinks/cold/iced-tea' title='Iced Tea'>Iced Tea</a></li>
							
								<li><a role="menuitem" id="sub-menu-9_9" href='http://shop.coles.com.au/online/national/drinks/cold/flavoured-milk' title='Flavoured Milk'>Flavoured Milk</a></li>
							
								<li><a role="menuitem" id="sub-menu-9_10" href='http://shop.coles.com.au/online/national/drinks/cold/long-life-milk' title='Long-Life Milk'>Long-Life Milk</a></li>
							
								<li><a role="menuitem" id="sub-menu-9_11" href='http://shop.coles.com.au/online/national/drinks/cold/sports-energy-drinks' title='Sports/Energy Drinks'>Sports/Energy Drinks</a></li>
							
								<li><a role="menuitem" id="sub-menu-9_12" href='http://shop.coles.com.au/online/national/drinks/cold/non-alcoholic' title='Non-alcoholic'>Non-alcoholic</a></li>
							
								<li><a role="menuitem" id="sub-menu-9_13" href='http://shop.coles.com.au/online/national/drinks/cold/powders-and-mixes' title='Powders and Mixes'>Powders and Mixes</a></li>
							
								<li><a role="menuitem" id="sub-menu-9_14" href='http://shop.coles.com.au/online/national/drinks/cold/tea-bags' title='Tea'>Tea</a></li>
							
								<li><a role="menuitem" id="sub-menu-9_15" href='http://shop.coles.com.au/online/national/drinks/cold/coffee-drinks' title='Coffee Drinks'>Coffee Drinks</a></li>
							
								<li><a role="menuitem" id="sub-menu-9_16" href='http://shop.coles.com.au/online/national/drinks/cold/coffee-filter' title='Coffee Filters'>Coffee Filters</a></li>
							
					</ul>
				</div>							
											
			</li>									
		
			
			<li>
				
							
					<a role="menuitem" id="aisleMenu_10" aria-haspopup="true" href="http://shop.coles.com.au/online/national/liquor" class="aisle" title="Browse the Liquor aisle">
						Liquor <span>&rarr;</span>
					</a>
					
					<div id="menu-10" class="column-list clearfix" data-rows="22" role="navigation">
						<h2>
							<a role="menuitem" id="sub-menu-10_0" class="subCatHeader" title="Liquor Category" href="http://shop.coles.com.au/online/national/liquor" >
								Liquor
							</a>
							<span class="aisle-search">&nbsp;
								<a role="menuitem" id="sub-menu-10_1" class="browseAllSubCategory" href="http://shop.coles.com.au/online/national/liquor/liquor" title="Browse all items" >
								 Browse all items<span>&rarr;</span>
								</a>
							</span>
						</h2>
						
						
					<ul role="menu" id="sub-menu-10" data-col-items="menu-10" class="hidden" >
						
							<li class="section" ><a role="menuitem" id="sub-menu-10_2" href='http://shop.coles.com.au/online/national/liquor/beer-cider' title='Beer &amp; Cider sub category'>Beer &amp; Cider</a></li>
							
							
								<li><a role="menuitem" id="sub-menu-10_3" href='http://shop.coles.com.au/online/national/liquor/beer-cider/all-beer' title='All Beer'>All Beer</a></li>
							
								<li><a role="menuitem" id="sub-menu-10_4" href='http://shop.coles.com.au/online/national/liquor/beer-cider/local-beer' title='Local Beer'>Local Beer</a></li>
							
								<li><a role="menuitem" id="sub-menu-10_5" href='http://shop.coles.com.au/online/national/liquor/beer-cider/imported-beer' title='Imported Beer'>Imported Beer</a></li>
							
								<li><a role="menuitem" id="sub-menu-10_6" href='http://shop.coles.com.au/online/national/liquor/beer-cider/premium-local-beer' title='Premium Local Beer'>Premium Local Beer</a></li>
							
								<li><a role="menuitem" id="sub-menu-10_7" href='http://shop.coles.com.au/online/national/liquor/beer-cider/ciders' title='Ciders'>Ciders</a></li>
							
							<li class="section" ><a role="menuitem" id="sub-menu-10_8" href='http://shop.coles.com.au/online/national/liquor/red-fortified-wines' title='Red &amp; Fortified Wines sub category'>Red &amp; Fortified Wines</a></li>
							
							
								<li><a role="menuitem" id="sub-menu-10_9" href='http://shop.coles.com.au/online/national/liquor/red-fortified-wines/all-red-wines' title='All Red Wines'>All Red Wines</a></li>
							
								<li><a role="menuitem" id="sub-menu-10_10" href='http://shop.coles.com.au/online/national/liquor/red-fortified-wines/cask-red-wine' title='Cask Red Wine'>Cask Red Wine</a></li>
							
								<li><a role="menuitem" id="sub-menu-10_11" href='http://shop.coles.com.au/online/national/liquor/red-fortified-wines/fortified-wines' title='Fortified Wines'>Fortified Wines</a></li>
							
								<li><a role="menuitem" id="sub-menu-10_12" href='http://shop.coles.com.au/online/national/liquor/red-fortified-wines/cabernet-blends' title='Cabernet &amp; Blends'>Cabernet &amp; Blends</a></li>
							
								<li><a role="menuitem" id="sub-menu-10_13" href='http://shop.coles.com.au/online/national/liquor/red-fortified-wines/merlot' title='Merlot'>Merlot</a></li>
							
								<li><a role="menuitem" id="sub-menu-10_14" href='http://shop.coles.com.au/online/national/liquor/red-fortified-wines/pinot-noir' title='Pinot Noir'>Pinot Noir</a></li>
							
								<li><a role="menuitem" id="sub-menu-10_15" href='http://shop.coles.com.au/online/national/liquor/red-fortified-wines/rose' title='Rose'>Rose</a></li>
							
								<li><a role="menuitem" id="sub-menu-10_16" href='http://shop.coles.com.au/online/national/liquor/red-fortified-wines/shiraz-blends' title='Shiraz &amp; Blends'>Shiraz &amp; Blends</a></li>
							
								<li><a role="menuitem" id="sub-menu-10_17" href='http://shop.coles.com.au/online/national/liquor/red-fortified-wines/other-red-wine-varieties' title='Other Red Wine Varieties'>Other Red Wine Varieties</a></li>
							
							<li class="section" ><a role="menuitem" id="sub-menu-10_18" href='http://shop.coles.com.au/online/national/liquor/white-wines' title='White Wines sub category'>White Wines</a></li>
							
							
								<li><a role="menuitem" id="sub-menu-10_19" href='http://shop.coles.com.au/online/national/liquor/white-wines/all-white-wines' title='All White Wines'>All White Wines</a></li>
							
								<li><a role="menuitem" id="sub-menu-10_20" href='http://shop.coles.com.au/online/national/liquor/white-wines/cask-white-wines' title='Cask White Wines'>Cask White Wines</a></li>
							
								<li><a role="menuitem" id="sub-menu-10_21" href='http://shop.coles.com.au/online/national/liquor/white-wines/champagne-sparkling' title='Champagne &amp; Sparkling'>Champagne &amp; Sparkling</a></li>
							
								<li><a role="menuitem" id="sub-menu-10_22" href='http://shop.coles.com.au/online/national/liquor/white-wines/chardonnay-blends' title='Chardonnay &amp; Blends'>Chardonnay &amp; Blends</a></li>
							
								<li><a role="menuitem" id="sub-menu-10_23" href='http://shop.coles.com.au/online/national/liquor/white-wines/pinot-gris-grigio' title='Pinot Gris &amp; Grigio'>Pinot Gris &amp; Grigio</a></li>
							
								<li><a role="menuitem" id="sub-menu-10_24" href='http://shop.coles.com.au/online/national/liquor/white-wines/riesling' title='Riesling'>Riesling</a></li>
							
								<li><a role="menuitem" id="sub-menu-10_25" href='http://shop.coles.com.au/online/national/liquor/white-wines/sauvignon-blanc' title='Sauvignon Blanc'>Sauvignon Blanc</a></li>
							
								<li><a role="menuitem" id="sub-menu-10_26" href='http://shop.coles.com.au/online/national/liquor/white-wines/semillon-blends' title='Semillon &amp; Blends'>Semillon &amp; Blends</a></li>
							
								<li><a role="menuitem" id="sub-menu-10_27" href='http://shop.coles.com.au/online/national/liquor/white-wines/other-white-wine-varieties' title='Other White Wine Varieties'>Other White Wine Varieties</a></li>
							
							<li class="section" ><a role="menuitem" id="sub-menu-10_28" href='http://shop.coles.com.au/online/national/liquor/spirits' title='Spirits sub category'>Spirits</a></li>
							
							
								<li><a role="menuitem" id="sub-menu-10_29" href='http://shop.coles.com.au/online/national/liquor/spirits/all-spirits' title='All Spirits'>All Spirits</a></li>
							
								<li><a role="menuitem" id="sub-menu-10_30" href='http://shop.coles.com.au/online/national/liquor/spirits/dark-spirits' title='Dark Spirits'>Dark Spirits</a></li>
							
								<li><a role="menuitem" id="sub-menu-10_31" href='http://shop.coles.com.au/online/national/liquor/spirits/white-spirits' title='White Spirits'>White Spirits</a></li>
							
								<li><a role="menuitem" id="sub-menu-10_32" href='http://shop.coles.com.au/online/national/liquor/spirits/liqueurs' title='Liqueurs'>Liqueurs</a></li>
							
								<li><a role="menuitem" id="sub-menu-10_33" href='http://shop.coles.com.au/online/national/liquor/spirits/aperitif-cocktails' title='Aperitif &amp; Cocktails'>Aperitif &amp; Cocktails</a></li>
							
								<li><a role="menuitem" id="sub-menu-10_34" href='http://shop.coles.com.au/online/national/liquor/spirits/bourbon' title='Bourbon'>Bourbon</a></li>
							
								<li><a role="menuitem" id="sub-menu-10_35" href='http://shop.coles.com.au/online/national/liquor/spirits/gin' title='Gin'>Gin</a></li>
							
								<li><a role="menuitem" id="sub-menu-10_36" href='http://shop.coles.com.au/online/national/liquor/spirits/rum' title='Rum'>Rum</a></li>
							
								<li><a role="menuitem" id="sub-menu-10_37" href='http://shop.coles.com.au/online/national/liquor/spirits/scotch-whiskey' title='Scotch &amp; Whiskey'>Scotch &amp; Whiskey</a></li>
							
								<li><a role="menuitem" id="sub-menu-10_38" href='http://shop.coles.com.au/online/national/liquor/spirits/vodka' title='Vodka'>Vodka</a></li>
							
							<li class="section" ><a role="menuitem" id="sub-menu-10_39" href='http://shop.coles.com.au/online/national/liquor/premixed-non-alcoholic' title='Premixed &amp; Non Alcoholic sub category'>Premixed &amp; Non Alcoholic</a></li>
							
							
								<li><a role="menuitem" id="sub-menu-10_40" href='http://shop.coles.com.au/online/national/liquor/premixed-non-alcoholic/premixed-drinks' title='Premixed Drinks'>Premixed Drinks</a></li>
							
								<li><a role="menuitem" id="sub-menu-10_41" href='http://shop.coles.com.au/online/national/liquor/premixed-non-alcoholic/non-alcoholic-drinks' title='Non-Alcoholic Drinks'>Non-Alcoholic Drinks</a></li>
							
							<li class="section" ><a role="menuitem" id="sub-menu-10_42" href='http://shop.coles.com.au/online/national/liquor/ice-accessories' title='Ice &amp; Accessories sub category'>Ice &amp; Accessories</a></li>
							
							
								<li><a role="menuitem" id="sub-menu-10_43" href='http://shop.coles.com.au/online/national/liquor/ice-accessories/glasses' title='Glasses'>Glasses</a></li>
							
								<li><a role="menuitem" id="sub-menu-10_44" href='http://shop.coles.com.au/online/national/liquor/ice-accessories/bagged-ice' title='Bagged Ice'>Bagged Ice</a></li>
							
					</ul>
				</div>							
											
			</li>									
		
			
			<li>
				
							
					<a role="menuitem" id="aisleMenu_11" aria-haspopup="true" href="http://shop.coles.com.au/online/national/international-food" class="aisle" title="Browse the International Foods aisle">
						International Foods <span>&rarr;</span>
					</a>
					
					<div id="menu-11" class="column-list clearfix" data-rows="22" role="navigation">
						<h2>
							<a role="menuitem" id="sub-menu-11_0" class="subCatHeader" title="International Foods Category" href="http://shop.coles.com.au/online/national/international-food" >
								International Foods
							</a>
							<span class="aisle-search">&nbsp;
								<a role="menuitem" id="sub-menu-11_1" class="browseAllSubCategory" href="http://shop.coles.com.au/online/national/international-food/international-food" title="Browse all items" >
								 Browse all items<span>&rarr;</span>
								</a>
							</span>
						</h2>
						
						
					<ul role="menu" id="sub-menu-11" data-col-items="menu-11" class="hidden" >
						
							<li class="section" ><a role="menuitem" id="sub-menu-11_2" href='http://shop.coles.com.au/online/national/international-food/cuisine' title='International Food sub category'>International Food</a></li>
							
							
								<li><a role="menuitem" id="sub-menu-11_3" href='http://shop.coles.com.au/online/national/international-food/cuisine/asian' title='Asian'>Asian</a></li>
							
								<li><a role="menuitem" id="sub-menu-11_4" href='http://shop.coles.com.au/online/national/international-food/cuisine/italian' title='Italian'>Italian</a></li>
							
								<li><a role="menuitem" id="sub-menu-11_5" href='http://shop.coles.com.au/online/national/international-food/cuisine/european' title='European'>European</a></li>
							
								<li><a role="menuitem" id="sub-menu-11_6" href='http://shop.coles.com.au/online/national/international-food/cuisine/indian' title='Indian'>Indian</a></li>
							
								<li><a role="menuitem" id="sub-menu-11_7" href='http://shop.coles.com.au/online/national/international-food/cuisine/mexican' title='Mexican'>Mexican</a></li>
							
								<li><a role="menuitem" id="sub-menu-11_8" href='http://shop.coles.com.au/online/national/international-food/cuisine/middle-eastern' title='Middle Eastern'>Middle Eastern</a></li>
							
								<li><a role="menuitem" id="sub-menu-11_9" href='http://shop.coles.com.au/online/national/international-food/cuisine/new-zealand' title='New Zealand'>New Zealand</a></li>
							
								<li><a role="menuitem" id="sub-menu-11_10" href='http://shop.coles.com.au/online/national/international-food/cuisine/uk-foods' title='UK Foods'>UK Foods</a></li>
							
								<li><a role="menuitem" id="sub-menu-11_11" href='http://shop.coles.com.au/online/national/international-food/cuisine/south-african' title='South African'>South African</a></li>
							
							<li class="section" ><a role="menuitem" id="sub-menu-11_12" href='http://shop.coles.com.au/online/national/international-food/kosher-foods' title='Kosher sub category'>Kosher</a></li>
							
							
								<li><a role="menuitem" id="sub-menu-11_13" href='http://shop.coles.com.au/online/national/international-food/kosher-foods/dairy-kosher' title='Dairy Kosher'>Dairy Kosher</a></li>
							
								<li><a role="menuitem" id="sub-menu-11_14" href='http://shop.coles.com.au/online/national/international-food/kosher-foods/drinks-kosher' title='Drinks Kosher'>Drinks Kosher</a></li>
							
								<li><a role="menuitem" id="sub-menu-11_15" href='http://shop.coles.com.au/online/national/international-food/kosher-foods/frozen-kosher' title='Frozen Kosher'>Frozen Kosher</a></li>
							
								<li><a role="menuitem" id="sub-menu-11_16" href='http://shop.coles.com.au/online/national/international-food/kosher-foods/meat-kosher' title='Meat Kosher'>Meat Kosher</a></li>
							
								<li><a role="menuitem" id="sub-menu-11_17" href='http://shop.coles.com.au/online/national/international-food/kosher-foods/pantry-kosher' title='Pantry Kosher'>Pantry Kosher</a></li>
							
							<li class="section" ><a role="menuitem" id="sub-menu-11_18" href='http://shop.coles.com.au/online/national/international-food/halal-foods' title='Halal sub category'>Halal</a></li>
							
							
								<li><a role="menuitem" id="sub-menu-11_19" href='http://shop.coles.com.au/online/national/international-food/halal-foods/dairy-halal' title='Dairy Halal'>Dairy Halal</a></li>
							
								<li><a role="menuitem" id="sub-menu-11_20" href='http://shop.coles.com.au/online/national/international-food/halal-foods/drinks-halal' title='Drinks Halal'>Drinks Halal</a></li>
							
								<li><a role="menuitem" id="sub-menu-11_21" href='http://shop.coles.com.au/online/national/international-food/halal-foods/frozen-halal' title='Frozen Halal'>Frozen Halal</a></li>
							
								<li><a role="menuitem" id="sub-menu-11_22" href='http://shop.coles.com.au/online/national/international-food/halal-foods/meat-halal' title='Meat Halal'>Meat Halal</a></li>
							
								<li><a role="menuitem" id="sub-menu-11_23" href='http://shop.coles.com.au/online/national/international-food/halal-foods/pantry-halal' title='Pantry Halal'>Pantry Halal</a></li>
							
					</ul>
				</div>							
											
			</li>									
		
			
			<li>
				
							
					<a role="menuitem" id="aisleMenu_12" aria-haspopup="true" href="http://shop.coles.com.au/online/national/healthy-living" class="aisle" title="Browse the Healthy Living aisle">
						Healthy Living <span>&rarr;</span>
					</a>
					
					<div id="menu-12" class="column-list clearfix" data-rows="22" role="navigation">
						<h2>
							<a role="menuitem" id="sub-menu-12_0" class="subCatHeader" title="Healthy Living Category" href="http://shop.coles.com.au/online/national/healthy-living" >
								Healthy Living
							</a>
							<span class="aisle-search">&nbsp;
								<a role="menuitem" id="sub-menu-12_1" class="browseAllSubCategory" href="http://shop.coles.com.au/online/national/healthy-living/healthy-living" title="Browse all items" >
								 Browse all items<span>&rarr;</span>
								</a>
							</span>
						</h2>
						
						
					<ul role="menu" id="sub-menu-12" data-col-items="menu-12" class="hidden" >
						
							<li class="section" ><a role="menuitem" id="sub-menu-12_2" href='http://shop.coles.com.au/online/national/healthy-living/gluten-free' title='Gluten Free sub category'>Gluten Free</a></li>
							
							
								<li><a role="menuitem" id="sub-menu-12_3" href='http://shop.coles.com.au/online/national/healthy-living/gluten-free/gluten-free-bakery' title='Bakery Gluten Free'>Bakery Gluten Free</a></li>
							
								<li><a role="menuitem" id="sub-menu-12_4" href='http://shop.coles.com.au/online/national/healthy-living/gluten-free/gluten-free-baby-food' title='Baby Food Gluten Free'>Baby Food Gluten Free</a></li>
							
								<li><a role="menuitem" id="sub-menu-12_5" href='http://shop.coles.com.au/online/national/healthy-living/gluten-free/gluten-free-baking' title='Baking Gluten Free'>Baking Gluten Free</a></li>
							
								<li><a role="menuitem" id="sub-menu-12_6" href='http://shop.coles.com.au/online/national/healthy-living/gluten-free/gluten-free-dairy' title='Dairy Gluten Free'>Dairy Gluten Free</a></li>
							
								<li><a role="menuitem" id="sub-menu-12_7" href='http://shop.coles.com.au/online/national/healthy-living/gluten-free/gluten-free-deli' title='Deli Gluten Free'>Deli Gluten Free</a></li>
							
								<li><a role="menuitem" id="sub-menu-12_8" href='http://shop.coles.com.au/online/national/healthy-living/gluten-free/gluten-free-drinks' title='Drinks Gluten Free'>Drinks Gluten Free</a></li>
							
								<li><a role="menuitem" id="sub-menu-12_9" href='http://shop.coles.com.au/online/national/healthy-living/gluten-free/gluten-free-frozen' title='Frozen Gluten Free'>Frozen Gluten Free</a></li>
							
								<li><a role="menuitem" id="sub-menu-12_10" href='http://shop.coles.com.au/online/national/healthy-living/gluten-free/gluten-free-international-foods' title='International Foods Gluten Free'>International Foods Gluten Free</a></li>
							
								<li><a role="menuitem" id="sub-menu-12_11" href='http://shop.coles.com.au/online/national/healthy-living/gluten-free/gluten-free-meals' title='Meals Gluten Free'>Meals Gluten Free</a></li>
							
								<li><a role="menuitem" id="sub-menu-12_12" href='http://shop.coles.com.au/online/national/healthy-living/gluten-free/gluten-free-meat' title='Meat Gluten Free'>Meat Gluten Free</a></li>
							
								<li><a role="menuitem" id="sub-menu-12_13" href='http://shop.coles.com.au/online/national/healthy-living/gluten-free/gluten-free-pantry' title='Pantry Gluten Free'>Pantry Gluten Free</a></li>
							
								<li><a role="menuitem" id="sub-menu-12_14" href='http://shop.coles.com.au/online/national/healthy-living/gluten-free/gluten-free-pasta' title='Pasta Gluten Free'>Pasta Gluten Free</a></li>
							
								<li><a role="menuitem" id="sub-menu-12_15" href='http://shop.coles.com.au/online/national/healthy-living/gluten-free/gluten-free-snacks' title='Snacks Gluten Free'>Snacks Gluten Free</a></li>
							
								<li><a role="menuitem" id="sub-menu-12_16" href='http://shop.coles.com.au/online/national/healthy-living/gluten-free/gluten-free-medicinal-products' title='Vitamins &amp; Medicinal Gluten Free'>Vitamins &amp; Medicinal Gluten Free</a></li>
							
							<li class="section" ><a role="menuitem" id="sub-menu-12_17" href='http://shop.coles.com.au/online/national/healthy-living/organic' title='Organic sub category'>Organic</a></li>
							
							
								<li><a role="menuitem" id="sub-menu-12_18" href='http://shop.coles.com.au/online/national/healthy-living/organic/bakery-organic' title='Bakery Organic'>Bakery Organic</a></li>
							
								<li><a role="menuitem" id="sub-menu-12_19" href='http://shop.coles.com.au/online/national/healthy-living/organic/baby-organic' title='Baby Organic'>Baby Organic</a></li>
							
								<li><a role="menuitem" id="sub-menu-12_20" href='http://shop.coles.com.au/online/national/healthy-living/organic/dairy-eggs-organic' title='Dairy &amp; Eggs Organic'>Dairy &amp; Eggs Organic</a></li>
							
								<li><a role="menuitem" id="sub-menu-12_21" href='http://shop.coles.com.au/online/national/healthy-living/organic/drinks-organic' title='Drinks Organic'>Drinks Organic</a></li>
							
								<li><a role="menuitem" id="sub-menu-12_22" href='http://shop.coles.com.au/online/national/healthy-living/organic/fruit-vegetables-organic' title='Fruit &amp; Vegetables Organic'>Fruit &amp; Vegetables Organic</a></li>
							
								<li><a role="menuitem" id="sub-menu-12_23" href='http://shop.coles.com.au/online/national/healthy-living/organic/meals-organic' title='Meals Organic'>Meals Organic</a></li>
							
								<li><a role="menuitem" id="sub-menu-12_24" href='http://shop.coles.com.au/online/national/healthy-living/organic/meat-organic' title='Meat Organic'>Meat Organic</a></li>
							
								<li><a role="menuitem" id="sub-menu-12_25" href='http://shop.coles.com.au/online/national/healthy-living/organic/pantry-organic' title='Pantry Organic'>Pantry Organic</a></li>
							
								<li><a role="menuitem" id="sub-menu-12_26" href='http://shop.coles.com.au/online/national/healthy-living/organic/international-foods-organic' title='International Foods Organic'>International Foods Organic</a></li>
							
								<li><a role="menuitem" id="sub-menu-12_27" href='http://shop.coles.com.au/online/national/healthy-living/organic/health-beauty-organic' title='Health &amp; Beauty Organic'>Health &amp; Beauty Organic</a></li>
							
							<li class="section" ><a role="menuitem" id="sub-menu-12_28" href='http://shop.coles.com.au/online/national/healthy-living/healthier-choices' title='Healthier Choices sub category'>Healthier Choices</a></li>
							
							
								<li><a role="menuitem" id="sub-menu-12_29" href='http://shop.coles.com.au/online/national/healthy-living/healthier-choices/bakery-healthier-choices' title='Bakery Healthier Choices'>Bakery Healthier Choices</a></li>
							
								<li><a role="menuitem" id="sub-menu-12_30" href='http://shop.coles.com.au/online/national/healthy-living/healthier-choices/breakfast-healthier-choices' title='Breakfast Healthier Choices'>Breakfast Healthier Choices</a></li>
							
								<li><a role="menuitem" id="sub-menu-12_31" href='http://shop.coles.com.au/online/national/healthy-living/healthier-choices/canned-fish-healthier-choices' title='Canned Fish Healthier Choices'>Canned Fish Healthier Choices</a></li>
							
								<li><a role="menuitem" id="sub-menu-12_32" href='http://shop.coles.com.au/online/national/healthy-living/healthier-choices/canned-fruit-veg-healthier-choices' title='Canned Fruit &amp; Veg Healthier Choices'>Canned Fruit &amp; Veg Healthier Choices</a></li>
							
								<li><a role="menuitem" id="sub-menu-12_33" href='http://shop.coles.com.au/online/national/healthy-living/healthier-choices/dairy-eggs-healthier-choices' title='Dairy &amp; Eggs Healthier Choices'>Dairy &amp; Eggs Healthier Choices</a></li>
							
								<li><a role="menuitem" id="sub-menu-12_34" href='http://shop.coles.com.au/online/national/healthy-living/healthier-choices/deli-healthier-choices' title='Deli Healthier Choices'>Deli Healthier Choices</a></li>
							
								<li><a role="menuitem" id="sub-menu-12_35" href='http://shop.coles.com.au/online/national/healthy-living/healthier-choices/drinks-healthier-choices' title='Drinks Healthier Choices'>Drinks Healthier Choices</a></li>
							
								<li><a role="menuitem" id="sub-menu-12_36" href='http://shop.coles.com.au/online/national/healthy-living/healthier-choices/frozen-healthier-choices' title='Frozen Healthier Choices'>Frozen Healthier Choices</a></li>
							
								<li><a role="menuitem" id="sub-menu-12_37" href='http://shop.coles.com.au/online/national/healthy-living/healthier-choices/meat-seafood-healthier-choices' title='Meat &amp; Seafood Healthier Choices'>Meat &amp; Seafood Healthier Choices</a></li>
							
								<li><a role="menuitem" id="sub-menu-12_38" href='http://shop.coles.com.au/online/national/healthy-living/healthier-choices/oils--rice-pasta-healthier-choices' title='Oils, Rice &amp; Pasta Healthier Choices'>Oils, Rice &amp; Pasta Healthier Choices</a></li>
							
								<li><a role="menuitem" id="sub-menu-12_39" href='http://shop.coles.com.au/online/national/healthy-living/healthier-choices/pantry-healthier-choices' title='Pantry Healthier Choices'>Pantry Healthier Choices</a></li>
							
								<li><a role="menuitem" id="sub-menu-12_40" href='http://shop.coles.com.au/online/national/healthy-living/healthier-choices/snacks-healthier-choices' title='Snacks Healthier Choices'>Snacks Healthier Choices</a></li>
							
							<li class="section" ><a role="menuitem" id="sub-menu-12_41" href='http://shop.coles.com.au/online/national/healthy-living/diet-sports-nutrition' title='Diet &amp; Sports Nutrition sub category'>Diet &amp; Sports Nutrition</a></li>
							
							
								<li><a role="menuitem" id="sub-menu-12_42" href='http://shop.coles.com.au/online/national/healthy-living/diet-sports-nutrition/diet-weightloss' title='Diet &amp; Weightloss'>Diet &amp; Weightloss</a></li>
							
								<li><a role="menuitem" id="sub-menu-12_43" href='http://shop.coles.com.au/online/national/healthy-living/diet-sports-nutrition/sport-nutrition-supplements' title='Sports Nutrition &amp; Supplements'>Sports Nutrition &amp; Supplements</a></li>
							
							<li class="section" ><a role="menuitem" id="sub-menu-12_44" href='http://shop.coles.com.au/online/national/healthy-living/vegetarian' title='Vegetarian sub category'>Vegetarian</a></li>
							
							
								<li><a role="menuitem" id="sub-menu-12_45" href='http://shop.coles.com.au/online/national/healthy-living/vegetarian/baby-food-vegetarian' title='Baby Food Vegetarian'>Baby Food Vegetarian</a></li>
							
								<li><a role="menuitem" id="sub-menu-12_46" href='http://shop.coles.com.au/online/national/healthy-living/vegetarian/bakery-vegetarian' title='Bakery Vegetarian'>Bakery Vegetarian</a></li>
							
								<li><a role="menuitem" id="sub-menu-12_47" href='http://shop.coles.com.au/online/national/healthy-living/vegetarian/dairy-vegetarian' title='Dairy Vegetarian'>Dairy Vegetarian</a></li>
							
								<li><a role="menuitem" id="sub-menu-12_48" href='http://shop.coles.com.au/online/national/healthy-living/vegetarian/frozen-vegetarian' title='Frozen Vegetarian'>Frozen Vegetarian</a></li>
							
								<li><a role="menuitem" id="sub-menu-12_49" href='http://shop.coles.com.au/online/national/healthy-living/vegetarian/international-foods-vegetarian' title='International Foods Vegetarian'>International Foods Vegetarian</a></li>
							
								<li><a role="menuitem" id="sub-menu-12_50" href='http://shop.coles.com.au/online/national/healthy-living/vegetarian/meals-vegetarian' title='Meals Vegetarian'>Meals Vegetarian</a></li>
							
								<li><a role="menuitem" id="sub-menu-12_51" href='http://shop.coles.com.au/online/national/healthy-living/vegetarian/meat-free-vegetarian' title='Meat-Free Vegetarian'>Meat-Free Vegetarian</a></li>
							
								<li><a role="menuitem" id="sub-menu-12_52" href='http://shop.coles.com.au/online/national/healthy-living/vegetarian/pantry-vegetarian' title='Pantry Vegetarian'>Pantry Vegetarian</a></li>
							
								<li><a role="menuitem" id="sub-menu-12_53" href='http://shop.coles.com.au/online/national/healthy-living/vegetarian/snacks-vegetarian' title='Snacks Vegetarian'>Snacks Vegetarian</a></li>
							
							<li class="section" ><a role="menuitem" id="sub-menu-12_54" href='http://shop.coles.com.au/online/national/healthy-living/whole-foods' title='Wholefoods sub category'>Wholefoods</a></li>
							
							
								<li><a role="menuitem" id="sub-menu-12_55" href='http://shop.coles.com.au/online/national/healthy-living/whole-foods/breakfast-wholefoods' title='Breakfast Wholefoods'>Breakfast Wholefoods</a></li>
							
								<li><a role="menuitem" id="sub-menu-12_56" href='http://shop.coles.com.au/online/national/healthy-living/whole-foods/dairy-wholefoods' title='Dairy Wholefoods'>Dairy Wholefoods</a></li>
							
								<li><a role="menuitem" id="sub-menu-12_57" href='http://shop.coles.com.au/online/national/healthy-living/whole-foods/drinks-wholefoods' title='Drinks Wholefoods'>Drinks Wholefoods</a></li>
							
								<li><a role="menuitem" id="sub-menu-12_58" href='http://shop.coles.com.au/online/national/healthy-living/whole-foods/frozen-wholefoods' title='Frozen Wholefoods'>Frozen Wholefoods</a></li>
							
								<li><a role="menuitem" id="sub-menu-12_59" href='http://shop.coles.com.au/online/national/healthy-living/whole-foods/international-wholefoods' title='International Wholefoods'>International Wholefoods</a></li>
							
								<li><a role="menuitem" id="sub-menu-12_60" href='http://shop.coles.com.au/online/national/healthy-living/whole-foods/pantry-wholefoods' title='Pantry Wholefoods'>Pantry Wholefoods</a></li>
							
								<li><a role="menuitem" id="sub-menu-12_61" href='http://shop.coles.com.au/online/national/healthy-living/whole-foods/snacks-wholefoods' title='Snacks Wholefoods'>Snacks Wholefoods</a></li>
							
							<li class="section" ><a role="menuitem" id="sub-menu-12_62" href='http://shop.coles.com.au/online/national/healthy-living/vitamins-health-supplements' title='Vitamins sub category'>Vitamins</a></li>
							
							
								<li><a role="menuitem" id="sub-menu-12_63" href='http://shop.coles.com.au/online/national/healthy-living/vitamins-health-supplements/arthritis-joints' title='Arthritis &amp; Joints'>Arthritis &amp; Joints</a></li>
							
								<li><a role="menuitem" id="sub-menu-12_64" href='http://shop.coles.com.au/online/national/healthy-living/vitamins-health-supplements/bone-muscle-health' title='Bone &amp; Muscle Health'>Bone &amp; Muscle Health</a></li>
							
								<li><a role="menuitem" id="sub-menu-12_65" href='http://shop.coles.com.au/online/national/healthy-living/vitamins-health-supplements/brain-heart-health' title='Brain &amp; Heart Health'>Brain &amp; Heart Health</a></li>
							
								<li><a role="menuitem" id="sub-menu-12_66" href='http://shop.coles.com.au/online/national/healthy-living/vitamins-health-supplements/cold-flu' title='Cold &amp; Flu'>Cold &amp; Flu</a></li>
							
								<li><a role="menuitem" id="sub-menu-12_67" href='http://shop.coles.com.au/online/national/healthy-living/vitamins-health-supplements/detox-digestion' title='Detox &amp; Digestion'>Detox &amp; Digestion</a></li>
							
								<li><a role="menuitem" id="sub-menu-12_68" href='http://shop.coles.com.au/online/national/healthy-living/vitamins-health-supplements/eyes-care' title='Eyes Care'>Eyes Care</a></li>
							
								<li><a role="menuitem" id="sub-menu-12_69" href='http://shop.coles.com.au/online/national/healthy-living/vitamins-health-supplements/fatigue-stress' title='Fatigue &amp; Stress'>Fatigue &amp; Stress</a></li>
							
								<li><a role="menuitem" id="sub-menu-12_70" href='http://shop.coles.com.au/online/national/healthy-living/vitamins-health-supplements/fish-oil-nutritional' title='Fish Oil &amp; Nutritional'>Fish Oil &amp; Nutritional</a></li>
							
								<li><a role="menuitem" id="sub-menu-12_71" href='http://shop.coles.com.au/online/national/healthy-living/vitamins-health-supplements/hair--skin-nails' title='Hair, Skin &amp; Nails'>Hair, Skin &amp; Nails</a></li>
							
								<li><a role="menuitem" id="sub-menu-12_72" href='http://shop.coles.com.au/online/national/healthy-living/vitamins-health-supplements/iron' title='Iron'>Iron</a></li>
							
								<li><a role="menuitem" id="sub-menu-12_73" href='http://shop.coles.com.au/online/national/healthy-living/vitamins-health-supplements/kids-health' title='Kids Health'>Kids Health</a></li>
							
								<li><a role="menuitem" id="sub-menu-12_74" href='http://shop.coles.com.au/online/national/healthy-living/vitamins-health-supplements/mens-health' title='Mens Health'>Mens Health</a></li>
							
								<li><a role="menuitem" id="sub-menu-12_75" href='http://shop.coles.com.au/online/national/healthy-living/vitamins-health-supplements/multi-vitamins' title='Multi Vitamins'>Multi Vitamins</a></li>
							
								<li><a role="menuitem" id="sub-menu-12_76" href='http://shop.coles.com.au/online/national/healthy-living/vitamins-health-supplements/urinary' title='Urinary'>Urinary</a></li>
							
								<li><a role="menuitem" id="sub-menu-12_77" href='http://shop.coles.com.au/online/national/healthy-living/vitamins-health-supplements/womens-health' title='Womens Health'>Womens Health</a></li>
							
					</ul>
				</div>							
											
			</li>									
		
			
			<li>
				
							
					<a role="menuitem" id="aisleMenu_13" aria-haspopup="true" href="http://shop.coles.com.au/online/national/household" class="aisle" title="Browse the Household aisle">
						Household <span>&rarr;</span>
					</a>
					
					<div id="menu-13" class="column-list clearfix" data-rows="22" role="navigation">
						<h2>
							<a role="menuitem" id="sub-menu-13_0" class="subCatHeader" title="Household Category" href="http://shop.coles.com.au/online/national/household" >
								Household
							</a>
							<span class="aisle-search">&nbsp;
								<a role="menuitem" id="sub-menu-13_1" class="browseAllSubCategory" href="http://shop.coles.com.au/online/national/household/household" title="Browse all items" >
								 Browse all items<span>&rarr;</span>
								</a>
							</span>
						</h2>
						
						
					<ul role="menu" id="sub-menu-13" data-col-items="menu-13" class="hidden" >
						
							<li class="section" ><a role="menuitem" id="sub-menu-13_2" href='http://shop.coles.com.au/online/national/household/bathroom' title='Bathroom sub category'>Bathroom</a></li>
							
							
								<li><a role="menuitem" id="sub-menu-13_3" href='http://shop.coles.com.au/online/national/household/bathroom/bath-towels' title='Bath Towels'>Bath Towels</a></li>
							
								<li><a role="menuitem" id="sub-menu-13_4" href='http://shop.coles.com.au/online/national/household/bathroom/shower-bath' title='Shower &amp; Bath'>Shower &amp; Bath</a></li>
							
								<li><a role="menuitem" id="sub-menu-13_5" href='http://shop.coles.com.au/online/national/household/bathroom/toilet' title='Toilet Cleaning'>Toilet Cleaning</a></li>
							
								<li><a role="menuitem" id="sub-menu-13_6" href='http://shop.coles.com.au/online/national/household/bathroom/toilet-paper-378047' title='Toilet Paper'>Toilet Paper</a></li>
							
							<li class="section" ><a role="menuitem" id="sub-menu-13_7" href='http://shop.coles.com.au/online/national/household/general-purpose-cleaners' title='Cleaners All Purpose sub category'>Cleaners All Purpose</a></li>
							
							
								<li><a role="menuitem" id="sub-menu-13_8" href='http://shop.coles.com.au/online/national/household/general-purpose-cleaners/carpet' title='Carpet'>Carpet</a></li>
							
								<li><a role="menuitem" id="sub-menu-13_9" href='http://shop.coles.com.au/online/national/household/general-purpose-cleaners/drain-solvent' title='Drain &amp; Solvent'>Drain &amp; Solvent</a></li>
							
								<li><a role="menuitem" id="sub-menu-13_10" href='http://shop.coles.com.au/online/national/household/general-purpose-cleaners/floor' title='Floor'>Floor</a></li>
							
								<li><a role="menuitem" id="sub-menu-13_11" href='http://shop.coles.com.au/online/national/household/general-purpose-cleaners/furniture--fabric-metal' title='Furniture, Fabric &amp; Metal'>Furniture, Fabric &amp; Metal</a></li>
							
								<li><a role="menuitem" id="sub-menu-13_12" href='http://shop.coles.com.au/online/national/household/general-purpose-cleaners/surface-all-purpose' title='Surface &amp; All-purpose'>Surface &amp; All-purpose</a></li>
							
								<li><a role="menuitem" id="sub-menu-13_13" href='http://shop.coles.com.au/online/national/household/general-purpose-cleaners/window-glass' title='Window &amp; Glass'>Window &amp; Glass</a></li>
							
							<li class="section" ><a role="menuitem" id="sub-menu-13_14" href='http://shop.coles.com.au/online/national/household/cooking-and-baking' title='Cooking and Baking sub category'>Cooking and Baking</a></li>
							
							
								<li><a role="menuitem" id="sub-menu-13_15" href='http://shop.coles.com.au/online/national/household/cooking-and-baking/foil--baking-paper-oven-bags' title='Foil, Baking Paper &amp; Oven Bags'>Foil, Baking Paper &amp; Oven Bags</a></li>
							
								<li><a role="menuitem" id="sub-menu-13_16" href='http://shop.coles.com.au/online/national/household/cooking-and-baking/kitchen-linen' title='Kitchen Linen'>Kitchen Linen</a></li>
							
								<li><a role="menuitem" id="sub-menu-13_17" href='http://shop.coles.com.au/online/national/household/cooking-and-baking/pots-saucepans' title='Pots &amp; Saucepans'>Pots &amp; Saucepans</a></li>
							
								<li><a role="menuitem" id="sub-menu-13_18" href='http://shop.coles.com.au/online/national/household/cooking-and-baking/tins-trays' title='Tins &amp; Trays'>Tins &amp; Trays</a></li>
							
								<li><a role="menuitem" id="sub-menu-13_19" href='http://shop.coles.com.au/online/national/household/cooking-and-baking/utensils-gadgets' title='Utensils &amp; Gadgets'>Utensils &amp; Gadgets</a></li>
							
							<li class="section" ><a role="menuitem" id="sub-menu-13_20" href='http://shop.coles.com.au/online/national/household/electrical' title='Electrical sub category'>Electrical</a></li>
							
							
								<li><a role="menuitem" id="sub-menu-13_21" href='http://shop.coles.com.au/online/national/household/electrical/audio-visual' title='Audio Visual'>Audio Visual</a></li>
							
								<li><a role="menuitem" id="sub-menu-13_22" href='http://shop.coles.com.au/online/national/household/electrical/batteries' title='Batteries'>Batteries</a></li>
							
								<li><a role="menuitem" id="sub-menu-13_23" href='http://shop.coles.com.au/online/national/household/electrical/extensions-cords-adapters' title='Extensions Cords &amp; Adapters'>Extensions Cords &amp; Adapters</a></li>
							
								<li><a role="menuitem" id="sub-menu-13_24" href='http://shop.coles.com.au/online/national/household/electrical/lighting' title='Lighting'>Lighting</a></li>
							
								<li><a role="menuitem" id="sub-menu-13_25" href='http://shop.coles.com.au/online/national/household/electrical/torches' title='Torches'>Torches</a></li>
							
							<li class="section" ><a role="menuitem" id="sub-menu-13_26" href='http://shop.coles.com.au/online/national/household/food-storage' title='Food Storage sub category'>Food Storage</a></li>
							
							
								<li><a role="menuitem" id="sub-menu-13_27" href='http://shop.coles.com.au/online/national/household/food-storage/plastic-wrap-bags' title='Plastic Wrap &amp; Bags'>Plastic Wrap &amp; Bags</a></li>
							
								<li><a role="menuitem" id="sub-menu-13_28" href='http://shop.coles.com.au/online/national/household/food-storage/sandwich-freezer-bags' title='Sandwich &amp; Freezer bags'>Sandwich &amp; Freezer bags</a></li>
							
								<li><a role="menuitem" id="sub-menu-13_29" href='http://shop.coles.com.au/online/national/household/food-storage/tubs-containers' title='Tubs &amp; Containers'>Tubs &amp; Containers</a></li>
							
							<li class="section" ><a role="menuitem" id="sub-menu-13_30" href='http://shop.coles.com.au/online/national/household/garden' title='Garden sub category'>Garden</a></li>
							
							
								<li><a role="menuitem" id="sub-menu-13_31" href='http://shop.coles.com.au/online/national/household/garden/d%C3%A9cor' title='Dcor'>Dcor</a></li>
							
								<li><a role="menuitem" id="sub-menu-13_32" href='http://shop.coles.com.au/online/national/household/garden/gloves-tools' title='Gloves &amp; Tools'>Gloves &amp; Tools</a></li>
							
								<li><a role="menuitem" id="sub-menu-13_33" href='http://shop.coles.com.au/online/national/household/garden/insecticide-weed-control' title='Insecticide &amp; Weed Control'>Insecticide &amp; Weed Control</a></li>
							
								<li><a role="menuitem" id="sub-menu-13_34" href='http://shop.coles.com.au/online/national/household/garden/lawncare-plant-food' title='Lawncare &amp; Plant Food'>Lawncare &amp; Plant Food</a></li>
							
								<li><a role="menuitem" id="sub-menu-13_35" href='http://shop.coles.com.au/online/national/household/garden/pest-control' title='Pest Control'>Pest Control</a></li>
							
								<li><a role="menuitem" id="sub-menu-13_36" href='http://shop.coles.com.au/online/national/household/garden/potting-mix--fertilizer' title='Potting Mix, Fertilizer'>Potting Mix, Fertilizer</a></li>
							
								<li><a role="menuitem" id="sub-menu-13_37" href='http://shop.coles.com.au/online/national/household/garden/seeds-plants' title='Seeds &amp; Plants'>Seeds &amp; Plants</a></li>
							
								<li><a role="menuitem" id="sub-menu-13_38" href='http://shop.coles.com.au/online/national/household/garden/watering' title='Watering'>Watering</a></li>
							
							<li class="section" ><a role="menuitem" id="sub-menu-13_39" href='http://shop.coles.com.au/online/national/household/hardware' title='Hardware sub category'>Hardware</a></li>
							
							
								<li><a role="menuitem" id="sub-menu-13_40" href='http://shop.coles.com.au/online/national/household/hardware/adhesives--glues-tapes' title='Adhesives, Glues &amp; Tapes'>Adhesives, Glues &amp; Tapes</a></li>
							
								<li><a role="menuitem" id="sub-menu-13_41" href='http://shop.coles.com.au/online/national/household/hardware/car-care' title='Car Care'>Car Care</a></li>
							
								<li><a role="menuitem" id="sub-menu-13_42" href='http://shop.coles.com.au/online/national/household/hardware/hooks-fasteners' title='Hooks &amp; Fasteners'>Hooks &amp; Fasteners</a></li>
							
								<li><a role="menuitem" id="sub-menu-13_43" href='http://shop.coles.com.au/online/national/household/hardware/matches-candles' title='Matches &amp; Candles'>Matches &amp; Candles</a></li>
							
								<li><a role="menuitem" id="sub-menu-13_44" href='http://shop.coles.com.au/online/national/household/hardware/pest-control-hardware' title='Pest Control Hardware'>Pest Control Hardware</a></li>
							
								<li><a role="menuitem" id="sub-menu-13_45" href='http://shop.coles.com.au/online/national/household/hardware/security' title='Security'>Security</a></li>
							
							<li class="section" ><a role="menuitem" id="sub-menu-13_46" href='http://shop.coles.com.au/online/national/household/homewares' title='Homewares sub category'>Homewares</a></li>
							
							
								<li><a role="menuitem" id="sub-menu-13_47" href='http://shop.coles.com.au/online/national/household/homewares/appliances' title='Appliances'>Appliances</a></li>
							
								<li><a role="menuitem" id="sub-menu-13_48" href='http://shop.coles.com.au/online/national/household/homewares/bathroom-accessories' title='Bathroom Accessories'>Bathroom Accessories</a></li>
							
								<li><a role="menuitem" id="sub-menu-13_49" href='http://shop.coles.com.au/online/national/household/homewares/bed-pillows-linen' title='Bed Pillows &amp; Linen'>Bed Pillows &amp; Linen</a></li>
							
								<li><a role="menuitem" id="sub-menu-13_50" href='http://shop.coles.com.au/online/national/household/homewares/cutlery-servingware' title='Cutlery &amp; Servingware'>Cutlery &amp; Servingware</a></li>
							
								<li><a role="menuitem" id="sub-menu-13_51" href='http://shop.coles.com.au/online/national/household/homewares/glassware' title='Glassware'>Glassware</a></li>
							
								<li><a role="menuitem" id="sub-menu-13_52" href='http://shop.coles.com.au/online/national/household/homewares/storage' title='Home Storage'>Home Storage</a></li>
							
								<li><a role="menuitem" id="sub-menu-13_53" href='http://shop.coles.com.au/online/national/household/homewares/mugs-cups' title='Mugs &amp; Cups'>Mugs &amp; Cups</a></li>
							
								<li><a role="menuitem" id="sub-menu-13_54" href='http://shop.coles.com.au/online/national/household/homewares/plates-bowls' title='Plates &amp; Bowls'>Plates &amp; Bowls</a></li>
							
								<li><a role="menuitem" id="sub-menu-13_55" href='http://shop.coles.com.au/online/national/household/homewares/sewing' title='Sewing'>Sewing</a></li>
							
								<li><a role="menuitem" id="sub-menu-13_56" href='http://shop.coles.com.au/online/national/household/homewares/towels' title='Tea Towels &amp; Aprons'>Tea Towels &amp; Aprons</a></li>
							
								<li><a role="menuitem" id="sub-menu-13_57" href='http://shop.coles.com.au/online/national/household/homewares/textiles-accessories' title='Textiles &amp; Accessories'>Textiles &amp; Accessories</a></li>
							
								<li><a role="menuitem" id="sub-menu-13_58" href='http://shop.coles.com.au/online/national/household/homewares/water-filtration' title='Water Filtration'>Water Filtration</a></li>
							
							<li class="section" ><a role="menuitem" id="sub-menu-13_59" href='http://shop.coles.com.au/online/national/household/household-accessories' title='Household Accessories sub category'>Household Accessories</a></li>
							
							
								<li><a role="menuitem" id="sub-menu-13_60" href='http://shop.coles.com.au/online/national/household/household-accessories/air-fresheners' title='Air Fresheners'>Air Fresheners</a></li>
							
								<li><a role="menuitem" id="sub-menu-13_61" href='http://shop.coles.com.au/online/national/household/household-accessories/gloves' title='Gloves'>Gloves</a></li>
							
								<li><a role="menuitem" id="sub-menu-13_62" href='http://shop.coles.com.au/online/national/household/household-accessories/mops--buckets-brooms' title='Mops, Buckets &amp; Brooms'>Mops, Buckets &amp; Brooms</a></li>
							
								<li><a role="menuitem" id="sub-menu-13_63" href='http://shop.coles.com.au/online/national/household/household-accessories/paper-towels--sponges-and-brushes' title='Paper Towels, Sponges and Brushes'>Paper Towels, Sponges and Brushes</a></li>
							
							<li class="section" ><a role="menuitem" id="sub-menu-13_64" href='http://shop.coles.com.au/online/national/household/kitchen' title='Kitchen sub category'>Kitchen</a></li>
							
							
								<li><a role="menuitem" id="sub-menu-13_65" href='http://shop.coles.com.au/online/national/household/kitchen/dishwashing' title='Dishwashing'>Dishwashing</a></li>
							
								<li><a role="menuitem" id="sub-menu-13_66" href='http://shop.coles.com.au/online/national/household/kitchen/oven-stovetop' title='Oven &amp; Stovetop'>Oven &amp; Stovetop</a></li>
							
							<li class="section" ><a role="menuitem" id="sub-menu-13_67" href='http://shop.coles.com.au/online/national/household/laundry-needs' title='Laundry Needs sub category'>Laundry Needs</a></li>
							
							
								<li><a role="menuitem" id="sub-menu-13_68" href='http://shop.coles.com.au/online/national/household/laundry-needs/detergents-soap' title='Detergents &amp; Soap'>Detergents &amp; Soap</a></li>
							
								<li><a role="menuitem" id="sub-menu-13_69" href='http://shop.coles.com.au/online/national/household/laundry-needs/drying-racks-wash-bags' title='Drying Racks &amp; Wash Bags'>Drying Racks &amp; Wash Bags</a></li>
							
								<li><a role="menuitem" id="sub-menu-13_70" href='http://shop.coles.com.au/online/national/household/laundry-needs/in-wash-treatments-additives' title='In-wash Treatments &amp; Additives'>In-wash Treatments &amp; Additives</a></li>
							
								<li><a role="menuitem" id="sub-menu-13_71" href='http://shop.coles.com.au/online/national/household/laundry-needs/ironing' title='Ironing'>Ironing</a></li>
							
								<li><a role="menuitem" id="sub-menu-13_72" href='http://shop.coles.com.au/online/national/household/laundry-needs/pegs--baskets-hangers' title='Pegs, Baskets &amp; Hangers'>Pegs, Baskets &amp; Hangers</a></li>
							
								<li><a role="menuitem" id="sub-menu-13_73" href='http://shop.coles.com.au/online/national/household/laundry-needs/softeners' title='Softeners'>Softeners</a></li>
							
								<li><a role="menuitem" id="sub-menu-13_74" href='http://shop.coles.com.au/online/national/household/laundry-needs/stain-removal-pre-wash' title='Stain Removal &amp; Pre-wash'>Stain Removal &amp; Pre-wash</a></li>
							
							<li class="section" ><a role="menuitem" id="sub-menu-13_75" href='http://shop.coles.com.au/online/national/household/outdoors' title='Outdoors sub category'>Outdoors</a></li>
							
							
								<li><a role="menuitem" id="sub-menu-13_76" href='http://shop.coles.com.au/online/national/household/outdoors/bbq' title='BBQ'>BBQ</a></li>
							
								<li><a role="menuitem" id="sub-menu-13_77" href='http://shop.coles.com.au/online/national/household/outdoors/camping-fishing' title='Camping &amp; Fishing'>Camping &amp; Fishing</a></li>
							
								<li><a role="menuitem" id="sub-menu-13_78" href='http://shop.coles.com.au/online/national/household/outdoors/matches-lighters' title='Matches &amp; Lighters'>Matches &amp; Lighters</a></li>
							
								<li><a role="menuitem" id="sub-menu-13_79" href='http://shop.coles.com.au/online/national/household/outdoors/sports' title='Sports'>Sports</a></li>
							
							<li class="section" ><a role="menuitem" id="sub-menu-13_80" href='http://shop.coles.com.au/online/national/household/picnic-party' title='Picnic &amp; Party sub category'>Picnic &amp; Party</a></li>
							
							
								<li><a role="menuitem" id="sub-menu-13_81" href='http://shop.coles.com.au/online/national/household/picnic-party/candles' title='Candles'>Candles</a></li>
							
								<li><a role="menuitem" id="sub-menu-13_82" href='http://shop.coles.com.au/online/national/household/picnic-party/cups-glasses' title='Cups &amp; Glasses'>Cups &amp; Glasses</a></li>
							
								<li><a role="menuitem" id="sub-menu-13_83" href='http://shop.coles.com.au/online/national/household/picnic-party/decorations' title='Decorations'>Decorations</a></li>
							
								<li><a role="menuitem" id="sub-menu-13_84" href='http://shop.coles.com.au/online/national/household/picnic-party/picnic-plates-bowls' title='Disposable Plates &amp; Bowls'>Disposable Plates &amp; Bowls</a></li>
							
								<li><a role="menuitem" id="sub-menu-13_85" href='http://shop.coles.com.au/online/national/household/picnic-party/gift-wrap-bags' title='Gift Wrap &amp; Bags'>Gift Wrap &amp; Bags</a></li>
							
								<li><a role="menuitem" id="sub-menu-13_86" href='http://shop.coles.com.au/online/national/household/picnic-party/paper-plastic-cutlery' title='Paper/Plastic Cutlery'>Paper/Plastic Cutlery</a></li>
							
								<li><a role="menuitem" id="sub-menu-13_87" href='http://shop.coles.com.au/online/national/household/picnic-party/serviettes-tablecloths' title='Serviettes &amp; Tablecloths'>Serviettes &amp; Tablecloths</a></li>
							
							<li class="section" ><a role="menuitem" id="sub-menu-13_88" href='http://shop.coles.com.au/online/national/household/charity-donations' title='Charity Donations sub category'>Charity Donations</a></li>
							
							
								<li><a role="menuitem" id="sub-menu-13_89" href='http://shop.coles.com.au/online/national/household/charity-donations/donation' title='Donations'>Donations</a></li>
							
					</ul>
				</div>							
											
			</li>									
		
			
			<li>
				
							
					<a role="menuitem" id="aisleMenu_14" aria-haspopup="true" href="http://shop.coles.com.au/online/national/personal-care-chemist" class="aisle" title="Browse the Health &amp; Beauty aisle">
						Health &amp; Beauty <span>&rarr;</span>
					</a>
					
					<div id="menu-14" class="column-list clearfix" data-rows="22" role="navigation">
						<h2>
							<a role="menuitem" id="sub-menu-14_0" class="subCatHeader" title="Health &amp; Beauty Category" href="http://shop.coles.com.au/online/national/personal-care-chemist" >
								Health &amp; Beauty
							</a>
							<span class="aisle-search">&nbsp;
								<a role="menuitem" id="sub-menu-14_1" class="browseAllSubCategory" href="http://shop.coles.com.au/online/national/personal-care-chemist/personal-care-chemist" title="Browse all items" >
								 Browse all items<span>&rarr;</span>
								</a>
							</span>
						</h2>
						
						
					<ul role="menu" id="sub-menu-14" data-col-items="menu-14" class="hidden" >
						
							<li class="section" ><a role="menuitem" id="sub-menu-14_2" href='http://shop.coles.com.au/online/national/personal-care-chemist/cosmetics' title='Cosmetics sub category'>Cosmetics</a></li>
							
							
								<li><a role="menuitem" id="sub-menu-14_3" href='http://shop.coles.com.au/online/national/personal-care-chemist/cosmetics/blush' title='Blush'>Blush</a></li>
							
								<li><a role="menuitem" id="sub-menu-14_4" href='http://shop.coles.com.au/online/national/personal-care-chemist/cosmetics/concealer' title='Concealer'>Concealer</a></li>
							
								<li><a role="menuitem" id="sub-menu-14_5" href='http://shop.coles.com.au/online/national/personal-care-chemist/cosmetics/eye-liner--shadow--mascara' title='Eye Liner, Shadow &amp; Mascara'>Eye Liner, Shadow &amp; Mascara</a></li>
							
								<li><a role="menuitem" id="sub-menu-14_6" href='http://shop.coles.com.au/online/national/personal-care-chemist/cosmetics/foundations-powders' title='Foundations &amp; Powders'>Foundations &amp; Powders</a></li>
							
								<li><a role="menuitem" id="sub-menu-14_7" href='http://shop.coles.com.au/online/national/personal-care-chemist/cosmetics/lip-balm' title='Lip Balm'>Lip Balm</a></li>
							
								<li><a role="menuitem" id="sub-menu-14_8" href='http://shop.coles.com.au/online/national/personal-care-chemist/cosmetics/lipstick-lip-gloss' title='Lipstick &amp; Lip Gloss'>Lipstick &amp; Lip Gloss</a></li>
							
								<li><a role="menuitem" id="sub-menu-14_9" href='http://shop.coles.com.au/online/national/personal-care-chemist/cosmetics/nails' title='Nails'>Nails</a></li>
							
							<li class="section" ><a role="menuitem" id="sub-menu-14_10" href='http://shop.coles.com.au/online/national/personal-care-chemist/dental' title='Dental sub category'>Dental</a></li>
							
							
								<li><a role="menuitem" id="sub-menu-14_11" href='http://shop.coles.com.au/online/national/personal-care-chemist/dental/dental-floss-tape' title='Dental Floss &amp; Tape'>Dental Floss &amp; Tape</a></li>
							
								<li><a role="menuitem" id="sub-menu-14_12" href='http://shop.coles.com.au/online/national/personal-care-chemist/dental/denture-care' title='Denture Care'>Denture Care</a></li>
							
								<li><a role="menuitem" id="sub-menu-14_13" href='http://shop.coles.com.au/online/national/personal-care-chemist/dental/mouthwash' title='Mouthwash'>Mouthwash</a></li>
							
								<li><a role="menuitem" id="sub-menu-14_14" href='http://shop.coles.com.au/online/national/personal-care-chemist/dental/toothbrushes' title='Toothbrushes'>Toothbrushes</a></li>
							
								<li><a role="menuitem" id="sub-menu-14_15" href='http://shop.coles.com.au/online/national/personal-care-chemist/dental/toothpaste' title='Toothpaste'>Toothpaste</a></li>
							
							<li class="section" ><a role="menuitem" id="sub-menu-14_16" href='http://shop.coles.com.au/online/national/personal-care-chemist/first-aid' title='First Aid sub category'>First Aid</a></li>
							
							
								<li><a role="menuitem" id="sub-menu-14_17" href='http://shop.coles.com.au/online/national/personal-care-chemist/first-aid/bandages-strapping' title='Bandages &amp; Strapping'>Bandages &amp; Strapping</a></li>
							
								<li><a role="menuitem" id="sub-menu-14_18" href='http://shop.coles.com.au/online/national/personal-care-chemist/first-aid/bandaids' title='Bandaids'>Bandaids</a></li>
							
								<li><a role="menuitem" id="sub-menu-14_19" href='http://shop.coles.com.au/online/national/personal-care-chemist/first-aid/gauze-tape' title='Gauze &amp; Tape'>Gauze &amp; Tape</a></li>
							
								<li><a role="menuitem" id="sub-menu-14_20" href='http://shop.coles.com.au/online/national/personal-care-chemist/first-aid/sports-first-aid' title='Sports First Aid'>Sports First Aid</a></li>
							
							<li class="section" ><a role="menuitem" id="sub-menu-14_21" href='http://shop.coles.com.au/online/national/personal-care-chemist/hair-accessories' title='Hair Accessories sub category'>Hair Accessories</a></li>
							
							
								<li><a role="menuitem" id="sub-menu-14_22" href='http://shop.coles.com.au/online/national/personal-care-chemist/hair-accessories/hair-brushes' title='Hair Brushes'>Hair Brushes</a></li>
							
								<li><a role="menuitem" id="sub-menu-14_23" href='http://shop.coles.com.au/online/national/personal-care-chemist/hair-accessories/hair-fasteners' title='Hair Fasteners'>Hair Fasteners</a></li>
							
							<li class="section" ><a role="menuitem" id="sub-menu-14_24" href='http://shop.coles.com.au/online/national/personal-care-chemist/hair-care' title='Hair Care sub category'>Hair Care</a></li>
							
							
								<li><a role="menuitem" id="sub-menu-14_25" href='http://shop.coles.com.au/online/national/personal-care-chemist/hair-care/colouring' title='Colouring'>Colouring</a></li>
							
								<li><a role="menuitem" id="sub-menu-14_26" href='http://shop.coles.com.au/online/national/personal-care-chemist/hair-care/conditioner' title='Conditioner'>Conditioner</a></li>
							
								<li><a role="menuitem" id="sub-menu-14_27" href='http://shop.coles.com.au/online/national/personal-care-chemist/hair-care/gel--mousse-styling' title='Gel, Mousse &amp; Styling'>Gel, Mousse &amp; Styling</a></li>
							
								<li><a role="menuitem" id="sub-menu-14_28" href='http://shop.coles.com.au/online/national/personal-care-chemist/hair-care/hair-treatments' title='Hair Treatments'>Hair Treatments</a></li>
							
								<li><a role="menuitem" id="sub-menu-14_29" href='http://shop.coles.com.au/online/national/personal-care-chemist/hair-care/shampoo' title='Shampoo'>Shampoo</a></li>
							
							<li class="section" ><a role="menuitem" id="sub-menu-14_30" href='http://shop.coles.com.au/online/national/personal-care-chemist/hair-removal' title='Hair Removal sub category'>Hair Removal</a></li>
							
							
								<li><a role="menuitem" id="sub-menu-14_31" href='http://shop.coles.com.au/online/national/personal-care-chemist/hair-removal/after-shave-care' title='After Shave Care'>After Shave Care</a></li>
							
								<li><a role="menuitem" id="sub-menu-14_32" href='http://shop.coles.com.au/online/national/personal-care-chemist/hair-removal/razors-blades' title='Razors &amp; Blades'>Razors &amp; Blades</a></li>
							
								<li><a role="menuitem" id="sub-menu-14_33" href='http://shop.coles.com.au/online/national/personal-care-chemist/hair-removal/shave-gel-foam' title='Shave Gel &amp; Foam'>Shave Gel &amp; Foam</a></li>
							
								<li><a role="menuitem" id="sub-menu-14_34" href='http://shop.coles.com.au/online/national/personal-care-chemist/hair-removal/wax--cream--bleach' title='Wax, Cream, Bleach'>Wax, Cream, Bleach</a></li>
							
							<li class="section" ><a role="menuitem" id="sub-menu-14_35" href='http://shop.coles.com.au/online/national/personal-care-chemist/medicinal' title='Medicinal sub category'>Medicinal</a></li>
							
							
								<li><a role="menuitem" id="sub-menu-14_36" href='http://shop.coles.com.au/online/national/personal-care-chemist/medicinal/antacid-indigestion' title='Antacid &amp; Indigestion'>Antacid &amp; Indigestion</a></li>
							
								<li><a role="menuitem" id="sub-menu-14_37" href='http://shop.coles.com.au/online/national/personal-care-chemist/medicinal/antiseptic' title='Antiseptic'>Antiseptic</a></li>
							
								<li><a role="menuitem" id="sub-menu-14_38" href='http://shop.coles.com.au/online/national/personal-care-chemist/medicinal/cold-allergy' title='Cold &amp; Allergy'>Cold &amp; Allergy</a></li>
							
								<li><a role="menuitem" id="sub-menu-14_39" href='http://shop.coles.com.au/online/national/personal-care-chemist/medicinal/cotton-wool' title='Cotton Wool'>Cotton Wool</a></li>
							
								<li><a role="menuitem" id="sub-menu-14_40" href='http://shop.coles.com.au/online/national/personal-care-chemist/medicinal/eye-care' title='Eye Care'>Eye Care</a></li>
							
								<li><a role="menuitem" id="sub-menu-14_41" href='http://shop.coles.com.au/online/national/personal-care-chemist/medicinal/medicinal-oils-ointments' title='Medicinal Oils &amp; Ointments'>Medicinal Oils &amp; Ointments</a></li>
							
								<li><a role="menuitem" id="sub-menu-14_42" href='http://shop.coles.com.au/online/national/personal-care-chemist/medicinal/pain-relief' title='Pain Relief'>Pain Relief</a></li>
							
								<li><a role="menuitem" id="sub-menu-14_43" href='http://shop.coles.com.au/online/national/personal-care-chemist/medicinal/skincare' title='Skincare'>Skincare</a></li>
							
								<li><a role="menuitem" id="sub-menu-14_44" href='http://shop.coles.com.au/online/national/personal-care-chemist/medicinal/vitamins' title='Vitamins'>Vitamins</a></li>
							
							<li class="section" ><a role="menuitem" id="sub-menu-14_45" href='http://shop.coles.com.au/online/national/personal-care-chemist/personal-care-hygiene' title='Personal Care &amp; Hygiene sub category'>Personal Care &amp; Hygiene</a></li>
							
							
								<li><a role="menuitem" id="sub-menu-14_46" href='http://shop.coles.com.au/online/national/personal-care-chemist/personal-care-hygiene/deodorants' title='Deodorants'>Deodorants</a></li>
							
								<li><a role="menuitem" id="sub-menu-14_47" href='http://shop.coles.com.au/online/national/personal-care-chemist/personal-care-hygiene/deodorants-for-men' title='Deodorants for Men'>Deodorants for Men</a></li>
							
								<li><a role="menuitem" id="sub-menu-14_48" href='http://shop.coles.com.au/online/national/personal-care-chemist/personal-care-hygiene/deodorants-for-women' title='Deodorants for Women'>Deodorants for Women</a></li>
							
								<li><a role="menuitem" id="sub-menu-14_49" href='http://shop.coles.com.au/online/national/personal-care-chemist/personal-care-hygiene/feminine-care' title='Feminine Care'>Feminine Care</a></li>
							
								<li><a role="menuitem" id="sub-menu-14_50" href='http://shop.coles.com.au/online/national/personal-care-chemist/personal-care-hygiene/footcare' title='Footcare'>Footcare</a></li>
							
								<li><a role="menuitem" id="sub-menu-14_51" href='http://shop.coles.com.au/online/national/personal-care-chemist/personal-care-hygiene/incontinence-needs' title='Incontinence Needs'>Incontinence Needs</a></li>
							
								<li><a role="menuitem" id="sub-menu-14_52" href='http://shop.coles.com.au/online/national/personal-care-chemist/personal-care-hygiene/nail-care' title='Nail Care'>Nail Care</a></li>
							
								<li><a role="menuitem" id="sub-menu-14_53" href='http://shop.coles.com.au/online/national/personal-care-chemist/personal-care-hygiene/skincare-wipes' title='Skincare Wipes'>Skincare Wipes</a></li>
							
								<li><a role="menuitem" id="sub-menu-14_54" href='http://shop.coles.com.au/online/national/personal-care-chemist/personal-care-hygiene/sports-supplements' title='Sports Supplements'>Sports Supplements</a></li>
							
								<li><a role="menuitem" id="sub-menu-14_55" href='http://shop.coles.com.au/online/national/personal-care-chemist/personal-care-hygiene/tissues' title='Tissues'>Tissues</a></li>
							
								<li><a role="menuitem" id="sub-menu-14_56" href='http://shop.coles.com.au/online/national/personal-care-chemist/personal-care-hygiene/toilet-paper' title='Toilet Paper'>Toilet Paper</a></li>
							
								<li><a role="menuitem" id="sub-menu-14_57" href='http://shop.coles.com.au/online/national/personal-care-chemist/personal-care-hygiene/weight-loss' title='Weight Loss'>Weight Loss</a></li>
							
								<li><a role="menuitem" id="sub-menu-14_58" href='http://shop.coles.com.au/online/national/personal-care-chemist/personal-care-hygiene/help-quit-smoking' title='Help Quit Smoking'>Help Quit Smoking</a></li>
							
								<li><a role="menuitem" id="sub-menu-14_59" href='http://shop.coles.com.au/online/national/personal-care-chemist/personal-care-hygiene/contraception-sexual-health' title='Contraception &amp; Sexual Health'>Contraception &amp; Sexual Health</a></li>
							
								<li><a role="menuitem" id="sub-menu-14_60" href='http://shop.coles.com.au/online/national/personal-care-chemist/personal-care-hygiene/pregnancy-tests' title='Pregnancy Tests'>Pregnancy Tests</a></li>
							
							<li class="section" ><a role="menuitem" id="sub-menu-14_61" href='http://shop.coles.com.au/online/national/personal-care-chemist/shower-bath-care' title='Shower &amp; Bath Care sub category'>Shower &amp; Bath Care</a></li>
							
							
								<li><a role="menuitem" id="sub-menu-14_62" href='http://shop.coles.com.au/online/national/personal-care-chemist/shower-bath-care/bath-accessories' title='Bath Accessories'>Bath Accessories</a></li>
							
								<li><a role="menuitem" id="sub-menu-14_63" href='http://shop.coles.com.au/online/national/personal-care-chemist/shower-bath-care/body-lotion' title='Body Lotion'>Body Lotion</a></li>
							
								<li><a role="menuitem" id="sub-menu-14_64" href='http://shop.coles.com.au/online/national/personal-care-chemist/shower-bath-care/body-wash' title='Body Wash'>Body Wash</a></li>
							
								<li><a role="menuitem" id="sub-menu-14_65" href='http://shop.coles.com.au/online/national/personal-care-chemist/shower-bath-care/bubble-bath-salts' title='Bubble Bath &amp; Salts'>Bubble Bath &amp; Salts</a></li>
							
								<li><a role="menuitem" id="sub-menu-14_66" href='http://shop.coles.com.au/online/national/personal-care-chemist/shower-bath-care/soap' title='Soap and Hand Wash'>Soap and Hand Wash</a></li>
							
							<li class="section" ><a role="menuitem" id="sub-menu-14_67" href='http://shop.coles.com.au/online/national/personal-care-chemist/skin-care' title='Skin Care sub category'>Skin Care</a></li>
							
							
								<li><a role="menuitem" id="sub-menu-14_68" href='http://shop.coles.com.au/online/national/personal-care-chemist/skin-care/aftershave-care' title='Aftershave Care'>Aftershave Care</a></li>
							
								<li><a role="menuitem" id="sub-menu-14_69" href='http://shop.coles.com.au/online/national/personal-care-chemist/skin-care/body-moisturizer' title='Body Moisturiser'>Body Moisturiser</a></li>
							
								<li><a role="menuitem" id="sub-menu-14_70" href='http://shop.coles.com.au/online/national/personal-care-chemist/skin-care/face-moisturizer' title='Face Moisturiser'>Face Moisturiser</a></li>
							
								<li><a role="menuitem" id="sub-menu-14_71" href='http://shop.coles.com.au/online/national/personal-care-chemist/skin-care/cleansers-skin-care-wipes' title='Cleansers &amp; Skin Care Wipes'>Cleansers &amp; Skin Care Wipes</a></li>
							
								<li><a role="menuitem" id="sub-menu-14_72" href='http://shop.coles.com.au/online/national/personal-care-chemist/skin-care/hand-moisturizer' title='Hand Moisturiser'>Hand Moisturiser</a></li>
							
								<li><a role="menuitem" id="sub-menu-14_73" href='http://shop.coles.com.au/online/national/personal-care-chemist/skin-care/lip-care' title='Lip Care'>Lip Care</a></li>
							
								<li><a role="menuitem" id="sub-menu-14_74" href='http://shop.coles.com.au/online/national/personal-care-chemist/skin-care/self-tanning' title='Self-Tanning'>Self-Tanning</a></li>
							
								<li><a role="menuitem" id="sub-menu-14_75" href='http://shop.coles.com.au/online/national/personal-care-chemist/skin-care/sunscreen' title='Sunscreen'>Sunscreen</a></li>
							
					</ul>
				</div>							
											
			</li>									
		
			
			<li>
				
							
					<a role="menuitem" id="aisleMenu_15" aria-haspopup="true" href="http://shop.coles.com.au/online/national/baby" class="aisle" title="Browse the Baby aisle">
						Baby <span>&rarr;</span>
					</a>
					
					<div id="menu-15" class="column-list clearfix" data-rows="22" role="navigation">
						<h2>
							<a role="menuitem" id="sub-menu-15_0" class="subCatHeader" title="Baby Category" href="http://shop.coles.com.au/online/national/baby" >
								Baby
							</a>
							<span class="aisle-search">&nbsp;
								<a role="menuitem" id="sub-menu-15_1" class="browseAllSubCategory" href="http://shop.coles.com.au/online/national/baby/baby" title="Browse all items" >
								 Browse all items<span>&rarr;</span>
								</a>
							</span>
						</h2>
						
						
					<ul role="menu" id="sub-menu-15" data-col-items="menu-15" class="hidden" >
						
							<li class="section" ><a role="menuitem" id="sub-menu-15_2" href='http://shop.coles.com.au/online/national/baby/nappies-changing' title='Nappies &amp; Changing sub category'>Nappies &amp; Changing</a></li>
							
							
								<li><a role="menuitem" id="sub-menu-15_3" href='http://shop.coles.com.au/online/national/baby/nappies-changing/all-nappies' title='All Nappies'>All Nappies</a></li>
							
								<li><a role="menuitem" id="sub-menu-15_4" href='http://shop.coles.com.au/online/national/baby/nappies-changing/nappies-newborn-%283-to-5kg%29' title='Nappies Newborn (3 to 5kg)'>Nappies Newborn (3 to 5kg)</a></li>
							
								<li><a role="menuitem" id="sub-menu-15_5" href='http://shop.coles.com.au/online/national/baby/nappies-changing/nappies-3-6-months-%285-to-7kg%29' title='Nappies 3-6 months (5 to 7kg)'>Nappies 3-6 months (5 to 7kg)</a></li>
							
								<li><a role="menuitem" id="sub-menu-15_6" href='http://shop.coles.com.au/online/national/baby/nappies-changing/nappies-6-12-months-%287-to-10kg%29' title='Nappies 6-12 months (7 to 10kg)'>Nappies 6-12 months (7 to 10kg)</a></li>
							
								<li><a role="menuitem" id="sub-menu-15_7" href='http://shop.coles.com.au/online/national/baby/nappies-changing/nappies-12-18-months-%289-to-12kg%29' title='Nappies 12-18 months (9 to 12kg)'>Nappies 12-18 months (9 to 12kg)</a></li>
							
								<li><a role="menuitem" id="sub-menu-15_8" href='http://shop.coles.com.au/online/national/baby/nappies-changing/nappies-18-months-%2810kg-plus%29' title='Nappies 18 months+ (10kg plus)'>Nappies 18 months+ (10kg plus)</a></li>
							
								<li><a role="menuitem" id="sub-menu-15_9" href='http://shop.coles.com.au/online/national/baby/nappies-changing/baby-wipe' title='Baby Wipes'>Baby Wipes</a></li>
							
								<li><a role="menuitem" id="sub-menu-15_10" href='http://shop.coles.com.au/online/national/baby/nappies-changing/nappy-changing' title='Nappy Changing'>Nappy Changing</a></li>
							
							<li class="section" ><a role="menuitem" id="sub-menu-15_11" href='http://shop.coles.com.au/online/national/baby/baby-toddler' title='Baby Accessories sub category'>Baby Accessories</a></li>
							
							
								<li><a role="menuitem" id="sub-menu-15_12" href='http://shop.coles.com.au/online/national/baby/baby-toddler/bottles-baby-feeding' title='Bottles &amp; Baby Feeding'>Bottles &amp; Baby Feeding</a></li>
							
								<li><a role="menuitem" id="sub-menu-15_13" href='http://shop.coles.com.au/online/national/baby/baby-toddler/teething' title='Teething'>Teething</a></li>
							
								<li><a role="menuitem" id="sub-menu-15_14" href='http://shop.coles.com.au/online/national/baby/baby-toddler/bath-skincare' title='Bath &amp; Skincare'>Bath &amp; Skincare</a></li>
							
								<li><a role="menuitem" id="sub-menu-15_15" href='http://shop.coles.com.au/online/national/baby/baby-toddler/baby-toddler-clothing' title='Baby &amp; Toddler Clothing'>Baby &amp; Toddler Clothing</a></li>
							
								<li><a role="menuitem" id="sub-menu-15_16" href='http://shop.coles.com.au/online/national/baby/baby-toddler/baby-health-safety' title='Baby Health &amp; Safety'>Baby Health &amp; Safety</a></li>
							
							<li class="section" ><a role="menuitem" id="sub-menu-15_17" href='http://shop.coles.com.au/online/national/baby/food' title='Food sub category'>Food</a></li>
							
							
								<li><a role="menuitem" id="sub-menu-15_18" href='http://shop.coles.com.au/online/national/baby/food/all-food' title='All Food'>All Food</a></li>
							
								<li><a role="menuitem" id="sub-menu-15_19" href='http://shop.coles.com.au/online/national/baby/food/4-to-6-months' title='4 to 6 months'>4 to 6 months</a></li>
							
								<li><a role="menuitem" id="sub-menu-15_20" href='http://shop.coles.com.au/online/national/baby/food/6-to-9-months' title='6 to 9 months'>6 to 9 months</a></li>
							
								<li><a role="menuitem" id="sub-menu-15_21" href='http://shop.coles.com.au/online/national/baby/food/9--months' title='9 + months'>9 + months</a></li>
							
								<li><a role="menuitem" id="sub-menu-15_22" href='http://shop.coles.com.au/online/national/baby/food/1-year-to-3-years' title='1 year to 3 years'>1 year to 3 years</a></li>
							
								<li><a role="menuitem" id="sub-menu-15_23" href='http://shop.coles.com.au/online/national/baby/food/infant-drinks' title='Infant Drinks'>Infant Drinks</a></li>
							
							<li class="section" ><a role="menuitem" id="sub-menu-15_24" href='http://shop.coles.com.au/online/national/baby/formula' title='Formula sub category'>Formula</a></li>
							
							
								<li><a role="menuitem" id="sub-menu-15_25" href='http://shop.coles.com.au/online/national/baby/formula/newborn' title='Newborn'>Newborn</a></li>
							
								<li><a role="menuitem" id="sub-menu-15_26" href='http://shop.coles.com.au/online/national/baby/formula/infant' title='Infant'>Infant</a></li>
							
								<li><a role="menuitem" id="sub-menu-15_27" href='http://shop.coles.com.au/online/national/baby/formula/specialty' title='Specialty'>Specialty</a></li>
							
								<li><a role="menuitem" id="sub-menu-15_28" href='http://shop.coles.com.au/online/national/baby/formula/toddler' title='Toddler'>Toddler</a></li>
							
					</ul>
				</div>							
											
			</li>									
		
			
			<li>
				
							
					<a role="menuitem" id="aisleMenu_16" aria-haspopup="true" href="http://shop.coles.com.au/online/national/pet" class="aisle" title="Browse the Pet aisle">
						Pet <span>&rarr;</span>
					</a>
					
					<div id="menu-16" class="column-list clearfix" data-rows="22" role="navigation">
						<h2>
							<a role="menuitem" id="sub-menu-16_0" class="subCatHeader" title="Pet Category" href="http://shop.coles.com.au/online/national/pet" >
								Pet
							</a>
							<span class="aisle-search">&nbsp;
								<a role="menuitem" id="sub-menu-16_1" class="browseAllSubCategory" href="http://shop.coles.com.au/online/national/pet/pet" title="Browse all items" >
								 Browse all items<span>&rarr;</span>
								</a>
							</span>
						</h2>
						
						
					<ul role="menu" id="sub-menu-16" data-col-items="menu-16" class="hidden" >
						
							<li class="section" ><a role="menuitem" id="sub-menu-16_2" href='http://shop.coles.com.au/online/national/pet/cat-kitten' title='Cat &amp; Kitten sub category'>Cat &amp; Kitten</a></li>
							
							
								<li><a role="menuitem" id="sub-menu-16_3" href='http://shop.coles.com.au/online/national/pet/cat-kitten/dry-cat-food' title='Dry Cat Food'>Dry Cat Food</a></li>
							
								<li><a role="menuitem" id="sub-menu-16_4" href='http://shop.coles.com.au/online/national/pet/cat-kitten/chilled-cat-food' title='Chilled Cat Food'>Chilled Cat Food</a></li>
							
								<li><a role="menuitem" id="sub-menu-16_5" href='http://shop.coles.com.au/online/national/pet/cat-kitten/trays-cans-cat-food' title='Trays &amp; Cans Cat Food'>Trays &amp; Cans Cat Food</a></li>
							
								<li><a role="menuitem" id="sub-menu-16_6" href='http://shop.coles.com.au/online/national/pet/cat-kitten/cat-accessories' title='Cat Accessories'>Cat Accessories</a></li>
							
								<li><a role="menuitem" id="sub-menu-16_7" href='http://shop.coles.com.au/online/national/pet/cat-kitten/cat-grooming' title='Cat Grooming'>Cat Grooming</a></li>
							
								<li><a role="menuitem" id="sub-menu-16_8" href='http://shop.coles.com.au/online/national/pet/cat-kitten/cat-healthcare' title='Cat Healthcare'>Cat Healthcare</a></li>
							
								<li><a role="menuitem" id="sub-menu-16_9" href='http://shop.coles.com.au/online/national/pet/cat-kitten/cat-litter' title='Cat Litter'>Cat Litter</a></li>
							
								<li><a role="menuitem" id="sub-menu-16_10" href='http://shop.coles.com.au/online/national/pet/cat-kitten/cat-toys' title='Cat Toys'>Cat Toys</a></li>
							
								<li><a role="menuitem" id="sub-menu-16_11" href='http://shop.coles.com.au/online/national/pet/cat-kitten/cat-treats-milk' title='Cat Treats &amp; Milk'>Cat Treats &amp; Milk</a></li>
							
							<li class="section" ><a role="menuitem" id="sub-menu-16_12" href='http://shop.coles.com.au/online/national/pet/dog-puppy' title='Dog &amp; Puppy sub category'>Dog &amp; Puppy</a></li>
							
							
								<li><a role="menuitem" id="sub-menu-16_13" href='http://shop.coles.com.au/online/national/pet/dog-puppy/dry-dog-food' title='Dry Dog Food'>Dry Dog Food</a></li>
							
								<li><a role="menuitem" id="sub-menu-16_14" href='http://shop.coles.com.au/online/national/pet/dog-puppy/chilled-dog-food' title='Chilled Dog Food'>Chilled Dog Food</a></li>
							
								<li><a role="menuitem" id="sub-menu-16_15" href='http://shop.coles.com.au/online/national/pet/dog-puppy/trays-cans-dog-food' title='Trays &amp; Cans Dog Food'>Trays &amp; Cans Dog Food</a></li>
							
								<li><a role="menuitem" id="sub-menu-16_16" href='http://shop.coles.com.au/online/national/pet/dog-puppy/dog-accessories' title='Dog Accessories'>Dog Accessories</a></li>
							
								<li><a role="menuitem" id="sub-menu-16_17" href='http://shop.coles.com.au/online/national/pet/dog-puppy/dog-collars-leads' title='Dog Collars &amp; Leads'>Dog Collars &amp; Leads</a></li>
							
								<li><a role="menuitem" id="sub-menu-16_18" href='http://shop.coles.com.au/online/national/pet/dog-puppy/dog-grooming' title='Dog Grooming'>Dog Grooming</a></li>
							
								<li><a role="menuitem" id="sub-menu-16_19" href='http://shop.coles.com.au/online/national/pet/dog-puppy/dog-healthcare' title='Dog Healthcare'>Dog Healthcare</a></li>
							
								<li><a role="menuitem" id="sub-menu-16_20" href='http://shop.coles.com.au/online/national/pet/dog-puppy/dog-treats-milk' title='Dog Treats &amp; Milk'>Dog Treats &amp; Milk</a></li>
							
							<li class="section" ><a role="menuitem" id="sub-menu-16_21" href='http://shop.coles.com.au/online/national/pet/birds' title='Birds sub category'>Birds</a></li>
							
							
								<li><a role="menuitem" id="sub-menu-16_22" href='http://shop.coles.com.au/online/national/pet/birds/bird-food' title='Bird Food'>Bird Food</a></li>
							
								<li><a role="menuitem" id="sub-menu-16_23" href='http://shop.coles.com.au/online/national/pet/birds/bird-treats' title='Bird Treats'>Bird Treats</a></li>
							
							<li class="section" ><a role="menuitem" id="sub-menu-16_24" href='http://shop.coles.com.au/online/national/pet/fish-1074626' title='Fish sub category'>Fish</a></li>
							
							
								<li><a role="menuitem" id="sub-menu-16_25" href='http://shop.coles.com.au/online/national/pet/fish-1074626/fish-food' title='Fish Food'>Fish Food</a></li>
							
							<li class="section" ><a role="menuitem" id="sub-menu-16_26" href='http://shop.coles.com.au/online/national/pet/small-pets' title='Small Pets sub category'>Small Pets</a></li>
							
							
								<li><a role="menuitem" id="sub-menu-16_27" href='http://shop.coles.com.au/online/national/pet/small-pets/small-pets-food' title='Small Pets Food'>Small Pets Food</a></li>
							
					</ul>
				</div>							
											
			</li>									
		
			
			<li>
				
							
					<a role="menuitem" id="aisleMenu_17" aria-haspopup="true" href="http://shop.coles.com.au/online/national/business-orders" class="aisle" title="Browse the Business Orders aisle">
						Business Orders <span>&rarr;</span>
					</a>
					
					<div id="menu-17" class="column-list clearfix" data-rows="22" role="navigation">
						<h2>
							<a role="menuitem" id="sub-menu-17_0" class="subCatHeader" title="Business Orders Category" href="http://shop.coles.com.au/online/national/business-orders" >
								Business Orders
							</a>
							<span class="aisle-search">&nbsp;
								<a role="menuitem" id="sub-menu-17_1" class="browseAllSubCategory" href="http://shop.coles.com.au/online/national/business-orders/business-orders" title="Browse all items" >
								 Browse all items<span>&rarr;</span>
								</a>
							</span>
						</h2>
						
						
					<ul role="menu" id="sub-menu-17" data-col-items="menu-17" class="hidden" >
						
							<li class="section" ><a role="menuitem" id="sub-menu-17_2" href='http://shop.coles.com.au/online/national/business-orders/all-businesses' title='All Businesses sub category'>All Businesses</a></li>
							
							
								<li><a role="menuitem" id="sub-menu-17_3" href='http://shop.coles.com.au/online/national/business-orders/all-businesses/childcare' title='Childcare'>Childcare</a></li>
							
								<li><a role="menuitem" id="sub-menu-17_4" href='http://shop.coles.com.au/online/national/business-orders/all-businesses/disability-aged-care' title='Disability &amp; Aged Care'>Disability &amp; Aged Care</a></li>
							
								<li><a role="menuitem" id="sub-menu-17_5" href='http://shop.coles.com.au/online/national/business-orders/all-businesses/offices' title='Offices'>Offices</a></li>
							
								<li><a role="menuitem" id="sub-menu-17_6" href='http://shop.coles.com.au/online/national/business-orders/all-businesses/schools' title='Schools'>Schools</a></li>
							
					</ul>
				</div>							
											
			</li>									
		
			
			<li>
				
							
					<a role="menuitem" id="aisleMenu_18" aria-haspopup="true" href="http://shop.coles.com.au/online/national/stationery-media" class="aisle" title="Browse the Stationery &amp; Media aisle">
						Stationery &amp; Media <span>&rarr;</span>
					</a>
					
					<div id="menu-18" class="column-list clearfix" data-rows="22" role="navigation">
						<h2>
							<a role="menuitem" id="sub-menu-18_0" class="subCatHeader" title="Stationery &amp; Media Category" href="http://shop.coles.com.au/online/national/stationery-media" >
								Stationery &amp; Media
							</a>
							<span class="aisle-search">&nbsp;
								<a role="menuitem" id="sub-menu-18_1" class="browseAllSubCategory" href="http://shop.coles.com.au/online/national/stationery-media/stationery-media" title="Browse all items" >
								 Browse all items<span>&rarr;</span>
								</a>
							</span>
						</h2>
						
						
					<ul role="menu" id="sub-menu-18" data-col-items="menu-18" class="hidden" >
						
							<li class="section" ><a role="menuitem" id="sub-menu-18_2" href='http://shop.coles.com.au/online/national/stationery-media/books-section' title='Books sub category'>Books</a></li>
							
							
								<li><a role="menuitem" id="sub-menu-18_3" href='http://shop.coles.com.au/online/national/stationery-media/books-section/childrens-books' title='Childrens Books'>Childrens Books</a></li>
							
								<li><a role="menuitem" id="sub-menu-18_4" href='http://shop.coles.com.au/online/national/stationery-media/books-section/fiction-books' title='Fiction Books'>Fiction Books</a></li>
							
								<li><a role="menuitem" id="sub-menu-18_5" href='http://shop.coles.com.au/online/national/stationery-media/books-section/non-fiction-books' title='Non-fiction Books'>Non-fiction Books</a></li>
							
							<li class="section" ><a role="menuitem" id="sub-menu-18_6" href='http://shop.coles.com.au/online/national/stationery-media/tv-shows-movies-section' title='Cds, Dvds &amp; Blu Rays sub category'>Cds, Dvds &amp; Blu Rays</a></li>
							
							
								<li><a role="menuitem" id="sub-menu-18_7" href='http://shop.coles.com.au/online/national/stationery-media/tv-shows-movies-section/blu-rays' title='Blu Rays'>Blu Rays</a></li>
							
								<li><a role="menuitem" id="sub-menu-18_8" href='http://shop.coles.com.au/online/national/stationery-media/tv-shows-movies-section/cds-music-dvds' title='CDs &amp; Music Dvds'>CDs &amp; Music Dvds</a></li>
							
								<li><a role="menuitem" id="sub-menu-18_9" href='http://shop.coles.com.au/online/national/stationery-media/tv-shows-movies-section/childrens-tv-movies' title='Childrens TV &amp; Movies'>Childrens TV &amp; Movies</a></li>
							
								<li><a role="menuitem" id="sub-menu-18_10" href='http://shop.coles.com.au/online/national/stationery-media/tv-shows-movies-section/family-child' title='Family &amp; Child'>Family &amp; Child</a></li>
							
								<li><a role="menuitem" id="sub-menu-18_11" href='http://shop.coles.com.au/online/national/stationery-media/tv-shows-movies-section/feature-films-section' title='Feature Films'>Feature Films</a></li>
							
								<li><a role="menuitem" id="sub-menu-18_12" href='http://shop.coles.com.au/online/national/stationery-media/tv-shows-movies-section/tv-shows-movies' title='TV Shows &amp; Movies'>TV Shows &amp; Movies</a></li>
							
							<li class="section" ><a role="menuitem" id="sub-menu-18_13" href='http://shop.coles.com.au/online/national/stationery-media/computer-photo' title='Computer &amp; Photo sub category'>Computer &amp; Photo</a></li>
							
							
								<li><a role="menuitem" id="sub-menu-18_14" href='http://shop.coles.com.au/online/national/stationery-media/computer-photo/accessories' title='Accessories'>Accessories</a></li>
							
								<li><a role="menuitem" id="sub-menu-18_15" href='http://shop.coles.com.au/online/national/stationery-media/computer-photo/paper' title='Paper'>Paper</a></li>
							
								<li><a role="menuitem" id="sub-menu-18_16" href='http://shop.coles.com.au/online/national/stationery-media/computer-photo/recordable-media' title='Recordable Media'>Recordable Media</a></li>
							
							<li class="section" ><a role="menuitem" id="sub-menu-18_17" href='http://shop.coles.com.au/online/national/stationery-media/magazines-section' title='Magazines sub category'>Magazines</a></li>
							
							
								<li><a role="menuitem" id="sub-menu-18_18" href='http://shop.coles.com.au/online/national/stationery-media/magazines-section/childrens-teens' title='Childrens &amp; Teens'>Childrens &amp; Teens</a></li>
							
								<li><a role="menuitem" id="sub-menu-18_19" href='http://shop.coles.com.au/online/national/stationery-media/magazines-section/computers' title='Computers'>Computers</a></li>
							
								<li><a role="menuitem" id="sub-menu-18_20" href='http://shop.coles.com.au/online/national/stationery-media/magazines-section/cooking-magazines' title='Cooking Magazines'>Cooking Magazines</a></li>
							
								<li><a role="menuitem" id="sub-menu-18_21" href='http://shop.coles.com.au/online/national/stationery-media/magazines-section/crafts-hobbies' title='Crafts &amp; Hobbies'>Crafts &amp; Hobbies</a></li>
							
								<li><a role="menuitem" id="sub-menu-18_22" href='http://shop.coles.com.au/online/national/stationery-media/magazines-section/fashion-lifestyle' title='Fashion &amp; Lifestyle'>Fashion &amp; Lifestyle</a></li>
							
								<li><a role="menuitem" id="sub-menu-18_23" href='http://shop.coles.com.au/online/national/stationery-media/magazines-section/fashion-lifestyle-magazines' title='Fashion &amp; Lifestyle Magazines'>Fashion &amp; Lifestyle Magazines</a></li>
							
								<li><a role="menuitem" id="sub-menu-18_24" href='http://shop.coles.com.au/online/national/stationery-media/magazines-section/general-interest' title='General Interest'>General Interest</a></li>
							
								<li><a role="menuitem" id="sub-menu-18_25" href='http://shop.coles.com.au/online/national/stationery-media/magazines-section/general-interest-magazines' title='General Interest Magazines'>General Interest Magazines</a></li>
							
								<li><a role="menuitem" id="sub-menu-18_26" href='http://shop.coles.com.au/online/national/stationery-media/magazines-section/home-magazines' title='Home Magazines'>Home Magazines</a></li>
							
								<li><a role="menuitem" id="sub-menu-18_27" href='http://shop.coles.com.au/online/national/stationery-media/magazines-section/motoring-magazines' title='Motoring Magazines'>Motoring Magazines</a></li>
							
								<li><a role="menuitem" id="sub-menu-18_28" href='http://shop.coles.com.au/online/national/stationery-media/magazines-section/sport' title='Sport'>Sport</a></li>
							
								<li><a role="menuitem" id="sub-menu-18_29" href='http://shop.coles.com.au/online/national/stationery-media/magazines-section/sports-magazines' title='Sports Magazines'>Sports Magazines</a></li>
							
								<li><a role="menuitem" id="sub-menu-18_30" href='http://shop.coles.com.au/online/national/stationery-media/magazines-section/tv-magazines' title='TV Magazines'>TV Magazines</a></li>
							
							<li class="section" ><a role="menuitem" id="sub-menu-18_31" href='http://shop.coles.com.au/online/national/stationery-media/stationery' title='Stationery sub category'>Stationery</a></li>
							
							
								<li><a role="menuitem" id="sub-menu-18_32" href='http://shop.coles.com.au/online/national/stationery-media/stationery/backpack' title='Backpack'>Backpack</a></li>
							
								<li><a role="menuitem" id="sub-menu-18_33" href='http://shop.coles.com.au/online/national/stationery-media/stationery/cards' title='Cards'>Cards</a></li>
							
								<li><a role="menuitem" id="sub-menu-18_34" href='http://shop.coles.com.au/online/national/stationery-media/stationery/diaries-notebooks' title='Diaries &amp; Notebooks'>Diaries &amp; Notebooks</a></li>
							
								<li><a role="menuitem" id="sub-menu-18_35" href='http://shop.coles.com.au/online/national/stationery-media/stationery/folders-binders' title='Folders &amp; Binders'>Folders &amp; Binders</a></li>
							
								<li><a role="menuitem" id="sub-menu-18_36" href='http://shop.coles.com.au/online/national/stationery-media/stationery/paper-books' title='Paper &amp; Books'>Paper &amp; Books</a></li>
							
								<li><a role="menuitem" id="sub-menu-18_37" href='http://shop.coles.com.au/online/national/stationery-media/stationery/pencil-cases' title='Pencil Cases'>Pencil Cases</a></li>
							
								<li><a role="menuitem" id="sub-menu-18_38" href='http://shop.coles.com.au/online/national/stationery-media/stationery/refills' title='Refills'>Refills</a></li>
							
								<li><a role="menuitem" id="sub-menu-18_39" href='http://shop.coles.com.au/online/national/stationery-media/stationery/rulers-calculators' title='Rulers &amp; Calculators'>Rulers &amp; Calculators</a></li>
							
								<li><a role="menuitem" id="sub-menu-18_40" href='http://shop.coles.com.au/online/national/stationery-media/stationery/writing' title='Writing'>Writing</a></li>
							
							<li class="section" ><a role="menuitem" id="sub-menu-18_41" href='http://shop.coles.com.au/online/national/stationery-media/toys-games-section' title='Toys &amp; Games sub category'>Toys &amp; Games</a></li>
							
							
								<li><a role="menuitem" id="sub-menu-18_42" href='http://shop.coles.com.au/online/national/stationery-media/toys-games-section/games-section' title='Games'>Games</a></li>
							
								<li><a role="menuitem" id="sub-menu-18_43" href='http://shop.coles.com.au/online/national/stationery-media/toys-games-section/sports-outdoors-section' title='Sports &amp; Outdoors'>Sports &amp; Outdoors</a></li>
							
								<li><a role="menuitem" id="sub-menu-18_44" href='http://shop.coles.com.au/online/national/stationery-media/toys-games-section/toys-section' title='Toys'>Toys</a></li>
							
					</ul>
				</div>							
											
			</li>									
		
			
			<li>
				
							
					<a role="menuitem" id="aisleMenu_19" aria-haspopup="true" href="http://shop.coles.com.au/online/national/clothing" class="aisle" title="Browse the Clothing aisle">
						Clothing <span>&rarr;</span>
					</a>
					
					<div id="menu-19" class="column-list clearfix" data-rows="22" role="navigation">
						<h2>
							<a role="menuitem" id="sub-menu-19_0" class="subCatHeader" title="Clothing Category" href="http://shop.coles.com.au/online/national/clothing" >
								Clothing
							</a>
							<span class="aisle-search">&nbsp;
								<a role="menuitem" id="sub-menu-19_1" class="browseAllSubCategory" href="http://shop.coles.com.au/online/national/clothing/clothing" title="Browse all items" >
								 Browse all items<span>&rarr;</span>
								</a>
							</span>
						</h2>
						
						
					<ul role="menu" id="sub-menu-19" data-col-items="menu-19" class="hidden" >
						
							<li class="section" ><a role="menuitem" id="sub-menu-19_2" href='http://shop.coles.com.au/online/national/clothing/baby-stuff' title='Baby &amp; Child sub category'>Baby &amp; Child</a></li>
							
							
								<li><a role="menuitem" id="sub-menu-19_3" href='http://shop.coles.com.au/online/national/clothing/baby-stuff/baby-socks' title='Baby Socks'>Baby Socks</a></li>
							
								<li><a role="menuitem" id="sub-menu-19_4" href='http://shop.coles.com.au/online/national/clothing/baby-stuff/bibs' title='Bibs &amp; Accessories'>Bibs &amp; Accessories</a></li>
							
								<li><a role="menuitem" id="sub-menu-19_5" href='http://shop.coles.com.au/online/national/clothing/baby-stuff/boys-girls-socks' title='Boys &amp; Girls Socks'>Boys &amp; Girls Socks</a></li>
							
								<li><a role="menuitem" id="sub-menu-19_6" href='http://shop.coles.com.au/online/national/clothing/baby-stuff/boys-girls-underwear' title='Boys &amp; Girls Underwear'>Boys &amp; Girls Underwear</a></li>
							
							<li class="section" ><a role="menuitem" id="sub-menu-19_7" href='http://shop.coles.com.au/online/national/clothing/footwear' title='Footwear sub category'>Footwear</a></li>
							
							
								<li><a role="menuitem" id="sub-menu-19_8" href='http://shop.coles.com.au/online/national/clothing/footwear/brushes-accessories' title='Brushes &amp; Accessories'>Brushes &amp; Accessories</a></li>
							
								<li><a role="menuitem" id="sub-menu-19_9" href='http://shop.coles.com.au/online/national/clothing/footwear/insoles' title='Insoles'>Insoles</a></li>
							
								<li><a role="menuitem" id="sub-menu-19_10" href='http://shop.coles.com.au/online/national/clothing/footwear/odour-control' title='Odour Control'>Odour Control</a></li>
							
								<li><a role="menuitem" id="sub-menu-19_11" href='http://shop.coles.com.au/online/national/clothing/footwear/shoe-laces' title='Shoe Laces'>Shoe Laces</a></li>
							
								<li><a role="menuitem" id="sub-menu-19_12" href='http://shop.coles.com.au/online/national/clothing/footwear/shoe-polish' title='Shoe Polish'>Shoe Polish</a></li>
							
							<li class="section" ><a role="menuitem" id="sub-menu-19_13" href='http://shop.coles.com.au/online/national/clothing/hosiery' title='Hosiery sub category'>Hosiery</a></li>
							
							
								<li><a role="menuitem" id="sub-menu-19_14" href='http://shop.coles.com.au/online/national/clothing/hosiery/anklets' title='Anklets'>Anklets</a></li>
							
								<li><a role="menuitem" id="sub-menu-19_15" href='http://shop.coles.com.au/online/national/clothing/hosiery/knee-highs' title='Knee Highs'>Knee Highs</a></li>
							
								<li><a role="menuitem" id="sub-menu-19_16" href='http://shop.coles.com.au/online/national/clothing/hosiery/opaques-tights' title='Opaques &amp; Tights'>Opaques &amp; Tights</a></li>
							
								<li><a role="menuitem" id="sub-menu-19_17" href='http://shop.coles.com.au/online/national/clothing/hosiery/pantyhose' title='Pantyhose'>Pantyhose</a></li>
							
							<li class="section" ><a role="menuitem" id="sub-menu-19_18" href='http://shop.coles.com.au/online/national/clothing/mens' title='Mens sub category'>Mens</a></li>
							
							
								<li><a role="menuitem" id="sub-menu-19_19" href='http://shop.coles.com.au/online/national/clothing/mens/mens-socks' title='Men&#039;s Socks'>Men&#039;s Socks</a></li>
							
								<li><a role="menuitem" id="sub-menu-19_20" href='http://shop.coles.com.au/online/national/clothing/mens/mens-underwear' title='Men&#039;s Underwear'>Men&#039;s Underwear</a></li>
							
							<li class="section" ><a role="menuitem" id="sub-menu-19_21" href='http://shop.coles.com.au/online/national/clothing/womens' title='Womens sub category'>Womens</a></li>
							
							
								<li><a role="menuitem" id="sub-menu-19_22" href='http://shop.coles.com.au/online/national/clothing/womens/womens-accessories' title='Women&#039;s Accessories'>Women&#039;s Accessories</a></li>
							
								<li><a role="menuitem" id="sub-menu-19_23" href='http://shop.coles.com.au/online/national/clothing/womens/womens-briefs' title='Women&#039;s Briefs'>Women&#039;s Briefs</a></li>
							
								<li><a role="menuitem" id="sub-menu-19_24" href='http://shop.coles.com.au/online/national/clothing/womens/hoisery' title='Women&#039;s Hosiery'>Women&#039;s Hosiery</a></li>
							
								<li><a role="menuitem" id="sub-menu-19_25" href='http://shop.coles.com.au/online/national/clothing/womens/womens-socks' title='Women&#039;s Socks'>Women&#039;s Socks</a></li>
							
					</ul>
				</div>							
											
			</li>									
		
			
			<li>
				
							
					<a role="menuitem" id="aisleMenu_20" aria-haspopup="true" href="http://shop.coles.com.au/online/national/tobacco" class="aisle" title="Browse the Tobacco aisle">
						Tobacco <span>&rarr;</span>
					</a>
					
					<div id="menu-20" class="column-list clearfix" data-rows="22" role="navigation">
						<h2>
							<a role="menuitem" id="sub-menu-20_0" class="subCatHeader" title="Tobacco Category" href="http://shop.coles.com.au/online/national/tobacco" >
								Tobacco
							</a>
							<span class="aisle-search">&nbsp;
								<a role="menuitem" id="sub-menu-20_1" class="browseAllSubCategory" href="http://shop.coles.com.au/online/national/tobacco/tobacco" title="Browse all items" >
								 Browse all items<span>&rarr;</span>
								</a>
							</span>
						</h2>
						
						
					<ul role="menu" id="sub-menu-20" data-col-items="menu-20" class="hidden" >
						
							<li class="section" ><a role="menuitem" id="sub-menu-20_2" href='http://shop.coles.com.au/online/national/tobacco/tobacco--cigarettes-cigars' title='Tobacco, Cigarettes &amp; Cigars sub category'>Tobacco, Cigarettes &amp; Cigars</a></li>
							
							
								<li><a role="menuitem" id="sub-menu-20_3" href='http://shop.coles.com.au/online/national/tobacco/tobacco--cigarettes-cigars/cigarettes' title='Cigarettes'>Cigarettes</a></li>
							
								<li><a role="menuitem" id="sub-menu-20_4" href='http://shop.coles.com.au/online/national/tobacco/tobacco--cigarettes-cigars/papers-filters' title='Papers &amp; Filters'>Papers &amp; Filters</a></li>
							
								<li><a role="menuitem" id="sub-menu-20_5" href='http://shop.coles.com.au/online/national/tobacco/tobacco--cigarettes-cigars/cigars' title='Cigars'>Cigars</a></li>
							
								<li><a role="menuitem" id="sub-menu-20_6" href='http://shop.coles.com.au/online/national/tobacco/tobacco--cigarettes-cigars/loose-tobacco' title='Loose Tobacco'>Loose Tobacco</a></li>
							
								<li><a role="menuitem" id="sub-menu-20_7" href='http://shop.coles.com.au/online/national/tobacco/tobacco--cigarettes-cigars/quit-smoking' title='Quit Smoking'>Quit Smoking</a></li>
							
								<li><a role="menuitem" id="sub-menu-20_8" href='http://shop.coles.com.au/online/national/tobacco/tobacco--cigarettes-cigars/lighters-matches' title='Lighters &amp; Matches'>Lighters &amp; Matches</a></li>
							
					</ul>
				</div>							
											
			</li>									
		
	</ul>
</div>

		<form id="search" name="search" action="http://shop.coles.com.au/online/SearchDisplay?pageView=image&amp;catalogId=10576&amp;beginIndex=0&amp;langId=-1&amp;storeId=10601" method="get">
			<input type="hidden" name="storeId" value='10601' id="WC_CachedHeaderDisplay_FormInput_storeId_In_CatalogSearchForm_1"/>
			<input type="hidden" name="catalogId" value='10576' id="WC_CachedHeaderDisplay_FormInput_catalogId_In_CatalogSearchForm_1"/>
			<input type="hidden" name="langId" value='-1' id="WC_CachedHeaderDisplay_FormInput_langId_In_CatalogSearchForm_1"/>
			<input type="hidden" name="beginIndex" value="0" id="WC_CachedHeaderDisplay_FormInput_beginIndex_In_CatalogSearchForm_1"/>
			<input type="hidden" name="browseView" value="false" id="WC_CachedHeaderDisplay_FormInput_browseView_In_CatalogSearchForm_1"/>
			<input type="hidden" name="searchSource" value="Q" id="WC_CachedHeaderDisplay_FormInput_searchSource_In_CatalogSearchForm_1"/>
			<input type="hidden" name="sType" value="SimpleSearch" id="WC_CachedHeaderDisplay_FormInput_sType_In_CatalogSearchForm_1"/>
			<input type="hidden" name="resultCatEntryType" value="2" id="WC_CachedHeaderDisplay_FormInput_resultType_In_CatalogSearchForm_1"/>
			<input type="hidden" name="showResultsPage" value="true" id="WC_CachedHeaderDisplay_input_1"/>
			<input type="hidden" name="pageView" value="image" id="WC_CachedHeaderDisplay_input_2"/>
			<fieldset>
				<legend class="off-left">Search products form</legend>
				<div class="inputContainer" id="inputContainer" data-suggestionsview="" 
					 data-searchurl="http://shop.coles.com.au/online/SearchDisplay?pageView=image&amp;catalogId=10576&amp;beginIndex=0&amp;langId=-1&amp;storeId=10601" data-corename="MC_10001_CatalogEntry_en_US" data-serverurl="http://solrprd.cmltd.net.au:27920/solr/MC_10001_CatalogEntry_en_US" data-catalogid="10576" data-storeid="10601" data-langid="-1">
					<div class="v-holder">
						<label for="searchTerm" class="off-left">Search</label>
						<input id="searchTerm" class="keyword pred-search rounded" type="text" 
							placeholder="Search for..." 
							name="searchTerm" value="" 
							size="40" maxlength="65" autocomplete="off"/>
					</div>
				</div>
				<input class="btn-search btn-grey pred-search btn-disabled" type="submit" role="button" title="Search" value="Search" disabled="disabled" />
			</fieldset>
		</form>
		

<div id="myAccount">
	
			<button href="#register" role="button" class="hidden btn-grey popup-launch action-register" title="Register">Register</button>
			<button href="#logIn" role="button" class="hidden btn-grey popup-launch action-login" title="Log in">Log in</button>
		
</div>

	</div>
</div>	

<form method="post" name="SubHeaderData" id="SubHeaderData" class="hidden" aria-hidden="true">
		
	<input type="hidden" name="suburb" value="" />	
	<input type="hidden" name="postcode" value="" />
	<input type="hidden" name="state" value="" />	
	
</form>



<div id="statusBarContainer">
	<ul id="statusBar" class="rounded grad-aqua1">
		
		
						<li id="statusGuest">
							<p><a role="button" href="#localisation" class="btn-grey-dbl popup-launch action-localise"  title="Tell us your location and get started!">Tell us your location and get started!</a></p>
						</li>
					

<li id="statusItems" class="grad-aqua2" data-refresh="{refreshNode:'statusBar',refreshId:'miniShopCart',storeId:'10601',urlLangId:'-1',catalogId:'10576', orderId:''}">
    
    <div id="statusItemsContent">
		
				<div class="title">No items:</div>
				<div class="statusItemsIcon"></div>
				<p>Your trolley is empty</p>
				
				<input id="lpCartQuantity" type="hidden" value="0" />
				
	</div>
	<p>
		
	    <a href="#" id="viewTrolley" class="arrow action-show-viewTrolley" title="View trolley">View trolley</a>
	    
	</p>
</li>
<li id="statusItemsAdding" class="hidden" aria-hidden="true" data-refresh="{refreshNode:'statusBar',refreshId:'miniShopCart',storeId:'10601',urlLangId:'-1',catalogId:'10576',orderId:''}">
	<div class="statusItemsIcon"></div>
	<div class="loader">
		<div class="title">Adding to trolley</div>
	</div>
</li>
<li id="statusTotal" class="grad-aqua3" data-refresh="{refreshNode:'statusBar',refreshId:'miniShopCart',storeId:'10601',urlLangId:'-1',catalogId:'10576',orderId:''}">
	<div class="title">Total:</div>
	
			<p id="price" class="currency">
				<span>$</span>0.00
			</p>
			
			<input id="lpCartTotal" type="hidden" value="0" />	
			
</li>
<li id="statusCheckout" class="rounded grad-aqua3" data-refresh="{refreshNode:'statusBar',refreshId:'miniShopCart',storeId:'10601',urlLangId:'-1',catalogId:'10576',orderId:''}">
	<p>
		<a role="button" href="https://shop.coles.com.au/online/TraditionalAjaxShippingDetailsURL?cmdStoreId=10401&amp;channel=BeginDesktopCheckout&amp;calculationUsageId=-1&amp;calculationUsageId=-7&amp;updatePrices=1&amp;catalogId=10576&amp;errorViewName=TraditionalAjaxShippingDetailsURL&amp;orderId=&amp;langId=-1&amp;storeId=10601&amp;flow=BeginCheckout&amp;doPrice=N&amp;URL=TraditionalAjaxShippingDetailsURL" class="btn-grey-dbl" id="ribbonCheckout" title=""><span>Go to checkout</span></a>
	</p>
	<div class="clear"></div>
</li>

<li id="LiStatusItemsMU" class="hidden" data-refresh="{refreshNode:'statusBar',refreshId:'miniShopCart',storeId:'10601',urlLangId:'-1',catalogId:'10576',orderId:''}">
	<div id="statusItemsMU">
		
	</div>
</li>

<li id="rightHandSideTrolley" class="accessibility" data-refresh="{refreshNode:'statusBar',refreshId:'miniShopCart',storeId:'10601',urlLangId:'-1',catalogId:'10576',orderId:''}">
	<!-- TODO: The value to be given by business -->

<div id="viewTrolleyPanel" role="dialog" aria-hidden="true" tabindex="-1" class="popup pageShadow trolleyPanel slider " aria-labelledby="rhsHeader-dialog-title" style="">
	<div class="holdFocus accessibility" id="holdFocusId"><p tabindex="-1">&nbsp;</p></div>
	<div class="announceProgress accessibility" id="announceProgressId"><p tabindex="-1">&nbsp;</p></div>
	<div id="rhsHeader-dialog-title">
		<span class="accessibility">
			pop up box displayed&nbsp; Trolley
		</span>
	</div>
	<div role="presentation" aria-hidden="true" class="trolleyTab-rhs">
		<a role="button" href="#viewTrolleyPanel"  class="popup-close">
			trolley
		</a>		
	</div>
	 
	
		<div class="trolleyWrapper">
			<div id="viewTrolleyHeaderData" class="trolleyHeaderWrapper" >
				<div class="trolleyHeader">
					<div id="rhsHeader" class="thcolumn-1">
						<div class="accessibility" id="trolleyDialogHeader"><p tabindex="-1">&nbsp;</p></div>
						<h2 tabIndex="0" class="dialogbox-start init-focus">Trolley</h2>
					</div>
					<div class="thcolumn-2">
						<p>	
							<br/>
							<span class="nItems">0 items</span>
							<span class="accessibility"> in your trolley</span>
						</p>				
					</div>
					<div class="thcolumn-3">
						<br />
						<a id="rhsClose" class="xTrolley popup-close" href="#viewTrolleyPanel">Close 
							<span class="accessibility"> this pop up dialog box</span>
						</a>
					</div>
				</div>
			</div>
			<div class="emptyTrolleyWrapper"> 
				<div id="emptyTrolley" tabIndex="-1" class="emptyTrolley">
					<div class="emptyTrolleyInner">						
						<h3><span class="spriteicons trolleyIcon"></span>Your trolley is empty</h3>
						<span class="accessibility"></span>
						<a href="#viewTrolleyPanel" class="popup-close">Start shopping<span class="accessibility"></span></a>
					</div>
				</div>
			</div>	
		</div>
	
	<div class="dialogbox-end" tabIndex="0">
    	<span class="accessibility">end of pop up dialog box</span>
    </div>
 </div>
 
    <div role="presentation" aria-hidden="true" class="trolleyTab">
		<a role="button" href="#" id="viewTrolleyTab" tabindex="-1" class="action-show-viewTrolley">
			trolley
		</a>		
	</div>
</li>

	</ul>
</div>

	</div>
    <div class="headerBottom"><div class="pageBottom"><div></div></div></div>
</div>

		<div id="MessageArea" class="globalMessageArea" data-urls="{contactUsURL: 'http://shop.coles.com.au/online/national/contact-us', startShoppingURL: 'http://shop.coles.com.au/online/national', clickAndCollectURL: 'http://shop.coles.com.au/online/national/info/click-collect-locations'}">
			
		</div>
	
<div id="compare" class="panel hidden">
	<div class="compareZone clearfix" style="display: none;">
		

<div data-refresh="{refreshId: 'compareZone', catalogId: '10576', storeId: '10601', langId: '-1'}">
	

	<div class="compareContent">
		<div class="close"><a href="#" class="linotype" title="Return to shopping">Close</a></div>
		
	</div>
</div>

	</div>
	<div class="compareShadow"></div>
	<a href="#" class="panelTab grad-aqua1" title="Show/hide the product comparison panel"><span>Compare Products <span class="counter">0</span></span></a>
</div>

				<div id="contentPane" class="clearfix">
					 

<div id="searchDisplay" class="" data-refresh="{refreshId:'searchView', productView:'list', orderBy:'10601_6', beginIndex:'0', pageSize:'20', storeId:'10601', catalogId:'10576', categoryId:'25573',topcategoryId:'',browseView:'true'}">
	
	<div id="pageHead" class="clearfix">
		

<div class="floatLeft">
<ul class="breadcrumb">
    
    <li><a href="http://shop.coles.com.au/online/national" title="Navigate to the homepage">Home</a> <span>&rarr;</span></li>
    
                                                <li>Pantry</li>
                                            
</ul>
</div>
<div class="clear"></div>

		<div class="floatLeft">
			<h1 id="page-heading">
    			Pantry

			</h1>
		</div>
	
			<div class="floatRight pageInfoRight">
				<label for="orderBy" class="label">Sort by:</label>
				<div class="sortOrder rounded">
					<select id="orderBy" title="Product sort order" name="orderBy">
						<option  selected="selected"  value="10601_6">Top products</option>
						<option  value="10601_5">Specials first</option>
						<option  value="10601_3">Lowest price first</option>
						<option  value="10601_4">Lowest unit price first</option>
						<option  value="1">A-Z (Brand)</option>
						<option  value="2">A-Z (Product Name)</option>
					</select>
				</div>
				
                 
				<ul id="productView">
					<li class="grid viewSwitcher" data-view="grid">
						<a href="#" title="Display products in grid view" >
							<span class="viewInfo ir">Switch to grid view</span>
						</a>
					</li>
					<li class="list viewSwitcher" data-view="list">
						<a href="#" title="Display products in list view" class="selected">
							<span class="viewInfo ir">Switch to list view</span>
						</a>
					</li>
					<li class="text viewSwitcher" data-view="text">
						<a href="#" title="Display products in text view" >
							<span class="viewInfo ir">Switch to text view</span>
						</a>
					</li>
				</ul>
			</div>
		
	</div>

	<div class="messageArea"></div>
	
	
	<div class="localisation-disclaimer msg-warning hidden">
		Prices and range may differ from region to region. <a href="#localisation" class="popup-launch" title="Tell us your location to see your local prices">Tell us your location to see your local prices</a>	
	</div>
	
			<div class="layout-20-80 clearfix">
				<div class="column-1">
					
<div class="plain-box">
	
	
	<h2 class="keywords">Narrow your search:</h2>
	<ul id="keywords" role="presentation">
		<li ><a href="http://shop.coles.com.au/online/SearchDisplay?multiSearch=&amp;showResultsPage=true&amp;langId=-1&amp;beginIndex=0&amp;sType=SimpleSearch&amp;browseView=true&amp;pageSize=20&amp;resultCatEntryType=&amp;catalogId=10576&amp;pageView=image&amp;urlLangId=-1&amp;categoryId=25573&amp;storeId=10601" title="Reset all">Reset all</a></li>
		<li>
			<ul role="presentation">
			
		<li role="presentation">
			<h3>Category</h3>
			
					<a class="1" href="http://shop.coles.com.au/online/SearchDisplay?multiSearch=&amp;showResultsPage=true&amp;langId=-1&amp;beginIndex=0&amp;sType=SimpleSearch&amp;browseView=true&amp;pageSize=20&amp;resultCatEntryType=&amp;catalogId=10576&amp;pageView=image&amp;urlLangId=-1&amp;categoryId=25573&amp;storeId=10601" name="type-Category" title=""><span class="cat-facet">Show all</span>&nbsp;<span role="presentation" aria-hidden="true" class="cat-count">(6307)</span><span class="cat-count accessibility">(6307items)</span></a>
				
  			<ul>
	     		
							<li >
								
										<a href="http://shop.coles.com.au/online/SearchDisplay?searchTermScope=&amp;multiSearch=&amp;searchType=2&amp;maxPrice=&amp;showResultsPage=true&amp;langId=-1&amp;beginIndex=0&amp;sType=SimpleSearch&amp;browseView=true&amp;metaData=&amp;manufacturer=&amp;resultCatEntryType=&amp;catalogId=10576&amp;pageView=image&amp;minPrice=&amp;urlLangId=-1&amp;categoryId=1257051&amp;storeId=10601" name="type-Category" title=""><span class="cat-facet">Local Foods</span>&nbsp;<span role="presentation" aria-hidden="true" class="cat-count">(17)</span><span class="cat-count accessibility">(17items)</span></a>
									
							</li>
			     		
							<li >
								
										<a href="http://shop.coles.com.au/online/SearchDisplay?searchTermScope=&amp;multiSearch=&amp;searchType=2&amp;maxPrice=&amp;showResultsPage=true&amp;langId=-1&amp;beginIndex=0&amp;sType=SimpleSearch&amp;browseView=true&amp;metaData=&amp;manufacturer=&amp;resultCatEntryType=&amp;catalogId=10576&amp;pageView=image&amp;minPrice=&amp;urlLangId=-1&amp;categoryId=1257065&amp;storeId=10601" name="type-Category" title=""><span class="cat-facet">Cereal &amp; Health Foods</span>&nbsp;<span role="presentation" aria-hidden="true" class="cat-count">(5)</span><span class="cat-count accessibility">(5items)</span></a>
									
							</li>
			     		
							<li >
								
										<a href="http://shop.coles.com.au/online/SearchDisplay?searchTermScope=&amp;multiSearch=&amp;searchType=2&amp;maxPrice=&amp;showResultsPage=true&amp;langId=-1&amp;beginIndex=0&amp;sType=SimpleSearch&amp;browseView=true&amp;metaData=&amp;manufacturer=&amp;resultCatEntryType=&amp;catalogId=10576&amp;pageView=image&amp;minPrice=&amp;urlLangId=-1&amp;categoryId=1257101&amp;storeId=10601" name="type-Category" title=""><span class="cat-facet">Pantry Local Foods</span>&nbsp;<span role="presentation" aria-hidden="true" class="cat-count">(7)</span><span class="cat-count accessibility">(7items)</span></a>
									
							</li>
			     		
							<li >
								
										<a href="http://shop.coles.com.au/online/SearchDisplay?searchTermScope=&amp;multiSearch=&amp;searchType=2&amp;maxPrice=&amp;showResultsPage=true&amp;langId=-1&amp;beginIndex=0&amp;sType=SimpleSearch&amp;browseView=true&amp;metaData=&amp;manufacturer=&amp;resultCatEntryType=&amp;catalogId=10576&amp;pageView=image&amp;minPrice=&amp;urlLangId=-1&amp;categoryId=1257115&amp;storeId=10601" name="type-Category" title=""><span class="cat-facet">Local Snacks &amp; Drinks</span>&nbsp;<span role="presentation" aria-hidden="true" class="cat-count">(5)</span><span class="cat-count accessibility">(5items)</span></a>
									
							</li>
			     		
							<li >
								
										<a href="http://shop.coles.com.au/online/SearchDisplay?searchTermScope=&amp;multiSearch=&amp;searchType=2&amp;maxPrice=&amp;showResultsPage=true&amp;langId=-1&amp;beginIndex=0&amp;sType=SimpleSearch&amp;browseView=true&amp;metaData=&amp;manufacturer=&amp;resultCatEntryType=&amp;catalogId=10576&amp;pageView=image&amp;minPrice=&amp;urlLangId=-1&amp;categoryId=1553563&amp;storeId=10601" name="type-Category" title=""><span class="cat-facet">Recipe &amp; Meal Bases</span>&nbsp;<span role="presentation" aria-hidden="true" class="cat-count">(239)</span><span class="cat-count accessibility">(239items)</span></a>
									
							</li>
			     		
							<li >
								
										<a href="http://shop.coles.com.au/online/SearchDisplay?searchTermScope=&amp;multiSearch=&amp;searchType=2&amp;maxPrice=&amp;showResultsPage=true&amp;langId=-1&amp;beginIndex=0&amp;sType=SimpleSearch&amp;browseView=true&amp;metaData=&amp;manufacturer=&amp;resultCatEntryType=&amp;catalogId=10576&amp;pageView=image&amp;minPrice=&amp;urlLangId=-1&amp;categoryId=1553575&amp;storeId=10601" name="type-Category" title=""><span class="cat-facet">Mustard</span>&nbsp;<span role="presentation" aria-hidden="true" class="cat-count">(20)</span><span class="cat-count accessibility">(20items)</span></a>
									
							</li>
			     		
							<li >
								
										<a href="http://shop.coles.com.au/online/SearchDisplay?searchTermScope=&amp;multiSearch=&amp;searchType=2&amp;maxPrice=&amp;showResultsPage=true&amp;langId=-1&amp;beginIndex=0&amp;sType=SimpleSearch&amp;browseView=true&amp;metaData=&amp;manufacturer=&amp;resultCatEntryType=&amp;catalogId=10576&amp;pageView=image&amp;minPrice=&amp;urlLangId=-1&amp;categoryId=241525&amp;storeId=10601" name="type-Category" title=""><span class="cat-facet">Medicated Lozenges</span>&nbsp;<span role="presentation" aria-hidden="true" class="cat-count">(33)</span><span class="cat-count accessibility">(33items)</span></a>
									
							</li>
			     		
							<li >
								
										<a href="http://shop.coles.com.au/online/SearchDisplay?searchTermScope=&amp;multiSearch=&amp;searchType=2&amp;maxPrice=&amp;showResultsPage=true&amp;langId=-1&amp;beginIndex=0&amp;sType=SimpleSearch&amp;browseView=true&amp;metaData=&amp;manufacturer=&amp;resultCatEntryType=&amp;catalogId=10576&amp;pageView=image&amp;minPrice=&amp;urlLangId=-1&amp;categoryId=25835&amp;storeId=10601" name="type-Category" title=""><span class="cat-facet">Breakfast</span>&nbsp;<span role="presentation" aria-hidden="true" class="cat-count">(360)</span><span class="cat-count accessibility">(360items)</span></a>
									
							</li>
			     		
							<li >
								
										<a href="http://shop.coles.com.au/online/SearchDisplay?searchTermScope=&amp;multiSearch=&amp;searchType=2&amp;maxPrice=&amp;showResultsPage=true&amp;langId=-1&amp;beginIndex=0&amp;sType=SimpleSearch&amp;browseView=true&amp;metaData=&amp;manufacturer=&amp;resultCatEntryType=&amp;catalogId=10576&amp;pageView=image&amp;minPrice=&amp;urlLangId=-1&amp;categoryId=25857&amp;storeId=10601" name="type-Category" title=""><span class="cat-facet">Oils &amp; Vinegars</span>&nbsp;<span role="presentation" aria-hidden="true" class="cat-count">(138)</span><span class="cat-count accessibility">(138items)</span></a>
									
							</li>
			     		
							<li >
								
										<a href="http://shop.coles.com.au/online/SearchDisplay?searchTermScope=&amp;multiSearch=&amp;searchType=2&amp;maxPrice=&amp;showResultsPage=true&amp;langId=-1&amp;beginIndex=0&amp;sType=SimpleSearch&amp;browseView=true&amp;metaData=&amp;manufacturer=&amp;resultCatEntryType=&amp;catalogId=10576&amp;pageView=image&amp;minPrice=&amp;urlLangId=-1&amp;categoryId=25927&amp;storeId=10601" name="type-Category" title=""><span class="cat-facet">Sauces</span>&nbsp;<span role="presentation" aria-hidden="true" class="cat-count">(628)</span><span class="cat-count accessibility">(628items)</span></a>
									
							</li>
			     		
				<li><a href="#" class="more" data-hidden-facets='{"type":"Category","facets":[{"url":"http://shop.coles.com.au/online/SearchDisplay?searchTermScope=&amp;multiSearch=&amp;searchType=2&amp;maxPrice=&amp;showResultsPage=true&amp;langId=-1&amp;beginIndex=0&amp;sType=SimpleSearch&amp;browseView=true&amp;metaData=&amp;manufacturer=&amp;resultCatEntryType=&amp;catalogId=10576&amp;pageView=image&amp;minPrice=&amp;urlLangId=-1&amp;categoryId=25953&amp;storeId=10601","name":"Canned Foods, Soups &amp; Noodles","count":"960","className":""},{"url":"http://shop.coles.com.au/online/SearchDisplay?searchTermScope=&amp;multiSearch=&amp;searchType=2&amp;maxPrice=&amp;showResultsPage=true&amp;langId=-1&amp;beginIndex=0&amp;sType=SimpleSearch&amp;browseView=true&amp;metaData=&amp;manufacturer=&amp;resultCatEntryType=&amp;catalogId=10576&amp;pageView=image&amp;minPrice=&amp;urlLangId=-1&amp;categoryId=25954&amp;storeId=10601","name":"Tea &amp; Coffee","count":"472","className":""},{"url":"http://shop.coles.com.au/online/SearchDisplay?searchTermScope=&amp;multiSearch=&amp;searchType=2&amp;maxPrice=&amp;showResultsPage=true&amp;langId=-1&amp;beginIndex=0&amp;sType=SimpleSearch&amp;browseView=true&amp;metaData=&amp;manufacturer=&amp;resultCatEntryType=&amp;catalogId=10576&amp;pageView=image&amp;minPrice=&amp;urlLangId=-1&amp;categoryId=25975&amp;storeId=10601","name":"Pasta, Rice, Grains","count":"357","className":""},{"url":"http://shop.coles.com.au/online/SearchDisplay?searchTermScope=&amp;multiSearch=&amp;searchType=2&amp;maxPrice=&amp;showResultsPage=true&amp;langId=-1&amp;beginIndex=0&amp;sType=SimpleSearch&amp;browseView=true&amp;metaData=&amp;manufacturer=&amp;resultCatEntryType=&amp;catalogId=10576&amp;pageView=image&amp;minPrice=&amp;urlLangId=-1&amp;categoryId=25980&amp;storeId=10601","name":"Confectionery","count":"615","className":""},{"url":"http://shop.coles.com.au/online/SearchDisplay?searchTermScope=&amp;multiSearch=&amp;searchType=2&amp;maxPrice=&amp;showResultsPage=true&amp;langId=-1&amp;beginIndex=0&amp;sType=SimpleSearch&amp;browseView=true&amp;metaData=&amp;manufacturer=&amp;resultCatEntryType=&amp;catalogId=10576&amp;pageView=image&amp;minPrice=&amp;urlLangId=-1&amp;categoryId=25982&amp;storeId=10601","name":"Condiments","count":"564","className":""},{"url":"http://shop.coles.com.au/online/SearchDisplay?searchTermScope=&amp;multiSearch=&amp;searchType=2&amp;maxPrice=&amp;showResultsPage=true&amp;langId=-1&amp;beginIndex=0&amp;sType=SimpleSearch&amp;browseView=true&amp;metaData=&amp;manufacturer=&amp;resultCatEntryType=&amp;catalogId=10576&amp;pageView=image&amp;minPrice=&amp;urlLangId=-1&amp;categoryId=25987&amp;storeId=10601","name":"Baking","count":"619","className":""},{"url":"http://shop.coles.com.au/online/SearchDisplay?searchTermScope=&amp;multiSearch=&amp;searchType=2&amp;maxPrice=&amp;showResultsPage=true&amp;langId=-1&amp;beginIndex=0&amp;sType=SimpleSearch&amp;browseView=true&amp;metaData=&amp;manufacturer=&amp;resultCatEntryType=&amp;catalogId=10576&amp;pageView=image&amp;minPrice=&amp;urlLangId=-1&amp;categoryId=25990&amp;storeId=10601","name":"Stocks &amp; Gravy","count":"113","className":""},{"url":"http://shop.coles.com.au/online/SearchDisplay?searchTermScope=&amp;multiSearch=&amp;searchType=2&amp;maxPrice=&amp;showResultsPage=true&amp;langId=-1&amp;beginIndex=0&amp;sType=SimpleSearch&amp;browseView=true&amp;metaData=&amp;manufacturer=&amp;resultCatEntryType=&amp;catalogId=10576&amp;pageView=image&amp;minPrice=&amp;urlLangId=-1&amp;categoryId=25991&amp;storeId=10601","name":"Snacks","count":"1179","className":""},{"url":"http://shop.coles.com.au/online/SearchDisplay?searchTermScope=&amp;multiSearch=&amp;searchType=2&amp;maxPrice=&amp;showResultsPage=true&amp;langId=-1&amp;beginIndex=0&amp;sType=SimpleSearch&amp;browseView=true&amp;metaData=&amp;manufacturer=&amp;resultCatEntryType=&amp;catalogId=10576&amp;pageView=image&amp;minPrice=&amp;urlLangId=-1&amp;categoryId=25992&amp;storeId=10601","name":"Herbs &amp; Spices","count":"530","className":""},{"url":"http://shop.coles.com.au/online/SearchDisplay?searchTermScope=&amp;multiSearch=&amp;searchType=2&amp;maxPrice=&amp;showResultsPage=true&amp;langId=-1&amp;beginIndex=0&amp;sType=SimpleSearch&amp;browseView=true&amp;metaData=&amp;manufacturer=&amp;resultCatEntryType=&amp;catalogId=10576&amp;pageView=image&amp;minPrice=&amp;urlLangId=-1&amp;categoryId=26685&amp;storeId=10601","name":"Fish/Seafood","count":"197","className":""},{"url":"http://shop.coles.com.au/online/SearchDisplay?searchTermScope=&amp;multiSearch=&amp;searchType=2&amp;maxPrice=&amp;showResultsPage=true&amp;langId=-1&amp;beginIndex=0&amp;sType=SimpleSearch&amp;browseView=true&amp;metaData=&amp;manufacturer=&amp;resultCatEntryType=&amp;catalogId=10576&amp;pageView=image&amp;minPrice=&amp;urlLangId=-1&amp;categoryId=27329&amp;storeId=10601","name":"Jelly","count":"40","className":""},{"url":"http://shop.coles.com.au/online/SearchDisplay?searchTermScope=&amp;multiSearch=&amp;searchType=2&amp;maxPrice=&amp;showResultsPage=true&amp;langId=-1&amp;beginIndex=0&amp;sType=SimpleSearch&amp;browseView=true&amp;metaData=&amp;manufacturer=&amp;resultCatEntryType=&amp;catalogId=10576&amp;pageView=image&amp;minPrice=&amp;urlLangId=-1&amp;categoryId=27385&amp;storeId=10601","name":"Flour","count":"118","className":""},{"url":"http://shop.coles.com.au/online/SearchDisplay?searchTermScope=&amp;multiSearch=&amp;searchType=2&amp;maxPrice=&amp;showResultsPage=true&amp;langId=-1&amp;beginIndex=0&amp;sType=SimpleSearch&amp;browseView=true&amp;metaData=&amp;manufacturer=&amp;resultCatEntryType=&amp;catalogId=10576&amp;pageView=image&amp;minPrice=&amp;urlLangId=-1&amp;categoryId=27440&amp;storeId=10601","name":"Jams &amp; Spreads","count":"225","className":""},{"url":"http://shop.coles.com.au/online/SearchDisplay?searchTermScope=&amp;multiSearch=&amp;searchType=2&amp;maxPrice=&amp;showResultsPage=true&amp;langId=-1&amp;beginIndex=0&amp;sType=SimpleSearch&amp;browseView=true&amp;metaData=&amp;manufacturer=&amp;resultCatEntryType=&amp;catalogId=10576&amp;pageView=image&amp;minPrice=&amp;urlLangId=-1&amp;categoryId=27489&amp;storeId=10601","name":"Canned Beans &amp; Legumes","count":"33","className":""},{"url":"http://shop.coles.com.au/online/SearchDisplay?searchTermScope=&amp;multiSearch=&amp;searchType=2&amp;maxPrice=&amp;showResultsPage=true&amp;langId=-1&amp;beginIndex=0&amp;sType=SimpleSearch&amp;browseView=true&amp;metaData=&amp;manufacturer=&amp;resultCatEntryType=&amp;catalogId=10576&amp;pageView=image&amp;minPrice=&amp;urlLangId=-1&amp;categoryId=27642&amp;storeId=10601","name":"Cereals","count":"353","className":""},{"url":"http://shop.coles.com.au/online/SearchDisplay?searchTermScope=&amp;multiSearch=&amp;searchType=2&amp;maxPrice=&amp;showResultsPage=true&amp;langId=-1&amp;beginIndex=0&amp;sType=SimpleSearch&amp;browseView=true&amp;metaData=&amp;manufacturer=&amp;resultCatEntryType=&amp;catalogId=10576&amp;pageView=image&amp;minPrice=&amp;urlLangId=-1&amp;categoryId=27660&amp;storeId=10601","name":"Muesli &amp; Snack Bars","count":"403","className":""},{"url":"http://shop.coles.com.au/online/SearchDisplay?searchTermScope=&amp;multiSearch=&amp;searchType=2&amp;maxPrice=&amp;showResultsPage=true&amp;langId=-1&amp;beginIndex=0&amp;sType=SimpleSearch&amp;browseView=true&amp;metaData=&amp;manufacturer=&amp;resultCatEntryType=&amp;catalogId=10576&amp;pageView=image&amp;minPrice=&amp;urlLangId=-1&amp;categoryId=27665&amp;storeId=10601","name":"Rice &amp; Corn Snacks","count":"74","className":""},{"url":"http://shop.coles.com.au/online/SearchDisplay?searchTermScope=&amp;multiSearch=&amp;searchType=2&amp;maxPrice=&amp;showResultsPage=true&amp;langId=-1&amp;beginIndex=0&amp;sType=SimpleSearch&amp;browseView=true&amp;metaData=&amp;manufacturer=&amp;resultCatEntryType=&amp;catalogId=10576&amp;pageView=image&amp;minPrice=&amp;urlLangId=-1&amp;categoryId=27682&amp;storeId=10601","name":"Dry Stock","count":"17","className":""},{"url":"http://shop.coles.com.au/online/SearchDisplay?searchTermScope=&amp;multiSearch=&amp;searchType=2&amp;maxPrice=&amp;showResultsPage=true&amp;langId=-1&amp;beginIndex=0&amp;sType=SimpleSearch&amp;browseView=true&amp;metaData=&amp;manufacturer=&amp;resultCatEntryType=&amp;catalogId=10576&amp;pageView=image&amp;minPrice=&amp;urlLangId=-1&amp;categoryId=27727&amp;storeId=10601","name":"Tea","count":"237","className":""},{"url":"http://shop.coles.com.au/online/SearchDisplay?searchTermScope=&amp;multiSearch=&amp;searchType=2&amp;maxPrice=&amp;showResultsPage=true&amp;langId=-1&amp;beginIndex=0&amp;sType=SimpleSearch&amp;browseView=true&amp;metaData=&amp;manufacturer=&amp;resultCatEntryType=&amp;catalogId=10576&amp;pageView=image&amp;minPrice=&amp;urlLangId=-1&amp;categoryId=27895&amp;storeId=10601","name":"Corn Chips &amp; Salsa","count":"22","className":""},{"url":"http://shop.coles.com.au/online/SearchDisplay?searchTermScope=&amp;multiSearch=&amp;searchType=2&amp;maxPrice=&amp;showResultsPage=true&amp;langId=-1&amp;beginIndex=0&amp;sType=SimpleSearch&amp;browseView=true&amp;metaData=&amp;manufacturer=&amp;resultCatEntryType=&amp;catalogId=10576&amp;pageView=image&amp;minPrice=&amp;urlLangId=-1&amp;categoryId=27897&amp;storeId=10601","name":"Pretzels &amp; Other Snacks","count":"55","className":""},{"url":"http://shop.coles.com.au/online/SearchDisplay?searchTermScope=&amp;multiSearch=&amp;searchType=2&amp;maxPrice=&amp;showResultsPage=true&amp;langId=-1&amp;beginIndex=0&amp;sType=SimpleSearch&amp;browseView=true&amp;metaData=&amp;manufacturer=&amp;resultCatEntryType=&amp;catalogId=10576&amp;pageView=image&amp;minPrice=&amp;urlLangId=-1&amp;categoryId=27898&amp;storeId=10601","name":"Nuts &amp; Trail Mix","count":"102","className":""},{"url":"http://shop.coles.com.au/online/SearchDisplay?searchTermScope=&amp;multiSearch=&amp;searchType=2&amp;maxPrice=&amp;showResultsPage=true&amp;langId=-1&amp;beginIndex=0&amp;sType=SimpleSearch&amp;browseView=true&amp;metaData=&amp;manufacturer=&amp;resultCatEntryType=&amp;catalogId=10576&amp;pageView=image&amp;minPrice=&amp;urlLangId=-1&amp;categoryId=27913&amp;storeId=10601","name":"Cake &amp; Bread Mixes","count":"116","className":""},{"url":"http://shop.coles.com.au/online/SearchDisplay?searchTermScope=&amp;multiSearch=&amp;searchType=2&amp;maxPrice=&amp;showResultsPage=true&amp;langId=-1&amp;beginIndex=0&amp;sType=SimpleSearch&amp;browseView=true&amp;metaData=&amp;manufacturer=&amp;resultCatEntryType=&amp;catalogId=10576&amp;pageView=image&amp;minPrice=&amp;urlLangId=-1&amp;categoryId=27914&amp;storeId=10601","name":"Mayonnaise","count":"44","className":""},{"url":"http://shop.coles.com.au/online/SearchDisplay?searchTermScope=&amp;multiSearch=&amp;searchType=2&amp;maxPrice=&amp;showResultsPage=true&amp;langId=-1&amp;beginIndex=0&amp;sType=SimpleSearch&amp;browseView=true&amp;metaData=&amp;manufacturer=&amp;resultCatEntryType=&amp;catalogId=10576&amp;pageView=image&amp;minPrice=&amp;urlLangId=-1&amp;categoryId=27917&amp;storeId=10601","name":"Honey","count":"35","className":""},{"url":"http://shop.coles.com.au/online/SearchDisplay?searchTermScope=&amp;multiSearch=&amp;searchType=2&amp;maxPrice=&amp;showResultsPage=true&amp;langId=-1&amp;beginIndex=0&amp;sType=SimpleSearch&amp;browseView=true&amp;metaData=&amp;manufacturer=&amp;resultCatEntryType=&amp;catalogId=10576&amp;pageView=image&amp;minPrice=&amp;urlLangId=-1&amp;categoryId=27918&amp;storeId=10601","name":"Tomato &amp; BBQ","count":"47","className":""},{"url":"http://shop.coles.com.au/online/SearchDisplay?searchTermScope=&amp;multiSearch=&amp;searchType=2&amp;maxPrice=&amp;showResultsPage=true&amp;langId=-1&amp;beginIndex=0&amp;sType=SimpleSearch&amp;browseView=true&amp;metaData=&amp;manufacturer=&amp;resultCatEntryType=&amp;catalogId=10576&amp;pageView=image&amp;minPrice=&amp;urlLangId=-1&amp;categoryId=27922&amp;storeId=10601","name":"Rice","count":"111","className":""},{"url":"http://shop.coles.com.au/online/SearchDisplay?searchTermScope=&amp;multiSearch=&amp;searchType=2&amp;maxPrice=&amp;showResultsPage=true&amp;langId=-1&amp;beginIndex=0&amp;sType=SimpleSearch&amp;browseView=true&amp;metaData=&amp;manufacturer=&amp;resultCatEntryType=&amp;catalogId=10576&amp;pageView=image&amp;minPrice=&amp;urlLangId=-1&amp;categoryId=27925&amp;storeId=10601","name":"Beans &amp; Legumes","count":"33","className":""},{"url":"http://shop.coles.com.au/online/SearchDisplay?searchTermScope=&amp;multiSearch=&amp;searchType=2&amp;maxPrice=&amp;showResultsPage=true&amp;langId=-1&amp;beginIndex=0&amp;sType=SimpleSearch&amp;browseView=true&amp;metaData=&amp;manufacturer=&amp;resultCatEntryType=&amp;catalogId=10576&amp;pageView=image&amp;minPrice=&amp;urlLangId=-1&amp;categoryId=27982&amp;storeId=10601","name":"Soups","count":"213","className":""},{"url":"http://shop.coles.com.au/online/SearchDisplay?searchTermScope=&amp;multiSearch=&amp;searchType=2&amp;maxPrice=&amp;showResultsPage=true&amp;langId=-1&amp;beginIndex=0&amp;sType=SimpleSearch&amp;browseView=true&amp;metaData=&amp;manufacturer=&amp;resultCatEntryType=&amp;catalogId=10576&amp;pageView=image&amp;minPrice=&amp;urlLangId=-1&amp;categoryId=27984&amp;storeId=10601","name":"Filters &amp; Accessories","count":"3","className":""},{"url":"http://shop.coles.com.au/online/SearchDisplay?searchTermScope=&amp;multiSearch=&amp;searchType=2&amp;maxPrice=&amp;showResultsPage=true&amp;langId=-1&amp;beginIndex=0&amp;sType=SimpleSearch&amp;browseView=true&amp;metaData=&amp;manufacturer=&amp;resultCatEntryType=&amp;catalogId=10576&amp;pageView=image&amp;minPrice=&amp;urlLangId=-1&amp;categoryId=28074&amp;storeId=10601","name":"Coffee","count":"235","className":""},{"url":"http://shop.coles.com.au/online/SearchDisplay?searchTermScope=&amp;multiSearch=&amp;searchType=2&amp;maxPrice=&amp;showResultsPage=true&amp;langId=-1&amp;beginIndex=0&amp;sType=SimpleSearch&amp;browseView=true&amp;metaData=&amp;manufacturer=&amp;resultCatEntryType=&amp;catalogId=10576&amp;pageView=image&amp;minPrice=&amp;urlLangId=-1&amp;categoryId=28100&amp;storeId=10601","name":"Instant Meals &amp; Sides","count":"112","className":""},{"url":"http://shop.coles.com.au/online/SearchDisplay?searchTermScope=&amp;multiSearch=&amp;searchType=2&amp;maxPrice=&amp;showResultsPage=true&amp;langId=-1&amp;beginIndex=0&amp;sType=SimpleSearch&amp;browseView=true&amp;metaData=&amp;manufacturer=&amp;resultCatEntryType=&amp;catalogId=10576&amp;pageView=image&amp;minPrice=&amp;urlLangId=-1&amp;categoryId=28101&amp;storeId=10601","name":"Baked Beans &amp; Spaghetti","count":"60","className":""},{"url":"http://shop.coles.com.au/online/SearchDisplay?searchTermScope=&amp;multiSearch=&amp;searchType=2&amp;maxPrice=&amp;showResultsPage=true&amp;langId=-1&amp;beginIndex=0&amp;sType=SimpleSearch&amp;browseView=true&amp;metaData=&amp;manufacturer=&amp;resultCatEntryType=&amp;catalogId=10576&amp;pageView=image&amp;minPrice=&amp;urlLangId=-1&amp;categoryId=28172&amp;storeId=10601","name":"Ice-cream Cones &amp; Toppings","count":"10","className":""},{"url":"http://shop.coles.com.au/online/SearchDisplay?searchTermScope=&amp;multiSearch=&amp;searchType=2&amp;maxPrice=&amp;showResultsPage=true&amp;langId=-1&amp;beginIndex=0&amp;sType=SimpleSearch&amp;browseView=true&amp;metaData=&amp;manufacturer=&amp;resultCatEntryType=&amp;catalogId=10576&amp;pageView=image&amp;minPrice=&amp;urlLangId=-1&amp;categoryId=28174&amp;storeId=10601","name":"Dried Herbs","count":"96","className":""},{"url":"http://shop.coles.com.au/online/SearchDisplay?searchTermScope=&amp;multiSearch=&amp;searchType=2&amp;maxPrice=&amp;showResultsPage=true&amp;langId=-1&amp;beginIndex=0&amp;sType=SimpleSearch&amp;browseView=true&amp;metaData=&amp;manufacturer=&amp;resultCatEntryType=&amp;catalogId=10576&amp;pageView=image&amp;minPrice=&amp;urlLangId=-1&amp;categoryId=28176&amp;storeId=10601","name":"Yeast &amp; Baking Agents","count":"38","className":""},{"url":"http://shop.coles.com.au/online/SearchDisplay?searchTermScope=&amp;multiSearch=&amp;searchType=2&amp;maxPrice=&amp;showResultsPage=true&amp;langId=-1&amp;beginIndex=0&amp;sType=SimpleSearch&amp;browseView=true&amp;metaData=&amp;manufacturer=&amp;resultCatEntryType=&amp;catalogId=10576&amp;pageView=image&amp;minPrice=&amp;urlLangId=-1&amp;categoryId=28177&amp;storeId=10601","name":"Dried Fruits &amp; Fillings","count":"121","className":""},{"url":"http://shop.coles.com.au/online/SearchDisplay?searchTermScope=&amp;multiSearch=&amp;searchType=2&amp;maxPrice=&amp;showResultsPage=true&amp;langId=-1&amp;beginIndex=0&amp;sType=SimpleSearch&amp;browseView=true&amp;metaData=&amp;manufacturer=&amp;resultCatEntryType=&amp;catalogId=10576&amp;pageView=image&amp;minPrice=&amp;urlLangId=-1&amp;categoryId=28178&amp;storeId=10601","name":"Cooking Chocolate &amp; Cocoa","count":"33","className":""},{"url":"http://shop.coles.com.au/online/SearchDisplay?searchTermScope=&amp;multiSearch=&amp;searchType=2&amp;maxPrice=&amp;showResultsPage=true&amp;langId=-1&amp;beginIndex=0&amp;sType=SimpleSearch&amp;browseView=true&amp;metaData=&amp;manufacturer=&amp;resultCatEntryType=&amp;catalogId=10576&amp;pageView=image&amp;minPrice=&amp;urlLangId=-1&amp;categoryId=28184&amp;storeId=10601","name":"Pizza &amp; Pasta","count":"137","className":""},{"url":"http://shop.coles.com.au/online/SearchDisplay?searchTermScope=&amp;multiSearch=&amp;searchType=2&amp;maxPrice=&amp;showResultsPage=true&amp;langId=-1&amp;beginIndex=0&amp;sType=SimpleSearch&amp;browseView=true&amp;metaData=&amp;manufacturer=&amp;resultCatEntryType=&amp;catalogId=10576&amp;pageView=image&amp;minPrice=&amp;urlLangId=-1&amp;categoryId=28185&amp;storeId=10601","name":"Sweet Chilli &amp; Hot","count":"23","className":""},{"url":"http://shop.coles.com.au/online/SearchDisplay?searchTermScope=&amp;multiSearch=&amp;searchType=2&amp;maxPrice=&amp;showResultsPage=true&amp;langId=-1&amp;beginIndex=0&amp;sType=SimpleSearch&amp;browseView=true&amp;metaData=&amp;manufacturer=&amp;resultCatEntryType=&amp;catalogId=10576&amp;pageView=image&amp;minPrice=&amp;urlLangId=-1&amp;categoryId=28187&amp;storeId=10601","name":"Noodles","count":"51","className":""},{"url":"http://shop.coles.com.au/online/SearchDisplay?searchTermScope=&amp;multiSearch=&amp;searchType=2&amp;maxPrice=&amp;showResultsPage=true&amp;langId=-1&amp;beginIndex=0&amp;sType=SimpleSearch&amp;browseView=true&amp;metaData=&amp;manufacturer=&amp;resultCatEntryType=&amp;catalogId=10576&amp;pageView=image&amp;minPrice=&amp;urlLangId=-1&amp;categoryId=28189&amp;storeId=10601","name":"Canned Vegetables","count":"147","className":""},{"url":"http://shop.coles.com.au/online/SearchDisplay?searchTermScope=&amp;multiSearch=&amp;searchType=2&amp;maxPrice=&amp;showResultsPage=true&amp;langId=-1&amp;beginIndex=0&amp;sType=SimpleSearch&amp;browseView=true&amp;metaData=&amp;manufacturer=&amp;resultCatEntryType=&amp;catalogId=10576&amp;pageView=image&amp;minPrice=&amp;urlLangId=-1&amp;categoryId=28218&amp;storeId=10601","name":"Potato Chips","count":"125","className":""},{"url":"http://shop.coles.com.au/online/SearchDisplay?searchTermScope=&amp;multiSearch=&amp;searchType=2&amp;maxPrice=&amp;showResultsPage=true&amp;langId=-1&amp;beginIndex=0&amp;sType=SimpleSearch&amp;browseView=true&amp;metaData=&amp;manufacturer=&amp;resultCatEntryType=&amp;catalogId=10576&amp;pageView=image&amp;minPrice=&amp;urlLangId=-1&amp;categoryId=28220&amp;storeId=10601","name":"Dairy Snacks","count":"42","className":""},{"url":"http://shop.coles.com.au/online/SearchDisplay?searchTermScope=&amp;multiSearch=&amp;searchType=2&amp;maxPrice=&amp;showResultsPage=true&amp;langId=-1&amp;beginIndex=0&amp;sType=SimpleSearch&amp;browseView=true&amp;metaData=&amp;manufacturer=&amp;resultCatEntryType=&amp;catalogId=10576&amp;pageView=image&amp;minPrice=&amp;urlLangId=-1&amp;categoryId=28228&amp;storeId=10601","name":"Pancake &amp; Dessert Mixes","count":"34","className":""},{"url":"http://shop.coles.com.au/online/SearchDisplay?searchTermScope=&amp;multiSearch=&amp;searchType=2&amp;maxPrice=&amp;showResultsPage=true&amp;langId=-1&amp;beginIndex=0&amp;sType=SimpleSearch&amp;browseView=true&amp;metaData=&amp;manufacturer=&amp;resultCatEntryType=&amp;catalogId=10576&amp;pageView=image&amp;minPrice=&amp;urlLangId=-1&amp;categoryId=28230&amp;storeId=10601","name":"Soy &amp; Asian","count":"76","className":""},{"url":"http://shop.coles.com.au/online/SearchDisplay?searchTermScope=&amp;multiSearch=&amp;searchType=2&amp;maxPrice=&amp;showResultsPage=true&amp;langId=-1&amp;beginIndex=0&amp;sType=SimpleSearch&amp;browseView=true&amp;metaData=&amp;manufacturer=&amp;resultCatEntryType=&amp;catalogId=10576&amp;pageView=image&amp;minPrice=&amp;urlLangId=-1&amp;categoryId=28231&amp;storeId=10601","name":"Stir-fry and Curries","count":"152","className":""},{"url":"http://shop.coles.com.au/online/SearchDisplay?searchTermScope=&amp;multiSearch=&amp;searchType=2&amp;maxPrice=&amp;showResultsPage=true&amp;langId=-1&amp;beginIndex=0&amp;sType=SimpleSearch&amp;browseView=true&amp;metaData=&amp;manufacturer=&amp;resultCatEntryType=&amp;catalogId=10576&amp;pageView=image&amp;minPrice=&amp;urlLangId=-1&amp;categoryId=28247&amp;storeId=10601","name":"Popcorn","count":"18","className":""},{"url":"http://shop.coles.com.au/online/SearchDisplay?searchTermScope=&amp;multiSearch=&amp;searchType=2&amp;maxPrice=&amp;showResultsPage=true&amp;langId=-1&amp;beginIndex=0&amp;sType=SimpleSearch&amp;browseView=true&amp;metaData=&amp;manufacturer=&amp;resultCatEntryType=&amp;catalogId=10576&amp;pageView=image&amp;minPrice=&amp;urlLangId=-1&amp;categoryId=28248&amp;storeId=10601","name":"Fruit Snacks","count":"26","className":""},{"url":"http://shop.coles.com.au/online/SearchDisplay?searchTermScope=&amp;multiSearch=&amp;searchType=2&amp;maxPrice=&amp;showResultsPage=true&amp;langId=-1&amp;beginIndex=0&amp;sType=SimpleSearch&amp;browseView=true&amp;metaData=&amp;manufacturer=&amp;resultCatEntryType=&amp;catalogId=10576&amp;pageView=image&amp;minPrice=&amp;urlLangId=-1&amp;categoryId=28249&amp;storeId=10601","name":"Gum &amp; Mints","count":"79","className":""},{"url":"http://shop.coles.com.au/online/SearchDisplay?searchTermScope=&amp;multiSearch=&amp;searchType=2&amp;maxPrice=&amp;showResultsPage=true&amp;langId=-1&amp;beginIndex=0&amp;sType=SimpleSearch&amp;browseView=true&amp;metaData=&amp;manufacturer=&amp;resultCatEntryType=&amp;catalogId=10576&amp;pageView=image&amp;minPrice=&amp;urlLangId=-1&amp;categoryId=28251&amp;storeId=10601","name":"Breadcrumbs &amp; Stuffing","count":"21","className":""},{"url":"http://shop.coles.com.au/online/SearchDisplay?searchTermScope=&amp;multiSearch=&amp;searchType=2&amp;maxPrice=&amp;showResultsPage=true&amp;langId=-1&amp;beginIndex=0&amp;sType=SimpleSearch&amp;browseView=true&amp;metaData=&amp;manufacturer=&amp;resultCatEntryType=&amp;catalogId=10576&amp;pageView=image&amp;minPrice=&amp;urlLangId=-1&amp;categoryId=28252&amp;storeId=10601","name":"Essence &amp; Food Colouring","count":"23","className":""},{"url":"http://shop.coles.com.au/online/SearchDisplay?searchTermScope=&amp;multiSearch=&amp;searchType=2&amp;maxPrice=&amp;showResultsPage=true&amp;langId=-1&amp;beginIndex=0&amp;sType=SimpleSearch&amp;browseView=true&amp;metaData=&amp;manufacturer=&amp;resultCatEntryType=&amp;catalogId=10576&amp;pageView=image&amp;minPrice=&amp;urlLangId=-1&amp;categoryId=28253&amp;storeId=10601","name":"Salad Dressings","count":"72","className":""},{"url":"http://shop.coles.com.au/online/SearchDisplay?searchTermScope=&amp;multiSearch=&amp;searchType=2&amp;maxPrice=&amp;showResultsPage=true&amp;langId=-1&amp;beginIndex=0&amp;sType=SimpleSearch&amp;browseView=true&amp;metaData=&amp;manufacturer=&amp;resultCatEntryType=&amp;catalogId=10576&amp;pageView=image&amp;minPrice=&amp;urlLangId=-1&amp;categoryId=28254&amp;storeId=10601","name":"Syrups &amp; Toppings","count":"22","className":""},{"url":"http://shop.coles.com.au/online/SearchDisplay?searchTermScope=&amp;multiSearch=&amp;searchType=2&amp;maxPrice=&amp;showResultsPage=true&amp;langId=-1&amp;beginIndex=0&amp;sType=SimpleSearch&amp;browseView=true&amp;metaData=&amp;manufacturer=&amp;resultCatEntryType=&amp;catalogId=10576&amp;pageView=image&amp;minPrice=&amp;urlLangId=-1&amp;categoryId=28255&amp;storeId=10601","name":"Dried Pasta","count":"170","className":""},{"url":"http://shop.coles.com.au/online/SearchDisplay?searchTermScope=&amp;multiSearch=&amp;searchType=2&amp;maxPrice=&amp;showResultsPage=true&amp;langId=-1&amp;beginIndex=0&amp;sType=SimpleSearch&amp;browseView=true&amp;metaData=&amp;manufacturer=&amp;resultCatEntryType=&amp;catalogId=10576&amp;pageView=image&amp;minPrice=&amp;urlLangId=-1&amp;categoryId=28272&amp;storeId=10601","name":"Biscuits &amp; Cookies","count":"206","className":""},{"url":"http://shop.coles.com.au/online/SearchDisplay?searchTermScope=&amp;multiSearch=&amp;searchType=2&amp;maxPrice=&amp;showResultsPage=true&amp;langId=-1&amp;beginIndex=0&amp;sType=SimpleSearch&amp;browseView=true&amp;metaData=&amp;manufacturer=&amp;resultCatEntryType=&amp;catalogId=10576&amp;pageView=image&amp;minPrice=&amp;urlLangId=-1&amp;categoryId=28273&amp;storeId=10601","name":"Lollies","count":"308","className":""},{"url":"http://shop.coles.com.au/online/SearchDisplay?searchTermScope=&amp;multiSearch=&amp;searchType=2&amp;maxPrice=&amp;showResultsPage=true&amp;langId=-1&amp;beginIndex=0&amp;sType=SimpleSearch&amp;browseView=true&amp;metaData=&amp;manufacturer=&amp;resultCatEntryType=&amp;catalogId=10576&amp;pageView=image&amp;minPrice=&amp;urlLangId=-1&amp;categoryId=28275&amp;storeId=10601","name":"Salt, Pepper &amp; Spices","count":"261","className":""},{"url":"http://shop.coles.com.au/online/SearchDisplay?searchTermScope=&amp;multiSearch=&amp;searchType=2&amp;maxPrice=&amp;showResultsPage=true&amp;langId=-1&amp;beginIndex=0&amp;sType=SimpleSearch&amp;browseView=true&amp;metaData=&amp;manufacturer=&amp;resultCatEntryType=&amp;catalogId=10576&amp;pageView=image&amp;minPrice=&amp;urlLangId=-1&amp;categoryId=28276&amp;storeId=10601","name":"Liquid Stock","count":"36","className":""},{"url":"http://shop.coles.com.au/online/SearchDisplay?searchTermScope=&amp;multiSearch=&amp;searchType=2&amp;maxPrice=&amp;showResultsPage=true&amp;langId=-1&amp;beginIndex=0&amp;sType=SimpleSearch&amp;browseView=true&amp;metaData=&amp;manufacturer=&amp;resultCatEntryType=&amp;catalogId=10576&amp;pageView=image&amp;minPrice=&amp;urlLangId=-1&amp;categoryId=28277&amp;storeId=10601","name":"Gravy","count":"60","className":""},{"url":"http://shop.coles.com.au/online/SearchDisplay?searchTermScope=&amp;multiSearch=&amp;searchType=2&amp;maxPrice=&amp;showResultsPage=true&amp;langId=-1&amp;beginIndex=0&amp;sType=SimpleSearch&amp;browseView=true&amp;metaData=&amp;manufacturer=&amp;resultCatEntryType=&amp;catalogId=10576&amp;pageView=image&amp;minPrice=&amp;urlLangId=-1&amp;categoryId=28278&amp;storeId=10601","name":"Cake Decorating","count":"65","className":""},{"url":"http://shop.coles.com.au/online/SearchDisplay?searchTermScope=&amp;multiSearch=&amp;searchType=2&amp;maxPrice=&amp;showResultsPage=true&amp;langId=-1&amp;beginIndex=0&amp;sType=SimpleSearch&amp;browseView=true&amp;metaData=&amp;manufacturer=&amp;resultCatEntryType=&amp;catalogId=10576&amp;pageView=image&amp;minPrice=&amp;urlLangId=-1&amp;categoryId=28279&amp;storeId=10601","name":"Fresh Pasta","count":"36","className":""},{"url":"http://shop.coles.com.au/online/SearchDisplay?searchTermScope=&amp;multiSearch=&amp;searchType=2&amp;maxPrice=&amp;showResultsPage=true&amp;langId=-1&amp;beginIndex=0&amp;sType=SimpleSearch&amp;browseView=true&amp;metaData=&amp;manufacturer=&amp;resultCatEntryType=&amp;catalogId=10576&amp;pageView=image&amp;minPrice=&amp;urlLangId=-1&amp;categoryId=28280&amp;storeId=10601","name":"Canned Meat","count":"59","className":""},{"url":"http://shop.coles.com.au/online/SearchDisplay?searchTermScope=&amp;multiSearch=&amp;searchType=2&amp;maxPrice=&amp;showResultsPage=true&amp;langId=-1&amp;beginIndex=0&amp;sType=SimpleSearch&amp;browseView=true&amp;metaData=&amp;manufacturer=&amp;resultCatEntryType=&amp;catalogId=10576&amp;pageView=image&amp;minPrice=&amp;urlLangId=-1&amp;categoryId=28293&amp;storeId=10601","name":"Breakfast Drinks","count":"31","className":""},{"url":"http://shop.coles.com.au/online/SearchDisplay?searchTermScope=&amp;multiSearch=&amp;searchType=2&amp;maxPrice=&amp;showResultsPage=true&amp;langId=-1&amp;beginIndex=0&amp;sType=SimpleSearch&amp;browseView=true&amp;metaData=&amp;manufacturer=&amp;resultCatEntryType=&amp;catalogId=10576&amp;pageView=image&amp;minPrice=&amp;urlLangId=-1&amp;categoryId=28294&amp;storeId=10601","name":"Crackers &amp; Crispbreads","count":"139","className":""},{"url":"http://shop.coles.com.au/online/SearchDisplay?searchTermScope=&amp;multiSearch=&amp;searchType=2&amp;maxPrice=&amp;showResultsPage=true&amp;langId=-1&amp;beginIndex=0&amp;sType=SimpleSearch&amp;browseView=true&amp;metaData=&amp;manufacturer=&amp;resultCatEntryType=&amp;catalogId=10576&amp;pageView=image&amp;minPrice=&amp;urlLangId=-1&amp;categoryId=28295&amp;storeId=10601","name":"Chocolates","count":"203","className":""},{"url":"http://shop.coles.com.au/online/SearchDisplay?searchTermScope=&amp;multiSearch=&amp;searchType=2&amp;maxPrice=&amp;showResultsPage=true&amp;langId=-1&amp;beginIndex=0&amp;sType=SimpleSearch&amp;browseView=true&amp;metaData=&amp;manufacturer=&amp;resultCatEntryType=&amp;catalogId=10576&amp;pageView=image&amp;minPrice=&amp;urlLangId=-1&amp;categoryId=28296&amp;storeId=10601","name":"Marinades &amp; Seasonings","count":"203","className":""},{"url":"http://shop.coles.com.au/online/SearchDisplay?searchTermScope=&amp;multiSearch=&amp;searchType=2&amp;maxPrice=&amp;showResultsPage=true&amp;langId=-1&amp;beginIndex=0&amp;sType=SimpleSearch&amp;browseView=true&amp;metaData=&amp;manufacturer=&amp;resultCatEntryType=&amp;catalogId=10576&amp;pageView=image&amp;minPrice=&amp;urlLangId=-1&amp;categoryId=28297&amp;storeId=10601","name":"Sugar &amp; Sweeteners","count":"72","className":""},{"url":"http://shop.coles.com.au/online/SearchDisplay?searchTermScope=&amp;multiSearch=&amp;searchType=2&amp;maxPrice=&amp;showResultsPage=true&amp;langId=-1&amp;beginIndex=0&amp;sType=SimpleSearch&amp;browseView=true&amp;metaData=&amp;manufacturer=&amp;resultCatEntryType=&amp;catalogId=10576&amp;pageView=image&amp;minPrice=&amp;urlLangId=-1&amp;categoryId=28298&amp;storeId=10601","name":"Pickles, Chutney &amp; Relish","count":"197","className":""},{"url":"http://shop.coles.com.au/online/SearchDisplay?searchTermScope=&amp;multiSearch=&amp;searchType=2&amp;maxPrice=&amp;showResultsPage=true&amp;langId=-1&amp;beginIndex=0&amp;sType=SimpleSearch&amp;browseView=true&amp;metaData=&amp;manufacturer=&amp;resultCatEntryType=&amp;catalogId=10576&amp;pageView=image&amp;minPrice=&amp;urlLangId=-1&amp;categoryId=28299&amp;storeId=10601","name":"Vinegar","count":"36","className":""},{"url":"http://shop.coles.com.au/online/SearchDisplay?searchTermScope=&amp;multiSearch=&amp;searchType=2&amp;maxPrice=&amp;showResultsPage=true&amp;langId=-1&amp;beginIndex=0&amp;sType=SimpleSearch&amp;browseView=true&amp;metaData=&amp;manufacturer=&amp;resultCatEntryType=&amp;catalogId=10576&amp;pageView=image&amp;minPrice=&amp;urlLangId=-1&amp;categoryId=28300&amp;storeId=10601","name":"Oil","count":"102","className":""},{"url":"http://shop.coles.com.au/online/SearchDisplay?searchTermScope=&amp;multiSearch=&amp;searchType=2&amp;maxPrice=&amp;showResultsPage=true&amp;langId=-1&amp;beginIndex=0&amp;sType=SimpleSearch&amp;browseView=true&amp;metaData=&amp;manufacturer=&amp;resultCatEntryType=&amp;catalogId=10576&amp;pageView=image&amp;minPrice=&amp;urlLangId=-1&amp;categoryId=28301&amp;storeId=10601","name":"Canned Fruit","count":"119","className":""},{"url":"http://shop.coles.com.au/online/SearchDisplay?searchTermScope=&amp;multiSearch=&amp;searchType=2&amp;maxPrice=&amp;showResultsPage=true&amp;langId=-1&amp;beginIndex=0&amp;sType=SimpleSearch&amp;browseView=true&amp;metaData=&amp;manufacturer=&amp;resultCatEntryType=&amp;catalogId=10576&amp;pageView=image&amp;minPrice=&amp;urlLangId=-1&amp;categoryId=28302&amp;storeId=10601","name":"Condensed &amp; Evaporated Milk","count":"9","className":""},{"url":"http://shop.coles.com.au/online/SearchDisplay?searchTermScope=&amp;multiSearch=&amp;searchType=2&amp;maxPrice=&amp;showResultsPage=true&amp;langId=-1&amp;beginIndex=0&amp;sType=SimpleSearch&amp;browseView=true&amp;metaData=&amp;manufacturer=&amp;resultCatEntryType=&amp;catalogId=10576&amp;pageView=image&amp;minPrice=&amp;urlLangId=-1&amp;categoryId=30240&amp;storeId=10601","name":"Polenta &amp; Other Grains","count":"7","className":""},{"url":"http://shop.coles.com.au/online/SearchDisplay?searchTermScope=&amp;multiSearch=&amp;searchType=2&amp;maxPrice=&amp;showResultsPage=true&amp;langId=-1&amp;beginIndex=0&amp;sType=SimpleSearch&amp;browseView=true&amp;metaData=&amp;manufacturer=&amp;resultCatEntryType=&amp;catalogId=10576&amp;pageView=image&amp;minPrice=&amp;urlLangId=-1&amp;categoryId=344039&amp;storeId=10601","name":"Health Foods","count":"15","className":""},{"url":"http://shop.coles.com.au/online/SearchDisplay?searchTermScope=&amp;multiSearch=&amp;searchType=2&amp;maxPrice=&amp;showResultsPage=true&amp;langId=-1&amp;beginIndex=0&amp;sType=SimpleSearch&amp;browseView=true&amp;metaData=&amp;manufacturer=&amp;resultCatEntryType=&amp;catalogId=10576&amp;pageView=image&amp;minPrice=&amp;urlLangId=-1&amp;categoryId=344125&amp;storeId=10601","name":"Cooking","count":"15","className":""},{"url":"http://shop.coles.com.au/online/SearchDisplay?searchTermScope=&amp;multiSearch=&amp;searchType=2&amp;maxPrice=&amp;showResultsPage=true&amp;langId=-1&amp;beginIndex=0&amp;sType=SimpleSearch&amp;browseView=true&amp;metaData=&amp;manufacturer=&amp;resultCatEntryType=&amp;catalogId=10576&amp;pageView=image&amp;minPrice=&amp;urlLangId=-1&amp;categoryId=366011&amp;storeId=10601","name":"Party Packs","count":"1","className":""},{"url":"http://shop.coles.com.au/online/SearchDisplay?searchTermScope=&amp;multiSearch=&amp;searchType=2&amp;maxPrice=&amp;showResultsPage=true&amp;langId=-1&amp;beginIndex=0&amp;sType=SimpleSearch&amp;browseView=true&amp;metaData=&amp;manufacturer=&amp;resultCatEntryType=&amp;catalogId=10576&amp;pageView=image&amp;minPrice=&amp;urlLangId=-1&amp;categoryId=664076&amp;storeId=10601","name":"Easter Confectionery","count":"18","className":""},{"url":"http://shop.coles.com.au/online/SearchDisplay?searchTermScope=&amp;multiSearch=&amp;searchType=2&amp;maxPrice=&amp;showResultsPage=true&amp;langId=-1&amp;beginIndex=0&amp;sType=SimpleSearch&amp;browseView=true&amp;metaData=&amp;manufacturer=&amp;resultCatEntryType=&amp;catalogId=10576&amp;pageView=image&amp;minPrice=&amp;urlLangId=-1&amp;categoryId=664140&amp;storeId=10601","name":"Easter Egg Sharepacks","count":"13","className":""},{"url":"http://shop.coles.com.au/online/SearchDisplay?searchTermScope=&amp;multiSearch=&amp;searchType=2&amp;maxPrice=&amp;showResultsPage=true&amp;langId=-1&amp;beginIndex=0&amp;sType=SimpleSearch&amp;browseView=true&amp;metaData=&amp;manufacturer=&amp;resultCatEntryType=&amp;catalogId=10576&amp;pageView=image&amp;minPrice=&amp;urlLangId=-1&amp;categoryId=664153&amp;storeId=10601","name":"Easter Eggs","count":"12","className":""},{"url":"http://shop.coles.com.au/online/SearchDisplay?searchTermScope=&amp;multiSearch=&amp;searchType=2&amp;maxPrice=&amp;showResultsPage=true&amp;langId=-1&amp;beginIndex=0&amp;sType=SimpleSearch&amp;browseView=true&amp;metaData=&amp;manufacturer=&amp;resultCatEntryType=&amp;catalogId=10576&amp;pageView=image&amp;minPrice=&amp;urlLangId=-1&amp;categoryId=664156&amp;storeId=10601","name":"Easter Bunnies","count":"6","className":""}]}' title="View other types">+  view 81 other types</a></li>
	     		
    		</ul>
		</li>
		
		<li role="presentation">
			<h3>Brand</h3>
			
					<a class="2" href="http://shop.coles.com.au/online/SearchDisplay?multiSearch=&amp;showResultsPage=true&amp;langId=-1&amp;beginIndex=0&amp;sType=SimpleSearch&amp;browseView=true&amp;pageSize=20&amp;resultCatEntryType=&amp;catalogId=10576&amp;pageView=image&amp;urlLangId=-1&amp;categoryId=25573&amp;storeId=10601" name="type-Brand" title=""><span class="cat-facet">Show all</span>&nbsp;<span role="presentation" aria-hidden="true" class="cat-count">(6307)</span><span class="cat-count accessibility">(6307items)</span></a>
				
  			<ul>
	     		
							<li >
								
										<a href="http://shop.coles.com.au/online/SearchDisplay?searchTermScope=&amp;multiSearch=&amp;searchType=2&amp;maxPrice=&amp;showResultsPage=true&amp;langId=-1&amp;beginIndex=0&amp;sType=SimpleSearch&amp;metaData=&amp;browseView=true&amp;manufacturer=&amp;resultCatEntryType=&amp;catalogId=10576&amp;pageView=image&amp;facet=mfName_ntk_cs%253A247&amp;minPrice=&amp;categoryId=25573&amp;storeId=10601" name="type-Brand" title=""><span class="cat-facet">247</span>&nbsp;<span role="presentation" aria-hidden="true" class="cat-count">(22)</span><span class="cat-count accessibility">(22items)</span></a>
									
							</li>
			     		
							<li >
								
										<a href="http://shop.coles.com.au/online/SearchDisplay?searchTermScope=&amp;multiSearch=&amp;searchType=2&amp;maxPrice=&amp;showResultsPage=true&amp;langId=-1&amp;beginIndex=0&amp;sType=SimpleSearch&amp;metaData=&amp;browseView=true&amp;manufacturer=&amp;resultCatEntryType=&amp;catalogId=10576&amp;pageView=image&amp;facet=mfName_ntk_cs%253A247%2BHigh%2BProtein%2BBar%2BWhte&amp;minPrice=&amp;categoryId=25573&amp;storeId=10601" name="type-Brand" title=""><span class="cat-facet">247 High Protein Bar Whte</span>&nbsp;<span role="presentation" aria-hidden="true" class="cat-count">(1)</span><span class="cat-count accessibility">(1items)</span></a>
									
							</li>
			     		
							<li >
								
										<a href="http://shop.coles.com.au/online/SearchDisplay?searchTermScope=&amp;multiSearch=&amp;searchType=2&amp;maxPrice=&amp;showResultsPage=true&amp;langId=-1&amp;beginIndex=0&amp;sType=SimpleSearch&amp;metaData=&amp;browseView=true&amp;manufacturer=&amp;resultCatEntryType=&amp;catalogId=10576&amp;pageView=image&amp;facet=mfName_ntk_cs%253AA%2BVogel&amp;minPrice=&amp;categoryId=25573&amp;storeId=10601" name="type-Brand" title=""><span class="cat-facet">A Vogel</span>&nbsp;<span role="presentation" aria-hidden="true" class="cat-count">(1)</span><span class="cat-count accessibility">(1items)</span></a>
									
							</li>
			     		
							<li >
								
										<a href="http://shop.coles.com.au/online/SearchDisplay?searchTermScope=&amp;multiSearch=&amp;searchType=2&amp;maxPrice=&amp;showResultsPage=true&amp;langId=-1&amp;beginIndex=0&amp;sType=SimpleSearch&amp;metaData=&amp;browseView=true&amp;manufacturer=&amp;resultCatEntryType=&amp;catalogId=10576&amp;pageView=image&amp;facet=mfName_ntk_cs%253AABC&amp;minPrice=&amp;categoryId=25573&amp;storeId=10601" name="type-Brand" title=""><span class="cat-facet">ABC</span>&nbsp;<span role="presentation" aria-hidden="true" class="cat-count">(4)</span><span class="cat-count accessibility">(4items)</span></a>
									
							</li>
			     		
							<li >
								
										<a href="http://shop.coles.com.au/online/SearchDisplay?searchTermScope=&amp;multiSearch=&amp;searchType=2&amp;maxPrice=&amp;showResultsPage=true&amp;langId=-1&amp;beginIndex=0&amp;sType=SimpleSearch&amp;metaData=&amp;browseView=true&amp;manufacturer=&amp;resultCatEntryType=&amp;catalogId=10576&amp;pageView=image&amp;facet=mfName_ntk_cs%253AAFL&amp;minPrice=&amp;categoryId=25573&amp;storeId=10601" name="type-Brand" title=""><span class="cat-facet">AFL</span>&nbsp;<span role="presentation" aria-hidden="true" class="cat-count">(14)</span><span class="cat-count accessibility">(14items)</span></a>
									
							</li>
			     		
							<li >
								
										<a href="http://shop.coles.com.au/online/SearchDisplay?searchTermScope=&amp;multiSearch=&amp;searchType=2&amp;maxPrice=&amp;showResultsPage=true&amp;langId=-1&amp;beginIndex=0&amp;sType=SimpleSearch&amp;metaData=&amp;browseView=true&amp;manufacturer=&amp;resultCatEntryType=&amp;catalogId=10576&amp;pageView=image&amp;facet=mfName_ntk_cs%253AAbe%2527s%2BBagel%2BCrisps&amp;minPrice=&amp;categoryId=25573&amp;storeId=10601" name="type-Brand" title=""><span class="cat-facet">Abe&#039;s Bagel Crisps</span>&nbsp;<span role="presentation" aria-hidden="true" class="cat-count">(2)</span><span class="cat-count accessibility">(2items)</span></a>
									
							</li>
			     		
							<li >
								
										<a href="http://shop.coles.com.au/online/SearchDisplay?searchTermScope=&amp;multiSearch=&amp;searchType=2&amp;maxPrice=&amp;showResultsPage=true&amp;langId=-1&amp;beginIndex=0&amp;sType=SimpleSearch&amp;metaData=&amp;browseView=true&amp;manufacturer=&amp;resultCatEntryType=&amp;catalogId=10576&amp;pageView=image&amp;facet=mfName_ntk_cs%253AAbundant%2BEarth&amp;minPrice=&amp;categoryId=25573&amp;storeId=10601" name="type-Brand" title=""><span class="cat-facet">Abundant Earth</span>&nbsp;<span role="presentation" aria-hidden="true" class="cat-count">(3)</span><span class="cat-count accessibility">(3items)</span></a>
									
							</li>
			     		
							<li >
								
										<a href="http://shop.coles.com.au/online/SearchDisplay?searchTermScope=&amp;multiSearch=&amp;searchType=2&amp;maxPrice=&amp;showResultsPage=true&amp;langId=-1&amp;beginIndex=0&amp;sType=SimpleSearch&amp;metaData=&amp;browseView=true&amp;manufacturer=&amp;resultCatEntryType=&amp;catalogId=10576&amp;pageView=image&amp;facet=mfName_ntk_cs%253AAdmiral&amp;minPrice=&amp;categoryId=25573&amp;storeId=10601" name="type-Brand" title=""><span class="cat-facet">Admiral</span>&nbsp;<span role="presentation" aria-hidden="true" class="cat-count">(1)</span><span class="cat-count accessibility">(1items)</span></a>
									
							</li>
			     		
							<li >
								
										<a href="http://shop.coles.com.au/online/SearchDisplay?searchTermScope=&amp;multiSearch=&amp;searchType=2&amp;maxPrice=&amp;showResultsPage=true&amp;langId=-1&amp;beginIndex=0&amp;sType=SimpleSearch&amp;metaData=&amp;browseView=true&amp;manufacturer=&amp;resultCatEntryType=&amp;catalogId=10576&amp;pageView=image&amp;facet=mfName_ntk_cs%253AAdriano%2BZumbo&amp;minPrice=&amp;categoryId=25573&amp;storeId=10601" name="type-Brand" title=""><span class="cat-facet">Adriano Zumbo</span>&nbsp;<span role="presentation" aria-hidden="true" class="cat-count">(4)</span><span class="cat-count accessibility">(4items)</span></a>
									
							</li>
			     		
							<li >
								
										<a href="http://shop.coles.com.au/online/SearchDisplay?searchTermScope=&amp;multiSearch=&amp;searchType=2&amp;maxPrice=&amp;showResultsPage=true&amp;langId=-1&amp;beginIndex=0&amp;sType=SimpleSearch&amp;metaData=&amp;browseView=true&amp;manufacturer=&amp;resultCatEntryType=&amp;catalogId=10576&amp;pageView=image&amp;facet=mfName_ntk_cs%253AAeroplane&amp;minPrice=&amp;categoryId=25573&amp;storeId=10601" name="type-Brand" title=""><span class="cat-facet">Aeroplane</span>&nbsp;<span role="presentation" aria-hidden="true" class="cat-count">(44)</span><span class="cat-count accessibility">(44items)</span></a>
									
							</li>
			     		
				<li><a href="#" class="more" data-hidden-facets='{"type":"Brand","facets":[{"url":"http://shop.coles.com.au/online/SearchDisplay?searchTermScope=&amp;multiSearch=&amp;searchType=2&amp;maxPrice=&amp;showResultsPage=true&amp;langId=-1&amp;beginIndex=0&amp;sType=SimpleSearch&amp;metaData=&amp;browseView=true&amp;manufacturer=&amp;resultCatEntryType=&amp;catalogId=10576&amp;pageView=image&amp;facet=mfName_ntk_cs%253AAinsley%2BHarriott&amp;minPrice=&amp;categoryId=25573&amp;storeId=10601","name":"Ainsley Harriott","count":"7","className":""},{"url":"http://shop.coles.com.au/online/SearchDisplay?searchTermScope=&amp;multiSearch=&amp;searchType=2&amp;maxPrice=&amp;showResultsPage=true&amp;langId=-1&amp;beginIndex=0&amp;sType=SimpleSearch&amp;metaData=&amp;browseView=true&amp;manufacturer=&amp;resultCatEntryType=&amp;catalogId=10576&amp;pageView=image&amp;facet=mfName_ntk_cs%253AAjishima&amp;minPrice=&amp;categoryId=25573&amp;storeId=10601","name":"Ajishima","count":"4","className":""},{"url":"http://shop.coles.com.au/online/SearchDisplay?searchTermScope=&amp;multiSearch=&amp;searchType=2&amp;maxPrice=&amp;showResultsPage=true&amp;langId=-1&amp;beginIndex=0&amp;sType=SimpleSearch&amp;metaData=&amp;browseView=true&amp;manufacturer=&amp;resultCatEntryType=&amp;catalogId=10576&amp;pageView=image&amp;facet=mfName_ntk_cs%253AAl%2BWazah&amp;minPrice=&amp;categoryId=25573&amp;storeId=10601","name":"Al Wazah","count":"1","className":""},{"url":"http://shop.coles.com.au/online/SearchDisplay?searchTermScope=&amp;multiSearch=&amp;searchType=2&amp;maxPrice=&amp;showResultsPage=true&amp;langId=-1&amp;beginIndex=0&amp;sType=SimpleSearch&amp;metaData=&amp;browseView=true&amp;manufacturer=&amp;resultCatEntryType=&amp;catalogId=10576&amp;pageView=image&amp;facet=mfName_ntk_cs%253AAlana%2527s%2BPantry&amp;minPrice=&amp;categoryId=25573&amp;storeId=10601","name":"Alana&#039;s Pantry","count":"3","className":""},{"url":"http://shop.coles.com.au/online/SearchDisplay?searchTermScope=&amp;multiSearch=&amp;searchType=2&amp;maxPrice=&amp;showResultsPage=true&amp;langId=-1&amp;beginIndex=0&amp;sType=SimpleSearch&amp;metaData=&amp;browseView=true&amp;manufacturer=&amp;resultCatEntryType=&amp;catalogId=10576&amp;pageView=image&amp;facet=mfName_ntk_cs%253AAlbatross&amp;minPrice=&amp;categoryId=25573&amp;storeId=10601","name":"Albatross","count":"1","className":""},{"url":"http://shop.coles.com.au/online/SearchDisplay?searchTermScope=&amp;multiSearch=&amp;searchType=2&amp;maxPrice=&amp;showResultsPage=true&amp;langId=-1&amp;beginIndex=0&amp;sType=SimpleSearch&amp;metaData=&amp;browseView=true&amp;manufacturer=&amp;resultCatEntryType=&amp;catalogId=10576&amp;pageView=image&amp;facet=mfName_ntk_cs%253AAlfa%2BOne&amp;minPrice=&amp;categoryId=25573&amp;storeId=10601","name":"Alfa One","count":"4","className":""},{"url":"http://shop.coles.com.au/online/SearchDisplay?searchTermScope=&amp;multiSearch=&amp;searchType=2&amp;maxPrice=&amp;showResultsPage=true&amp;langId=-1&amp;beginIndex=0&amp;sType=SimpleSearch&amp;metaData=&amp;browseView=true&amp;manufacturer=&amp;resultCatEntryType=&amp;catalogId=10576&amp;pageView=image&amp;facet=mfName_ntk_cs%253AAll%2BNatural%2BBakery&amp;minPrice=&amp;categoryId=25573&amp;storeId=10601","name":"All Natural Bakery","count":"2","className":""},{"url":"http://shop.coles.com.au/online/SearchDisplay?searchTermScope=&amp;multiSearch=&amp;searchType=2&amp;maxPrice=&amp;showResultsPage=true&amp;langId=-1&amp;beginIndex=0&amp;sType=SimpleSearch&amp;metaData=&amp;browseView=true&amp;manufacturer=&amp;resultCatEntryType=&amp;catalogId=10576&amp;pageView=image&amp;facet=mfName_ntk_cs%253AAllen%2527s&amp;minPrice=&amp;categoryId=25573&amp;storeId=10601","name":"Allen&#039;s","count":"19","className":""},{"url":"http://shop.coles.com.au/online/SearchDisplay?searchTermScope=&amp;multiSearch=&amp;searchType=2&amp;maxPrice=&amp;showResultsPage=true&amp;langId=-1&amp;beginIndex=0&amp;sType=SimpleSearch&amp;metaData=&amp;browseView=true&amp;manufacturer=&amp;resultCatEntryType=&amp;catalogId=10576&amp;pageView=image&amp;facet=mfName_ntk_cs%253AAllens&amp;minPrice=&amp;categoryId=25573&amp;storeId=10601","name":"Allens","count":"1","className":""},{"url":"http://shop.coles.com.au/online/SearchDisplay?searchTermScope=&amp;multiSearch=&amp;searchType=2&amp;maxPrice=&amp;showResultsPage=true&amp;langId=-1&amp;beginIndex=0&amp;sType=SimpleSearch&amp;metaData=&amp;browseView=true&amp;manufacturer=&amp;resultCatEntryType=&amp;catalogId=10576&amp;pageView=image&amp;facet=mfName_ntk_cs%253AAllens%2BMini%2BBags&amp;minPrice=&amp;categoryId=25573&amp;storeId=10601","name":"Allens Mini Bags","count":"1","className":""},{"url":"http://shop.coles.com.au/online/SearchDisplay?searchTermScope=&amp;multiSearch=&amp;searchType=2&amp;maxPrice=&amp;showResultsPage=true&amp;langId=-1&amp;beginIndex=0&amp;sType=SimpleSearch&amp;metaData=&amp;browseView=true&amp;manufacturer=&amp;resultCatEntryType=&amp;catalogId=10576&amp;pageView=image&amp;facet=mfName_ntk_cs%253AAllowrie&amp;minPrice=&amp;categoryId=25573&amp;storeId=10601","name":"Allowrie","count":"2","className":""},{"url":"http://shop.coles.com.au/online/SearchDisplay?searchTermScope=&amp;multiSearch=&amp;searchType=2&amp;maxPrice=&amp;showResultsPage=true&amp;langId=-1&amp;beginIndex=0&amp;sType=SimpleSearch&amp;metaData=&amp;browseView=true&amp;manufacturer=&amp;resultCatEntryType=&amp;catalogId=10576&amp;pageView=image&amp;facet=mfName_ntk_cs%253AAlly&amp;minPrice=&amp;categoryId=25573&amp;storeId=10601","name":"Ally","count":"2","className":""},{"url":"http://shop.coles.com.au/online/SearchDisplay?searchTermScope=&amp;multiSearch=&amp;searchType=2&amp;maxPrice=&amp;showResultsPage=true&amp;langId=-1&amp;beginIndex=0&amp;sType=SimpleSearch&amp;metaData=&amp;browseView=true&amp;manufacturer=&amp;resultCatEntryType=&amp;catalogId=10576&amp;pageView=image&amp;facet=mfName_ntk_cs%253AAlo%2BAlore%2BVera&amp;minPrice=&amp;categoryId=25573&amp;storeId=10601","name":"Alo Alore Vera","count":"2","className":""},{"url":"http://shop.coles.com.au/online/SearchDisplay?searchTermScope=&amp;multiSearch=&amp;searchType=2&amp;maxPrice=&amp;showResultsPage=true&amp;langId=-1&amp;beginIndex=0&amp;sType=SimpleSearch&amp;metaData=&amp;browseView=true&amp;manufacturer=&amp;resultCatEntryType=&amp;catalogId=10576&amp;pageView=image&amp;facet=mfName_ntk_cs%253AAlways%2BFresh&amp;minPrice=&amp;categoryId=25573&amp;storeId=10601","name":"Always Fresh","count":"53","className":""},{"url":"http://shop.coles.com.au/online/SearchDisplay?searchTermScope=&amp;multiSearch=&amp;searchType=2&amp;maxPrice=&amp;showResultsPage=true&amp;langId=-1&amp;beginIndex=0&amp;sType=SimpleSearch&amp;metaData=&amp;browseView=true&amp;manufacturer=&amp;resultCatEntryType=&amp;catalogId=10576&amp;pageView=image&amp;facet=mfName_ntk_cs%253AAmber%2BLyn&amp;minPrice=&amp;categoryId=25573&amp;storeId=10601","name":"Amber Lyn","count":"1","className":""},{"url":"http://shop.coles.com.au/online/SearchDisplay?searchTermScope=&amp;multiSearch=&amp;searchType=2&amp;maxPrice=&amp;showResultsPage=true&amp;langId=-1&amp;beginIndex=0&amp;sType=SimpleSearch&amp;metaData=&amp;browseView=true&amp;manufacturer=&amp;resultCatEntryType=&amp;catalogId=10576&amp;pageView=image&amp;facet=mfName_ntk_cs%253AAnathoth&amp;minPrice=&amp;categoryId=25573&amp;storeId=10601","name":"Anathoth","count":"8","className":""},{"url":"http://shop.coles.com.au/online/SearchDisplay?searchTermScope=&amp;multiSearch=&amp;searchType=2&amp;maxPrice=&amp;showResultsPage=true&amp;langId=-1&amp;beginIndex=0&amp;sType=SimpleSearch&amp;metaData=&amp;browseView=true&amp;manufacturer=&amp;resultCatEntryType=&amp;catalogId=10576&amp;pageView=image&amp;facet=mfName_ntk_cs%253AAnchor&amp;minPrice=&amp;categoryId=25573&amp;storeId=10601","name":"Anchor","count":"4","className":""},{"url":"http://shop.coles.com.au/online/SearchDisplay?searchTermScope=&amp;multiSearch=&amp;searchType=2&amp;maxPrice=&amp;showResultsPage=true&amp;langId=-1&amp;beginIndex=0&amp;sType=SimpleSearch&amp;metaData=&amp;browseView=true&amp;manufacturer=&amp;resultCatEntryType=&amp;catalogId=10576&amp;pageView=image&amp;facet=mfName_ntk_cs%253AAnchor%2BLighthouse&amp;minPrice=&amp;categoryId=25573&amp;storeId=10601","name":"Anchor Lighthouse","count":"8","className":""},{"url":"http://shop.coles.com.au/online/SearchDisplay?searchTermScope=&amp;multiSearch=&amp;searchType=2&amp;maxPrice=&amp;showResultsPage=true&amp;langId=-1&amp;beginIndex=0&amp;sType=SimpleSearch&amp;metaData=&amp;browseView=true&amp;manufacturer=&amp;resultCatEntryType=&amp;catalogId=10576&amp;pageView=image&amp;facet=mfName_ntk_cs%253AAnchor%2BLion&amp;minPrice=&amp;categoryId=25573&amp;storeId=10601","name":"Anchor Lion","count":"3","className":""},{"url":"http://shop.coles.com.au/online/SearchDisplay?searchTermScope=&amp;multiSearch=&amp;searchType=2&amp;maxPrice=&amp;showResultsPage=true&amp;langId=-1&amp;beginIndex=0&amp;sType=SimpleSearch&amp;metaData=&amp;browseView=true&amp;manufacturer=&amp;resultCatEntryType=&amp;catalogId=10576&amp;pageView=image&amp;facet=mfName_ntk_cs%253AAngas%2BPark&amp;minPrice=&amp;categoryId=25573&amp;storeId=10601","name":"Angas Park","count":"20","className":""},{"url":"http://shop.coles.com.au/online/SearchDisplay?searchTermScope=&amp;multiSearch=&amp;searchType=2&amp;maxPrice=&amp;showResultsPage=true&amp;langId=-1&amp;beginIndex=0&amp;sType=SimpleSearch&amp;metaData=&amp;browseView=true&amp;manufacturer=&amp;resultCatEntryType=&amp;catalogId=10576&amp;pageView=image&amp;facet=mfName_ntk_cs%253AAnnalisa&amp;minPrice=&amp;categoryId=25573&amp;storeId=10601","name":"Annalisa","count":"8","className":""},{"url":"http://shop.coles.com.au/online/SearchDisplay?searchTermScope=&amp;multiSearch=&amp;searchType=2&amp;maxPrice=&amp;showResultsPage=true&amp;langId=-1&amp;beginIndex=0&amp;sType=SimpleSearch&amp;metaData=&amp;browseView=true&amp;manufacturer=&amp;resultCatEntryType=&amp;catalogId=10576&amp;pageView=image&amp;facet=mfName_ntk_cs%253AAnnies&amp;minPrice=&amp;categoryId=25573&amp;storeId=10601","name":"Annies","count":"2","className":""},{"url":"http://shop.coles.com.au/online/SearchDisplay?searchTermScope=&amp;multiSearch=&amp;searchType=2&amp;maxPrice=&amp;showResultsPage=true&amp;langId=-1&amp;beginIndex=0&amp;sType=SimpleSearch&amp;metaData=&amp;browseView=true&amp;manufacturer=&amp;resultCatEntryType=&amp;catalogId=10576&amp;pageView=image&amp;facet=mfName_ntk_cs%253AAnticol&amp;minPrice=&amp;categoryId=25573&amp;storeId=10601","name":"Anticol","count":"5","className":""},{"url":"http://shop.coles.com.au/online/SearchDisplay?searchTermScope=&amp;multiSearch=&amp;searchType=2&amp;maxPrice=&amp;showResultsPage=true&amp;langId=-1&amp;beginIndex=0&amp;sType=SimpleSearch&amp;metaData=&amp;browseView=true&amp;manufacturer=&amp;resultCatEntryType=&amp;catalogId=10576&amp;pageView=image&amp;facet=mfName_ntk_cs%253AArchibald%2527s&amp;minPrice=&amp;categoryId=25573&amp;storeId=10601","name":"Archibald&#039;s","count":"1","className":""},{"url":"http://shop.coles.com.au/online/SearchDisplay?searchTermScope=&amp;multiSearch=&amp;searchType=2&amp;maxPrice=&amp;showResultsPage=true&amp;langId=-1&amp;beginIndex=0&amp;sType=SimpleSearch&amp;metaData=&amp;browseView=true&amp;manufacturer=&amp;resultCatEntryType=&amp;catalogId=10576&amp;pageView=image&amp;facet=mfName_ntk_cs%253AArdmona&amp;minPrice=&amp;categoryId=25573&amp;storeId=10601","name":"Ardmona","count":"11","className":""},{"url":"http://shop.coles.com.au/online/SearchDisplay?searchTermScope=&amp;multiSearch=&amp;searchType=2&amp;maxPrice=&amp;showResultsPage=true&amp;langId=-1&amp;beginIndex=0&amp;sType=SimpleSearch&amp;metaData=&amp;browseView=true&amp;manufacturer=&amp;resultCatEntryType=&amp;catalogId=10576&amp;pageView=image&amp;facet=mfName_ntk_cs%253AAristocrat&amp;minPrice=&amp;categoryId=25573&amp;storeId=10601","name":"Aristocrat","count":"4","className":""},{"url":"http://shop.coles.com.au/online/SearchDisplay?searchTermScope=&amp;multiSearch=&amp;searchType=2&amp;maxPrice=&amp;showResultsPage=true&amp;langId=-1&amp;beginIndex=0&amp;sType=SimpleSearch&amp;metaData=&amp;browseView=true&amp;manufacturer=&amp;resultCatEntryType=&amp;catalogId=10576&amp;pageView=image&amp;facet=mfName_ntk_cs%253AArkadia&amp;minPrice=&amp;categoryId=25573&amp;storeId=10601","name":"Arkadia","count":"2","className":""},{"url":"http://shop.coles.com.au/online/SearchDisplay?searchTermScope=&amp;multiSearch=&amp;searchType=2&amp;maxPrice=&amp;showResultsPage=true&amp;langId=-1&amp;beginIndex=0&amp;sType=SimpleSearch&amp;metaData=&amp;browseView=true&amp;manufacturer=&amp;resultCatEntryType=&amp;catalogId=10576&amp;pageView=image&amp;facet=mfName_ntk_cs%253AArnott%2527s&amp;minPrice=&amp;categoryId=25573&amp;storeId=10601","name":"Arnott&#039;s","count":"116","className":""},{"url":"http://shop.coles.com.au/online/SearchDisplay?searchTermScope=&amp;multiSearch=&amp;searchType=2&amp;maxPrice=&amp;showResultsPage=true&amp;langId=-1&amp;beginIndex=0&amp;sType=SimpleSearch&amp;metaData=&amp;browseView=true&amp;manufacturer=&amp;resultCatEntryType=&amp;catalogId=10576&amp;pageView=image&amp;facet=mfName_ntk_cs%253AArtisse&amp;minPrice=&amp;categoryId=25573&amp;storeId=10601","name":"Artisse","count":"6","className":""},{"url":"http://shop.coles.com.au/online/SearchDisplay?searchTermScope=&amp;multiSearch=&amp;searchType=2&amp;maxPrice=&amp;showResultsPage=true&amp;langId=-1&amp;beginIndex=0&amp;sType=SimpleSearch&amp;metaData=&amp;browseView=true&amp;manufacturer=&amp;resultCatEntryType=&amp;catalogId=10576&amp;pageView=image&amp;facet=mfName_ntk_cs%253AAsian%2BHome%2BGourmet&amp;minPrice=&amp;categoryId=25573&amp;storeId=10601","name":"Asian Home Gourmet","count":"10","className":""},{"url":"http://shop.coles.com.au/online/SearchDisplay?searchTermScope=&amp;multiSearch=&amp;searchType=2&amp;maxPrice=&amp;showResultsPage=true&amp;langId=-1&amp;beginIndex=0&amp;sType=SimpleSearch&amp;metaData=&amp;browseView=true&amp;manufacturer=&amp;resultCatEntryType=&amp;catalogId=10576&amp;pageView=image&amp;facet=mfName_ntk_cs%253AAtkins&amp;minPrice=&amp;categoryId=25573&amp;storeId=10601","name":"Atkins","count":"14","className":""},{"url":"http://shop.coles.com.au/online/SearchDisplay?searchTermScope=&amp;multiSearch=&amp;searchType=2&amp;maxPrice=&amp;showResultsPage=true&amp;langId=-1&amp;beginIndex=0&amp;sType=SimpleSearch&amp;metaData=&amp;browseView=true&amp;manufacturer=&amp;resultCatEntryType=&amp;catalogId=10576&amp;pageView=image&amp;facet=mfName_ntk_cs%253AAunt%2BBetty%2527s&amp;minPrice=&amp;categoryId=25573&amp;storeId=10601","name":"Aunt Betty&#039;s","count":"6","className":""},{"url":"http://shop.coles.com.au/online/SearchDisplay?searchTermScope=&amp;multiSearch=&amp;searchType=2&amp;maxPrice=&amp;showResultsPage=true&amp;langId=-1&amp;beginIndex=0&amp;sType=SimpleSearch&amp;metaData=&amp;browseView=true&amp;manufacturer=&amp;resultCatEntryType=&amp;catalogId=10576&amp;pageView=image&amp;facet=mfName_ntk_cs%253AAurora&amp;minPrice=&amp;categoryId=25573&amp;storeId=10601","name":"Aurora","count":"4","className":""},{"url":"http://shop.coles.com.au/online/SearchDisplay?searchTermScope=&amp;multiSearch=&amp;searchType=2&amp;maxPrice=&amp;showResultsPage=true&amp;langId=-1&amp;beginIndex=0&amp;sType=SimpleSearch&amp;metaData=&amp;browseView=true&amp;manufacturer=&amp;resultCatEntryType=&amp;catalogId=10576&amp;pageView=image&amp;facet=mfName_ntk_cs%253AAussie%2BBodies&amp;minPrice=&amp;categoryId=25573&amp;storeId=10601","name":"Aussie Bodies","count":"15","className":""},{"url":"http://shop.coles.com.au/online/SearchDisplay?searchTermScope=&amp;multiSearch=&amp;searchType=2&amp;maxPrice=&amp;showResultsPage=true&amp;langId=-1&amp;beginIndex=0&amp;sType=SimpleSearch&amp;metaData=&amp;browseView=true&amp;manufacturer=&amp;resultCatEntryType=&amp;catalogId=10576&amp;pageView=image&amp;facet=mfName_ntk_cs%253AAussie%2BBodies%2BFx%2BLo%2BCarb&amp;minPrice=&amp;categoryId=25573&amp;storeId=10601","name":"Aussie Bodies Fx Lo Carb","count":"1","className":""},{"url":"http://shop.coles.com.au/online/SearchDisplay?searchTermScope=&amp;multiSearch=&amp;searchType=2&amp;maxPrice=&amp;showResultsPage=true&amp;langId=-1&amp;beginIndex=0&amp;sType=SimpleSearch&amp;metaData=&amp;browseView=true&amp;manufacturer=&amp;resultCatEntryType=&amp;catalogId=10576&amp;pageView=image&amp;facet=mfName_ntk_cs%253AAussie%2BBodies%2BH.p.l.c&amp;minPrice=&amp;categoryId=25573&amp;storeId=10601","name":"Aussie Bodies H.p.l.c","count":"1","className":""},{"url":"http://shop.coles.com.au/online/SearchDisplay?searchTermScope=&amp;multiSearch=&amp;searchType=2&amp;maxPrice=&amp;showResultsPage=true&amp;langId=-1&amp;beginIndex=0&amp;sType=SimpleSearch&amp;metaData=&amp;browseView=true&amp;manufacturer=&amp;resultCatEntryType=&amp;catalogId=10576&amp;pageView=image&amp;facet=mfName_ntk_cs%253AAussie%2BKitchen&amp;minPrice=&amp;categoryId=25573&amp;storeId=10601","name":"Aussie Kitchen","count":"3","className":""},{"url":"http://shop.coles.com.au/online/SearchDisplay?searchTermScope=&amp;multiSearch=&amp;searchType=2&amp;maxPrice=&amp;showResultsPage=true&amp;langId=-1&amp;beginIndex=0&amp;sType=SimpleSearch&amp;metaData=&amp;browseView=true&amp;manufacturer=&amp;resultCatEntryType=&amp;catalogId=10576&amp;pageView=image&amp;facet=mfName_ntk_cs%253AAussie%2BMite&amp;minPrice=&amp;categoryId=25573&amp;storeId=10601","name":"Aussie Mite","count":"1","className":""},{"url":"http://shop.coles.com.au/online/SearchDisplay?searchTermScope=&amp;multiSearch=&amp;searchType=2&amp;maxPrice=&amp;showResultsPage=true&amp;langId=-1&amp;beginIndex=0&amp;sType=SimpleSearch&amp;metaData=&amp;browseView=true&amp;manufacturer=&amp;resultCatEntryType=&amp;catalogId=10576&amp;pageView=image&amp;facet=mfName_ntk_cs%253AAustralia%2527s%2BOwn&amp;minPrice=&amp;categoryId=25573&amp;storeId=10601","name":"Australia&#039;s Own","count":"2","className":""},{"url":"http://shop.coles.com.au/online/SearchDisplay?searchTermScope=&amp;multiSearch=&amp;searchType=2&amp;maxPrice=&amp;showResultsPage=true&amp;langId=-1&amp;beginIndex=0&amp;sType=SimpleSearch&amp;metaData=&amp;browseView=true&amp;manufacturer=&amp;resultCatEntryType=&amp;catalogId=10576&amp;pageView=image&amp;facet=mfName_ntk_cs%253AAvalanche&amp;minPrice=&amp;categoryId=25573&amp;storeId=10601","name":"Avalanche","count":"2","className":""},{"url":"http://shop.coles.com.au/online/SearchDisplay?searchTermScope=&amp;multiSearch=&amp;searchType=2&amp;maxPrice=&amp;showResultsPage=true&amp;langId=-1&amp;beginIndex=0&amp;sType=SimpleSearch&amp;metaData=&amp;browseView=true&amp;manufacturer=&amp;resultCatEntryType=&amp;catalogId=10576&amp;pageView=image&amp;facet=mfName_ntk_cs%253AAyam&amp;minPrice=&amp;categoryId=25573&amp;storeId=10601","name":"Ayam","count":"19","className":""},{"url":"http://shop.coles.com.au/online/SearchDisplay?searchTermScope=&amp;multiSearch=&amp;searchType=2&amp;maxPrice=&amp;showResultsPage=true&amp;langId=-1&amp;beginIndex=0&amp;sType=SimpleSearch&amp;metaData=&amp;browseView=true&amp;manufacturer=&amp;resultCatEntryType=&amp;catalogId=10576&amp;pageView=image&amp;facet=mfName_ntk_cs%253ABSC&amp;minPrice=&amp;categoryId=25573&amp;storeId=10601","name":"BSC","count":"8","className":""},{"url":"http://shop.coles.com.au/online/SearchDisplay?searchTermScope=&amp;multiSearch=&amp;searchType=2&amp;maxPrice=&amp;showResultsPage=true&amp;langId=-1&amp;beginIndex=0&amp;sType=SimpleSearch&amp;metaData=&amp;browseView=true&amp;manufacturer=&amp;resultCatEntryType=&amp;catalogId=10576&amp;pageView=image&amp;facet=mfName_ntk_cs%253ABaci&amp;minPrice=&amp;categoryId=25573&amp;storeId=10601","name":"Baci","count":"1","className":""},{"url":"http://shop.coles.com.au/online/SearchDisplay?searchTermScope=&amp;multiSearch=&amp;searchType=2&amp;maxPrice=&amp;showResultsPage=true&amp;langId=-1&amp;beginIndex=0&amp;sType=SimpleSearch&amp;metaData=&amp;browseView=true&amp;manufacturer=&amp;resultCatEntryType=&amp;catalogId=10576&amp;pageView=image&amp;facet=mfName_ntk_cs%253ABambu&amp;minPrice=&amp;categoryId=25573&amp;storeId=10601","name":"Bambu","count":"1","className":""},{"url":"http://shop.coles.com.au/online/SearchDisplay?searchTermScope=&amp;multiSearch=&amp;searchType=2&amp;maxPrice=&amp;showResultsPage=true&amp;langId=-1&amp;beginIndex=0&amp;sType=SimpleSearch&amp;metaData=&amp;browseView=true&amp;manufacturer=&amp;resultCatEntryType=&amp;catalogId=10576&amp;pageView=image&amp;facet=mfName_ntk_cs%253ABare%2BFruit%2BOrganic&amp;minPrice=&amp;categoryId=25573&amp;storeId=10601","name":"Bare Fruit Organic","count":"3","className":""},{"url":"http://shop.coles.com.au/online/SearchDisplay?searchTermScope=&amp;multiSearch=&amp;searchType=2&amp;maxPrice=&amp;showResultsPage=true&amp;langId=-1&amp;beginIndex=0&amp;sType=SimpleSearch&amp;metaData=&amp;browseView=true&amp;manufacturer=&amp;resultCatEntryType=&amp;catalogId=10576&amp;pageView=image&amp;facet=mfName_ntk_cs%253ABarilla&amp;minPrice=&amp;categoryId=25573&amp;storeId=10601","name":"Barilla","count":"32","className":""},{"url":"http://shop.coles.com.au/online/SearchDisplay?searchTermScope=&amp;multiSearch=&amp;searchType=2&amp;maxPrice=&amp;showResultsPage=true&amp;langId=-1&amp;beginIndex=0&amp;sType=SimpleSearch&amp;metaData=&amp;browseView=true&amp;manufacturer=&amp;resultCatEntryType=&amp;catalogId=10576&amp;pageView=image&amp;facet=mfName_ntk_cs%253ABasco&amp;minPrice=&amp;categoryId=25573&amp;storeId=10601","name":"Basco","count":"6","className":""},{"url":"http://shop.coles.com.au/online/SearchDisplay?searchTermScope=&amp;multiSearch=&amp;searchType=2&amp;maxPrice=&amp;showResultsPage=true&amp;langId=-1&amp;beginIndex=0&amp;sType=SimpleSearch&amp;metaData=&amp;browseView=true&amp;manufacturer=&amp;resultCatEntryType=&amp;catalogId=10576&amp;pageView=image&amp;facet=mfName_ntk_cs%253ABassetts&amp;minPrice=&amp;categoryId=25573&amp;storeId=10601","name":"Bassetts","count":"1","className":""},{"url":"http://shop.coles.com.au/online/SearchDisplay?searchTermScope=&amp;multiSearch=&amp;searchType=2&amp;maxPrice=&amp;showResultsPage=true&amp;langId=-1&amp;beginIndex=0&amp;sType=SimpleSearch&amp;metaData=&amp;browseView=true&amp;manufacturer=&amp;resultCatEntryType=&amp;catalogId=10576&amp;pageView=image&amp;facet=mfName_ntk_cs%253ABatchelors&amp;minPrice=&amp;categoryId=25573&amp;storeId=10601","name":"Batchelors","count":"1","className":""},{"url":"http://shop.coles.com.au/online/SearchDisplay?searchTermScope=&amp;multiSearch=&amp;searchType=2&amp;maxPrice=&amp;showResultsPage=true&amp;langId=-1&amp;beginIndex=0&amp;sType=SimpleSearch&amp;metaData=&amp;browseView=true&amp;manufacturer=&amp;resultCatEntryType=&amp;catalogId=10576&amp;pageView=image&amp;facet=mfName_ntk_cs%253ABaxters&amp;minPrice=&amp;categoryId=25573&amp;storeId=10601","name":"Baxters","count":"2","className":""},{"url":"http://shop.coles.com.au/online/SearchDisplay?searchTermScope=&amp;multiSearch=&amp;searchType=2&amp;maxPrice=&amp;showResultsPage=true&amp;langId=-1&amp;beginIndex=0&amp;sType=SimpleSearch&amp;metaData=&amp;browseView=true&amp;manufacturer=&amp;resultCatEntryType=&amp;catalogId=10576&amp;pageView=image&amp;facet=mfName_ntk_cs%253ABe%2BNatrual&amp;minPrice=&amp;categoryId=25573&amp;storeId=10601","name":"Be Natrual","count":"1","className":""},{"url":"http://shop.coles.com.au/online/SearchDisplay?searchTermScope=&amp;multiSearch=&amp;searchType=2&amp;maxPrice=&amp;showResultsPage=true&amp;langId=-1&amp;beginIndex=0&amp;sType=SimpleSearch&amp;metaData=&amp;browseView=true&amp;manufacturer=&amp;resultCatEntryType=&amp;catalogId=10576&amp;pageView=image&amp;facet=mfName_ntk_cs%253ABe%2BNatural&amp;minPrice=&amp;categoryId=25573&amp;storeId=10601","name":"Be Natural","count":"12","className":""},{"url":"http://shop.coles.com.au/online/SearchDisplay?searchTermScope=&amp;multiSearch=&amp;searchType=2&amp;maxPrice=&amp;showResultsPage=true&amp;langId=-1&amp;beginIndex=0&amp;sType=SimpleSearch&amp;metaData=&amp;browseView=true&amp;manufacturer=&amp;resultCatEntryType=&amp;catalogId=10576&amp;pageView=image&amp;facet=mfName_ntk_cs%253ABeacon&amp;minPrice=&amp;categoryId=25573&amp;storeId=10601","name":"Beacon","count":"1","className":""},{"url":"http://shop.coles.com.au/online/SearchDisplay?searchTermScope=&amp;multiSearch=&amp;searchType=2&amp;maxPrice=&amp;showResultsPage=true&amp;langId=-1&amp;beginIndex=0&amp;sType=SimpleSearch&amp;metaData=&amp;browseView=true&amp;manufacturer=&amp;resultCatEntryType=&amp;catalogId=10576&amp;pageView=image&amp;facet=mfName_ntk_cs%253ABean%2BGround%2B%2526%2BDrunk&amp;minPrice=&amp;categoryId=25573&amp;storeId=10601","name":"Bean Ground &amp; Drunk","count":"1","className":""},{"url":"http://shop.coles.com.au/online/SearchDisplay?searchTermScope=&amp;multiSearch=&amp;searchType=2&amp;maxPrice=&amp;showResultsPage=true&amp;langId=-1&amp;beginIndex=0&amp;sType=SimpleSearch&amp;metaData=&amp;browseView=true&amp;manufacturer=&amp;resultCatEntryType=&amp;catalogId=10576&amp;pageView=image&amp;facet=mfName_ntk_cs%253ABeechworth&amp;minPrice=&amp;categoryId=25573&amp;storeId=10601","name":"Beechworth","count":"3","className":""},{"url":"http://shop.coles.com.au/online/SearchDisplay?searchTermScope=&amp;multiSearch=&amp;searchType=2&amp;maxPrice=&amp;showResultsPage=true&amp;langId=-1&amp;beginIndex=0&amp;sType=SimpleSearch&amp;metaData=&amp;browseView=true&amp;manufacturer=&amp;resultCatEntryType=&amp;catalogId=10576&amp;pageView=image&amp;facet=mfName_ntk_cs%253ABeerenberg&amp;minPrice=&amp;categoryId=25573&amp;storeId=10601","name":"Beerenberg","count":"4","className":""},{"url":"http://shop.coles.com.au/online/SearchDisplay?searchTermScope=&amp;multiSearch=&amp;searchType=2&amp;maxPrice=&amp;showResultsPage=true&amp;langId=-1&amp;beginIndex=0&amp;sType=SimpleSearch&amp;metaData=&amp;browseView=true&amp;manufacturer=&amp;resultCatEntryType=&amp;catalogId=10576&amp;pageView=image&amp;facet=mfName_ntk_cs%253ABeigel%2B%2526%2BBeigel&amp;minPrice=&amp;categoryId=25573&amp;storeId=10601","name":"Beigel &amp; Beigel","count":"1","className":""},{"url":"http://shop.coles.com.au/online/SearchDisplay?searchTermScope=&amp;multiSearch=&amp;searchType=2&amp;maxPrice=&amp;showResultsPage=true&amp;langId=-1&amp;beginIndex=0&amp;sType=SimpleSearch&amp;metaData=&amp;browseView=true&amp;manufacturer=&amp;resultCatEntryType=&amp;catalogId=10576&amp;pageView=image&amp;facet=mfName_ntk_cs%253ABel&amp;minPrice=&amp;categoryId=25573&amp;storeId=10601","name":"Bel","count":"1","className":""},{"url":"http://shop.coles.com.au/online/SearchDisplay?searchTermScope=&amp;multiSearch=&amp;searchType=2&amp;maxPrice=&amp;showResultsPage=true&amp;langId=-1&amp;beginIndex=0&amp;sType=SimpleSearch&amp;metaData=&amp;browseView=true&amp;manufacturer=&amp;resultCatEntryType=&amp;catalogId=10576&amp;pageView=image&amp;facet=mfName_ntk_cs%253ABelvita&amp;minPrice=&amp;categoryId=25573&amp;storeId=10601","name":"Belvita","count":"6","className":""},{"url":"http://shop.coles.com.au/online/SearchDisplay?searchTermScope=&amp;multiSearch=&amp;searchType=2&amp;maxPrice=&amp;showResultsPage=true&amp;langId=-1&amp;beginIndex=0&amp;sType=SimpleSearch&amp;metaData=&amp;browseView=true&amp;manufacturer=&amp;resultCatEntryType=&amp;catalogId=10576&amp;pageView=image&amp;facet=mfName_ntk_cs%253ABerri&amp;minPrice=&amp;categoryId=25573&amp;storeId=10601","name":"Berri","count":"1","className":""},{"url":"http://shop.coles.com.au/online/SearchDisplay?searchTermScope=&amp;multiSearch=&amp;searchType=2&amp;maxPrice=&amp;showResultsPage=true&amp;langId=-1&amp;beginIndex=0&amp;sType=SimpleSearch&amp;metaData=&amp;browseView=true&amp;manufacturer=&amp;resultCatEntryType=&amp;catalogId=10576&amp;pageView=image&amp;facet=mfName_ntk_cs%253ABest%2BFoods&amp;minPrice=&amp;categoryId=25573&amp;storeId=10601","name":"Best Foods","count":"1","className":""},{"url":"http://shop.coles.com.au/online/SearchDisplay?searchTermScope=&amp;multiSearch=&amp;searchType=2&amp;maxPrice=&amp;showResultsPage=true&amp;langId=-1&amp;beginIndex=0&amp;sType=SimpleSearch&amp;metaData=&amp;browseView=true&amp;manufacturer=&amp;resultCatEntryType=&amp;catalogId=10576&amp;pageView=image&amp;facet=mfName_ntk_cs%253ABetty%2BCrocker&amp;minPrice=&amp;categoryId=25573&amp;storeId=10601","name":"Betty Crocker","count":"36","className":""},{"url":"http://shop.coles.com.au/online/SearchDisplay?searchTermScope=&amp;multiSearch=&amp;searchType=2&amp;maxPrice=&amp;showResultsPage=true&amp;langId=-1&amp;beginIndex=0&amp;sType=SimpleSearch&amp;metaData=&amp;browseView=true&amp;manufacturer=&amp;resultCatEntryType=&amp;catalogId=10576&amp;pageView=image&amp;facet=mfName_ntk_cs%253ABeyond%2BSlimline%2BCan&amp;minPrice=&amp;categoryId=25573&amp;storeId=10601","name":"Beyond Slimline Can","count":"1","className":""},{"url":"http://shop.coles.com.au/online/SearchDisplay?searchTermScope=&amp;multiSearch=&amp;searchType=2&amp;maxPrice=&amp;showResultsPage=true&amp;langId=-1&amp;beginIndex=0&amp;sType=SimpleSearch&amp;metaData=&amp;browseView=true&amp;manufacturer=&amp;resultCatEntryType=&amp;catalogId=10576&amp;pageView=image&amp;facet=mfName_ntk_cs%253ABickfords&amp;minPrice=&amp;categoryId=25573&amp;storeId=10601","name":"Bickfords","count":"1","className":""},{"url":"http://shop.coles.com.au/online/SearchDisplay?searchTermScope=&amp;multiSearch=&amp;searchType=2&amp;maxPrice=&amp;showResultsPage=true&amp;langId=-1&amp;beginIndex=0&amp;sType=SimpleSearch&amp;metaData=&amp;browseView=true&amp;manufacturer=&amp;resultCatEntryType=&amp;catalogId=10576&amp;pageView=image&amp;facet=mfName_ntk_cs%253ABilly%2BTea&amp;minPrice=&amp;categoryId=25573&amp;storeId=10601","name":"Billy Tea","count":"1","className":""},{"url":"http://shop.coles.com.au/online/SearchDisplay?searchTermScope=&amp;multiSearch=&amp;searchType=2&amp;maxPrice=&amp;showResultsPage=true&amp;langId=-1&amp;beginIndex=0&amp;sType=SimpleSearch&amp;metaData=&amp;browseView=true&amp;manufacturer=&amp;resultCatEntryType=&amp;catalogId=10576&amp;pageView=image&amp;facet=mfName_ntk_cs%253ABio%2BNature&amp;minPrice=&amp;categoryId=25573&amp;storeId=10601","name":"Bio Nature","count":"2","className":""},{"url":"http://shop.coles.com.au/online/SearchDisplay?searchTermScope=&amp;multiSearch=&amp;searchType=2&amp;maxPrice=&amp;showResultsPage=true&amp;langId=-1&amp;beginIndex=0&amp;sType=SimpleSearch&amp;metaData=&amp;browseView=true&amp;manufacturer=&amp;resultCatEntryType=&amp;catalogId=10576&amp;pageView=image&amp;facet=mfName_ntk_cs%253ABiogenic&amp;minPrice=&amp;categoryId=25573&amp;storeId=10601","name":"Biogenic","count":"1","className":""},{"url":"http://shop.coles.com.au/online/SearchDisplay?searchTermScope=&amp;multiSearch=&amp;searchType=2&amp;maxPrice=&amp;showResultsPage=true&amp;langId=-1&amp;beginIndex=0&amp;sType=SimpleSearch&amp;metaData=&amp;browseView=true&amp;manufacturer=&amp;resultCatEntryType=&amp;catalogId=10576&amp;pageView=image&amp;facet=mfName_ntk_cs%253ABlack%2BNatural&amp;minPrice=&amp;categoryId=25573&amp;storeId=10601","name":"Black Natural","count":"2","className":""},{"url":"http://shop.coles.com.au/online/SearchDisplay?searchTermScope=&amp;multiSearch=&amp;searchType=2&amp;maxPrice=&amp;showResultsPage=true&amp;langId=-1&amp;beginIndex=0&amp;sType=SimpleSearch&amp;metaData=&amp;browseView=true&amp;manufacturer=&amp;resultCatEntryType=&amp;catalogId=10576&amp;pageView=image&amp;facet=mfName_ntk_cs%253ABlackmores&amp;minPrice=&amp;categoryId=25573&amp;storeId=10601","name":"Blackmores","count":"1","className":""},{"url":"http://shop.coles.com.au/online/SearchDisplay?searchTermScope=&amp;multiSearch=&amp;searchType=2&amp;maxPrice=&amp;showResultsPage=true&amp;langId=-1&amp;beginIndex=0&amp;sType=SimpleSearch&amp;metaData=&amp;browseView=true&amp;manufacturer=&amp;resultCatEntryType=&amp;catalogId=10576&amp;pageView=image&amp;facet=mfName_ntk_cs%253ABlackwood%2BLane&amp;minPrice=&amp;categoryId=25573&amp;storeId=10601","name":"Blackwood Lane","count":"1","className":""},{"url":"http://shop.coles.com.au/online/SearchDisplay?searchTermScope=&amp;multiSearch=&amp;searchType=2&amp;maxPrice=&amp;showResultsPage=true&amp;langId=-1&amp;beginIndex=0&amp;sType=SimpleSearch&amp;metaData=&amp;browseView=true&amp;manufacturer=&amp;resultCatEntryType=&amp;catalogId=10576&amp;pageView=image&amp;facet=mfName_ntk_cs%253ABlessed%2B%2526%2BLucky&amp;minPrice=&amp;categoryId=25573&amp;storeId=10601","name":"Blessed &amp; Lucky","count":"8","className":""},{"url":"http://shop.coles.com.au/online/SearchDisplay?searchTermScope=&amp;multiSearch=&amp;searchType=2&amp;maxPrice=&amp;showResultsPage=true&amp;langId=-1&amp;beginIndex=0&amp;sType=SimpleSearch&amp;metaData=&amp;browseView=true&amp;manufacturer=&amp;resultCatEntryType=&amp;catalogId=10576&amp;pageView=image&amp;facet=mfName_ntk_cs%253ABlu%2BGourmet&amp;minPrice=&amp;categoryId=25573&amp;storeId=10601","name":"Blu Gourmet","count":"1","className":""},{"url":"http://shop.coles.com.au/online/SearchDisplay?searchTermScope=&amp;multiSearch=&amp;searchType=2&amp;maxPrice=&amp;showResultsPage=true&amp;langId=-1&amp;beginIndex=0&amp;sType=SimpleSearch&amp;metaData=&amp;browseView=true&amp;manufacturer=&amp;resultCatEntryType=&amp;catalogId=10576&amp;pageView=image&amp;facet=mfName_ntk_cs%253ABlue%2BBanner&amp;minPrice=&amp;categoryId=25573&amp;storeId=10601","name":"Blue Banner","count":"2","className":""},{"url":"http://shop.coles.com.au/online/SearchDisplay?searchTermScope=&amp;multiSearch=&amp;searchType=2&amp;maxPrice=&amp;showResultsPage=true&amp;langId=-1&amp;beginIndex=0&amp;sType=SimpleSearch&amp;metaData=&amp;browseView=true&amp;manufacturer=&amp;resultCatEntryType=&amp;catalogId=10576&amp;pageView=image&amp;facet=mfName_ntk_cs%253ABlue%2BDragon&amp;minPrice=&amp;categoryId=25573&amp;storeId=10601","name":"Blue Dragon","count":"5","className":""},{"url":"http://shop.coles.com.au/online/SearchDisplay?searchTermScope=&amp;multiSearch=&amp;searchType=2&amp;maxPrice=&amp;showResultsPage=true&amp;langId=-1&amp;beginIndex=0&amp;sType=SimpleSearch&amp;metaData=&amp;browseView=true&amp;manufacturer=&amp;resultCatEntryType=&amp;catalogId=10576&amp;pageView=image&amp;facet=mfName_ntk_cs%253ABlue%2BLabel&amp;minPrice=&amp;categoryId=25573&amp;storeId=10601","name":"Blue Label","count":"1","className":""},{"url":"http://shop.coles.com.au/online/SearchDisplay?searchTermScope=&amp;multiSearch=&amp;searchType=2&amp;maxPrice=&amp;showResultsPage=true&amp;langId=-1&amp;beginIndex=0&amp;sType=SimpleSearch&amp;metaData=&amp;browseView=true&amp;manufacturer=&amp;resultCatEntryType=&amp;catalogId=10576&amp;pageView=image&amp;facet=mfName_ntk_cs%253ABob%2527s%2BRed%2BMill&amp;minPrice=&amp;categoryId=25573&amp;storeId=10601","name":"Bob&#039;s Red Mill","count":"7","className":""},{"url":"http://shop.coles.com.au/online/SearchDisplay?searchTermScope=&amp;multiSearch=&amp;searchType=2&amp;maxPrice=&amp;showResultsPage=true&amp;langId=-1&amp;beginIndex=0&amp;sType=SimpleSearch&amp;metaData=&amp;browseView=true&amp;manufacturer=&amp;resultCatEntryType=&amp;catalogId=10576&amp;pageView=image&amp;facet=mfName_ntk_cs%253ABody%2BTrim&amp;minPrice=&amp;categoryId=25573&amp;storeId=10601","name":"Body Trim","count":"5","className":""},{"url":"http://shop.coles.com.au/online/SearchDisplay?searchTermScope=&amp;multiSearch=&amp;searchType=2&amp;maxPrice=&amp;showResultsPage=true&amp;langId=-1&amp;beginIndex=0&amp;sType=SimpleSearch&amp;metaData=&amp;browseView=true&amp;manufacturer=&amp;resultCatEntryType=&amp;catalogId=10576&amp;pageView=image&amp;facet=mfName_ntk_cs%253ABodytrim&amp;minPrice=&amp;categoryId=25573&amp;storeId=10601","name":"Bodytrim","count":"1","className":""},{"url":"http://shop.coles.com.au/online/SearchDisplay?searchTermScope=&amp;multiSearch=&amp;searchType=2&amp;maxPrice=&amp;showResultsPage=true&amp;langId=-1&amp;beginIndex=0&amp;sType=SimpleSearch&amp;metaData=&amp;browseView=true&amp;manufacturer=&amp;resultCatEntryType=&amp;catalogId=10576&amp;pageView=image&amp;facet=mfName_ntk_cs%253ABogazici&amp;minPrice=&amp;categoryId=25573&amp;storeId=10601","name":"Bogazici","count":"1","className":""},{"url":"http://shop.coles.com.au/online/SearchDisplay?searchTermScope=&amp;multiSearch=&amp;searchType=2&amp;maxPrice=&amp;showResultsPage=true&amp;langId=-1&amp;beginIndex=0&amp;sType=SimpleSearch&amp;metaData=&amp;browseView=true&amp;manufacturer=&amp;resultCatEntryType=&amp;catalogId=10576&amp;pageView=image&amp;facet=mfName_ntk_cs%253ABondi%2BChai&amp;minPrice=&amp;categoryId=25573&amp;storeId=10601","name":"Bondi Chai","count":"1","className":""},{"url":"http://shop.coles.com.au/online/SearchDisplay?searchTermScope=&amp;multiSearch=&amp;searchType=2&amp;maxPrice=&amp;showResultsPage=true&amp;langId=-1&amp;beginIndex=0&amp;sType=SimpleSearch&amp;metaData=&amp;browseView=true&amp;manufacturer=&amp;resultCatEntryType=&amp;catalogId=10576&amp;pageView=image&amp;facet=mfName_ntk_cs%253ABonne%2BMaman&amp;minPrice=&amp;categoryId=25573&amp;storeId=10601","name":"Bonne Maman","count":"10","className":""},{"url":"http://shop.coles.com.au/online/SearchDisplay?searchTermScope=&amp;multiSearch=&amp;searchType=2&amp;maxPrice=&amp;showResultsPage=true&amp;langId=-1&amp;beginIndex=0&amp;sType=SimpleSearch&amp;metaData=&amp;browseView=true&amp;manufacturer=&amp;resultCatEntryType=&amp;catalogId=10576&amp;pageView=image&amp;facet=mfName_ntk_cs%253ABonvit&amp;minPrice=&amp;categoryId=25573&amp;storeId=10601","name":"Bonvit","count":"3","className":""},{"url":"http://shop.coles.com.au/online/SearchDisplay?searchTermScope=&amp;multiSearch=&amp;searchType=2&amp;maxPrice=&amp;showResultsPage=true&amp;langId=-1&amp;beginIndex=0&amp;sType=SimpleSearch&amp;metaData=&amp;browseView=true&amp;manufacturer=&amp;resultCatEntryType=&amp;catalogId=10576&amp;pageView=image&amp;facet=mfName_ntk_cs%253ABounce&amp;minPrice=&amp;categoryId=25573&amp;storeId=10601","name":"Bounce","count":"3","className":""},{"url":"http://shop.coles.com.au/online/SearchDisplay?searchTermScope=&amp;multiSearch=&amp;searchType=2&amp;maxPrice=&amp;showResultsPage=true&amp;langId=-1&amp;beginIndex=0&amp;sType=SimpleSearch&amp;metaData=&amp;browseView=true&amp;manufacturer=&amp;resultCatEntryType=&amp;catalogId=10576&amp;pageView=image&amp;facet=mfName_ntk_cs%253ABovril&amp;minPrice=&amp;categoryId=25573&amp;storeId=10601","name":"Bovril","count":"1","className":""},{"url":"http://shop.coles.com.au/online/SearchDisplay?searchTermScope=&amp;multiSearch=&amp;searchType=2&amp;maxPrice=&amp;showResultsPage=true&amp;langId=-1&amp;beginIndex=0&amp;sType=SimpleSearch&amp;metaData=&amp;browseView=true&amp;manufacturer=&amp;resultCatEntryType=&amp;catalogId=10576&amp;pageView=image&amp;facet=mfName_ntk_cs%253ABrunswick&amp;minPrice=&amp;categoryId=25573&amp;storeId=10601","name":"Brunswick","count":"4","className":""},{"url":"http://shop.coles.com.au/online/SearchDisplay?searchTermScope=&amp;multiSearch=&amp;searchType=2&amp;maxPrice=&amp;showResultsPage=true&amp;langId=-1&amp;beginIndex=0&amp;sType=SimpleSearch&amp;metaData=&amp;browseView=true&amp;manufacturer=&amp;resultCatEntryType=&amp;catalogId=10576&amp;pageView=image&amp;facet=mfName_ntk_cs%253ABuderim&amp;minPrice=&amp;categoryId=25573&amp;storeId=10601","name":"Buderim","count":"5","className":""},{"url":"http://shop.coles.com.au/online/SearchDisplay?searchTermScope=&amp;multiSearch=&amp;searchType=2&amp;maxPrice=&amp;showResultsPage=true&amp;langId=-1&amp;beginIndex=0&amp;sType=SimpleSearch&amp;metaData=&amp;browseView=true&amp;manufacturer=&amp;resultCatEntryType=&amp;catalogId=10576&amp;pageView=image&amp;facet=mfName_ntk_cs%253ABuontempo&amp;minPrice=&amp;categoryId=25573&amp;storeId=10601","name":"Buontempo","count":"2","className":""},{"url":"http://shop.coles.com.au/online/SearchDisplay?searchTermScope=&amp;multiSearch=&amp;searchType=2&amp;maxPrice=&amp;showResultsPage=true&amp;langId=-1&amp;beginIndex=0&amp;sType=SimpleSearch&amp;metaData=&amp;browseView=true&amp;manufacturer=&amp;resultCatEntryType=&amp;catalogId=10576&amp;pageView=image&amp;facet=mfName_ntk_cs%253ABushells&amp;minPrice=&amp;categoryId=25573&amp;storeId=10601","name":"Bushells","count":"7","className":""},{"url":"http://shop.coles.com.au/online/SearchDisplay?searchTermScope=&amp;multiSearch=&amp;searchType=2&amp;maxPrice=&amp;showResultsPage=true&amp;langId=-1&amp;beginIndex=0&amp;sType=SimpleSearch&amp;metaData=&amp;browseView=true&amp;manufacturer=&amp;resultCatEntryType=&amp;catalogId=10576&amp;pageView=image&amp;facet=mfName_ntk_cs%253AButter%2BMenthol&amp;minPrice=&amp;categoryId=25573&amp;storeId=10601","name":"Butter Menthol","count":"4","className":""},{"url":"http://shop.coles.com.au/online/SearchDisplay?searchTermScope=&amp;multiSearch=&amp;searchType=2&amp;maxPrice=&amp;showResultsPage=true&amp;langId=-1&amp;beginIndex=0&amp;sType=SimpleSearch&amp;metaData=&amp;browseView=true&amp;manufacturer=&amp;resultCatEntryType=&amp;catalogId=10576&amp;pageView=image&amp;facet=mfName_ntk_cs%253AButterfingers&amp;minPrice=&amp;categoryId=25573&amp;storeId=10601","name":"Butterfingers","count":"2","className":""},{"url":"http://shop.coles.com.au/online/SearchDisplay?searchTermScope=&amp;multiSearch=&amp;searchType=2&amp;maxPrice=&amp;showResultsPage=true&amp;langId=-1&amp;beginIndex=0&amp;sType=SimpleSearch&amp;metaData=&amp;browseView=true&amp;manufacturer=&amp;resultCatEntryType=&amp;catalogId=10576&amp;pageView=image&amp;facet=mfName_ntk_cs%253ACC%2527s&amp;minPrice=&amp;categoryId=25573&amp;storeId=10601","name":"CC&#039;s","count":"4","className":""},{"url":"http://shop.coles.com.au/online/SearchDisplay?searchTermScope=&amp;multiSearch=&amp;searchType=2&amp;maxPrice=&amp;showResultsPage=true&amp;langId=-1&amp;beginIndex=0&amp;sType=SimpleSearch&amp;metaData=&amp;browseView=true&amp;manufacturer=&amp;resultCatEntryType=&amp;catalogId=10576&amp;pageView=image&amp;facet=mfName_ntk_cs%253ACSR&amp;minPrice=&amp;categoryId=25573&amp;storeId=10601","name":"CSR","count":"29","className":""},{"url":"http://shop.coles.com.au/online/SearchDisplay?searchTermScope=&amp;multiSearch=&amp;searchType=2&amp;maxPrice=&amp;showResultsPage=true&amp;langId=-1&amp;beginIndex=0&amp;sType=SimpleSearch&amp;metaData=&amp;browseView=true&amp;manufacturer=&amp;resultCatEntryType=&amp;catalogId=10576&amp;pageView=image&amp;facet=mfName_ntk_cs%253ACacao%2BTree&amp;minPrice=&amp;categoryId=25573&amp;storeId=10601","name":"Cacao Tree","count":"3","className":""},{"url":"http://shop.coles.com.au/online/SearchDisplay?searchTermScope=&amp;multiSearch=&amp;searchType=2&amp;maxPrice=&amp;showResultsPage=true&amp;langId=-1&amp;beginIndex=0&amp;sType=SimpleSearch&amp;metaData=&amp;browseView=true&amp;manufacturer=&amp;resultCatEntryType=&amp;catalogId=10576&amp;pageView=image&amp;facet=mfName_ntk_cs%253ACadbury&amp;minPrice=&amp;categoryId=25573&amp;storeId=10601","name":"Cadbury","count":"115","className":""},{"url":"http://shop.coles.com.au/online/SearchDisplay?searchTermScope=&amp;multiSearch=&amp;searchType=2&amp;maxPrice=&amp;showResultsPage=true&amp;langId=-1&amp;beginIndex=0&amp;sType=SimpleSearch&amp;metaData=&amp;browseView=true&amp;manufacturer=&amp;resultCatEntryType=&amp;catalogId=10576&amp;pageView=image&amp;facet=mfName_ntk_cs%253ACaffitaly&amp;minPrice=&amp;categoryId=25573&amp;storeId=10601","name":"Caffitaly","count":"3","className":""},{"url":"http://shop.coles.com.au/online/SearchDisplay?searchTermScope=&amp;multiSearch=&amp;searchType=2&amp;maxPrice=&amp;showResultsPage=true&amp;langId=-1&amp;beginIndex=0&amp;sType=SimpleSearch&amp;metaData=&amp;browseView=true&amp;manufacturer=&amp;resultCatEntryType=&amp;catalogId=10576&amp;pageView=image&amp;facet=mfName_ntk_cs%253ACambrian&amp;minPrice=&amp;categoryId=25573&amp;storeId=10601","name":"Cambrian","count":"1","className":""},{"url":"http://shop.coles.com.au/online/SearchDisplay?searchTermScope=&amp;multiSearch=&amp;searchType=2&amp;maxPrice=&amp;showResultsPage=true&amp;langId=-1&amp;beginIndex=0&amp;sType=SimpleSearch&amp;metaData=&amp;browseView=true&amp;manufacturer=&amp;resultCatEntryType=&amp;catalogId=10576&amp;pageView=image&amp;facet=mfName_ntk_cs%253ACampbell%2527s&amp;minPrice=&amp;categoryId=25573&amp;storeId=10601","name":"Campbell&#039;s","count":"66","className":""},{"url":"http://shop.coles.com.au/online/SearchDisplay?searchTermScope=&amp;multiSearch=&amp;searchType=2&amp;maxPrice=&amp;showResultsPage=true&amp;langId=-1&amp;beginIndex=0&amp;sType=SimpleSearch&amp;metaData=&amp;browseView=true&amp;manufacturer=&amp;resultCatEntryType=&amp;catalogId=10576&amp;pageView=image&amp;facet=mfName_ntk_cs%253ACapilano&amp;minPrice=&amp;categoryId=25573&amp;storeId=10601","name":"Capilano","count":"22","className":""},{"url":"http://shop.coles.com.au/online/SearchDisplay?searchTermScope=&amp;multiSearch=&amp;searchType=2&amp;maxPrice=&amp;showResultsPage=true&amp;langId=-1&amp;beginIndex=0&amp;sType=SimpleSearch&amp;metaData=&amp;browseView=true&amp;manufacturer=&amp;resultCatEntryType=&amp;catalogId=10576&amp;pageView=image&amp;facet=mfName_ntk_cs%253ACapriccio&amp;minPrice=&amp;categoryId=25573&amp;storeId=10601","name":"Capriccio","count":"2","className":""},{"url":"http://shop.coles.com.au/online/SearchDisplay?searchTermScope=&amp;multiSearch=&amp;searchType=2&amp;maxPrice=&amp;showResultsPage=true&amp;langId=-1&amp;beginIndex=0&amp;sType=SimpleSearch&amp;metaData=&amp;browseView=true&amp;manufacturer=&amp;resultCatEntryType=&amp;catalogId=10576&amp;pageView=image&amp;facet=mfName_ntk_cs%253ACapricorn&amp;minPrice=&amp;categoryId=25573&amp;storeId=10601","name":"Capricorn","count":"8","className":""},{"url":"http://shop.coles.com.au/online/SearchDisplay?searchTermScope=&amp;multiSearch=&amp;searchType=2&amp;maxPrice=&amp;showResultsPage=true&amp;langId=-1&amp;beginIndex=0&amp;sType=SimpleSearch&amp;metaData=&amp;browseView=true&amp;manufacturer=&amp;resultCatEntryType=&amp;catalogId=10576&amp;pageView=image&amp;facet=mfName_ntk_cs%253ACardinis&amp;minPrice=&amp;categoryId=25573&amp;storeId=10601","name":"Cardinis","count":"1","className":""},{"url":"http://shop.coles.com.au/online/SearchDisplay?searchTermScope=&amp;multiSearch=&amp;searchType=2&amp;maxPrice=&amp;showResultsPage=true&amp;langId=-1&amp;beginIndex=0&amp;sType=SimpleSearch&amp;metaData=&amp;browseView=true&amp;manufacturer=&amp;resultCatEntryType=&amp;catalogId=10576&amp;pageView=image&amp;facet=mfName_ntk_cs%253ACarman%2527s&amp;minPrice=&amp;categoryId=25573&amp;storeId=10601","name":"Carman&#039;s","count":"28","className":""},{"url":"http://shop.coles.com.au/online/SearchDisplay?searchTermScope=&amp;multiSearch=&amp;searchType=2&amp;maxPrice=&amp;showResultsPage=true&amp;langId=-1&amp;beginIndex=0&amp;sType=SimpleSearch&amp;metaData=&amp;browseView=true&amp;manufacturer=&amp;resultCatEntryType=&amp;catalogId=10576&amp;pageView=image&amp;facet=mfName_ntk_cs%253ACarmelina&amp;minPrice=&amp;categoryId=25573&amp;storeId=10601","name":"Carmelina","count":"1","className":""},{"url":"http://shop.coles.com.au/online/SearchDisplay?searchTermScope=&amp;multiSearch=&amp;searchType=2&amp;maxPrice=&amp;showResultsPage=true&amp;langId=-1&amp;beginIndex=0&amp;sType=SimpleSearch&amp;metaData=&amp;browseView=true&amp;manufacturer=&amp;resultCatEntryType=&amp;catalogId=10576&amp;pageView=image&amp;facet=mfName_ntk_cs%253ACarnation&amp;minPrice=&amp;categoryId=25573&amp;storeId=10601","name":"Carnation","count":"3","className":""},{"url":"http://shop.coles.com.au/online/SearchDisplay?searchTermScope=&amp;multiSearch=&amp;searchType=2&amp;maxPrice=&amp;showResultsPage=true&amp;langId=-1&amp;beginIndex=0&amp;sType=SimpleSearch&amp;metaData=&amp;browseView=true&amp;manufacturer=&amp;resultCatEntryType=&amp;catalogId=10576&amp;pageView=image&amp;facet=mfName_ntk_cs%253ACaro&amp;minPrice=&amp;categoryId=25573&amp;storeId=10601","name":"Caro","count":"1","className":""},{"url":"http://shop.coles.com.au/online/SearchDisplay?searchTermScope=&amp;multiSearch=&amp;searchType=2&amp;maxPrice=&amp;showResultsPage=true&amp;langId=-1&amp;beginIndex=0&amp;sType=SimpleSearch&amp;metaData=&amp;browseView=true&amp;manufacturer=&amp;resultCatEntryType=&amp;catalogId=10576&amp;pageView=image&amp;facet=mfName_ntk_cs%253ACarotino&amp;minPrice=&amp;categoryId=25573&amp;storeId=10601","name":"Carotino","count":"1","className":""},{"url":"http://shop.coles.com.au/online/SearchDisplay?searchTermScope=&amp;multiSearch=&amp;searchType=2&amp;maxPrice=&amp;showResultsPage=true&amp;langId=-1&amp;beginIndex=0&amp;sType=SimpleSearch&amp;metaData=&amp;browseView=true&amp;manufacturer=&amp;resultCatEntryType=&amp;catalogId=10576&amp;pageView=image&amp;facet=mfName_ntk_cs%253ACarr%2527s&amp;minPrice=&amp;categoryId=25573&amp;storeId=10601","name":"Carr&#039;s","count":"3","className":""},{"url":"http://shop.coles.com.au/online/SearchDisplay?searchTermScope=&amp;multiSearch=&amp;searchType=2&amp;maxPrice=&amp;showResultsPage=true&amp;langId=-1&amp;beginIndex=0&amp;sType=SimpleSearch&amp;metaData=&amp;browseView=true&amp;manufacturer=&amp;resultCatEntryType=&amp;catalogId=10576&amp;pageView=image&amp;facet=mfName_ntk_cs%253ACarrs&amp;minPrice=&amp;categoryId=25573&amp;storeId=10601","name":"Carrs","count":"1","className":""},{"url":"http://shop.coles.com.au/online/SearchDisplay?searchTermScope=&amp;multiSearch=&amp;searchType=2&amp;maxPrice=&amp;showResultsPage=true&amp;langId=-1&amp;beginIndex=0&amp;sType=SimpleSearch&amp;metaData=&amp;browseView=true&amp;manufacturer=&amp;resultCatEntryType=&amp;catalogId=10576&amp;pageView=image&amp;facet=mfName_ntk_cs%253ACarte%2BNoire&amp;minPrice=&amp;categoryId=25573&amp;storeId=10601","name":"Carte Noire","count":"5","className":""},{"url":"http://shop.coles.com.au/online/SearchDisplay?searchTermScope=&amp;multiSearch=&amp;searchType=2&amp;maxPrice=&amp;showResultsPage=true&amp;langId=-1&amp;beginIndex=0&amp;sType=SimpleSearch&amp;metaData=&amp;browseView=true&amp;manufacturer=&amp;resultCatEntryType=&amp;catalogId=10576&amp;pageView=image&amp;facet=mfName_ntk_cs%253ACasalare&amp;minPrice=&amp;categoryId=25573&amp;storeId=10601","name":"Casalare","count":"1","className":""},{"url":"http://shop.coles.com.au/online/SearchDisplay?searchTermScope=&amp;multiSearch=&amp;searchType=2&amp;maxPrice=&amp;showResultsPage=true&amp;langId=-1&amp;beginIndex=0&amp;sType=SimpleSearch&amp;metaData=&amp;browseView=true&amp;manufacturer=&amp;resultCatEntryType=&amp;catalogId=10576&amp;pageView=image&amp;facet=mfName_ntk_cs%253ACelebrate%2BHealth&amp;minPrice=&amp;categoryId=25573&amp;storeId=10601","name":"Celebrate Health","count":"19","className":""},{"url":"http://shop.coles.com.au/online/SearchDisplay?searchTermScope=&amp;multiSearch=&amp;searchType=2&amp;maxPrice=&amp;showResultsPage=true&amp;langId=-1&amp;beginIndex=0&amp;sType=SimpleSearch&amp;metaData=&amp;browseView=true&amp;manufacturer=&amp;resultCatEntryType=&amp;catalogId=10576&amp;pageView=image&amp;facet=mfName_ntk_cs%253ACelebrity%2BSlim&amp;minPrice=&amp;categoryId=25573&amp;storeId=10601","name":"Celebrity Slim","count":"3","className":""},{"url":"http://shop.coles.com.au/online/SearchDisplay?searchTermScope=&amp;multiSearch=&amp;searchType=2&amp;maxPrice=&amp;showResultsPage=true&amp;langId=-1&amp;beginIndex=0&amp;sType=SimpleSearch&amp;metaData=&amp;browseView=true&amp;manufacturer=&amp;resultCatEntryType=&amp;catalogId=10576&amp;pageView=image&amp;facet=mfName_ntk_cs%253ACelestial%2BSeasonings&amp;minPrice=&amp;categoryId=25573&amp;storeId=10601","name":"Celestial Seasonings","count":"2","className":""},{"url":"http://shop.coles.com.au/online/SearchDisplay?searchTermScope=&amp;multiSearch=&amp;searchType=2&amp;maxPrice=&amp;showResultsPage=true&amp;langId=-1&amp;beginIndex=0&amp;sType=SimpleSearch&amp;metaData=&amp;browseView=true&amp;manufacturer=&amp;resultCatEntryType=&amp;catalogId=10576&amp;pageView=image&amp;facet=mfName_ntk_cs%253ACenovis&amp;minPrice=&amp;categoryId=25573&amp;storeId=10601","name":"Cenovis","count":"3","className":""},{"url":"http://shop.coles.com.au/online/SearchDisplay?searchTermScope=&amp;multiSearch=&amp;searchType=2&amp;maxPrice=&amp;showResultsPage=true&amp;langId=-1&amp;beginIndex=0&amp;sType=SimpleSearch&amp;metaData=&amp;browseView=true&amp;manufacturer=&amp;resultCatEntryType=&amp;catalogId=10576&amp;pageView=image&amp;facet=mfName_ntk_cs%253AChangs&amp;minPrice=&amp;categoryId=25573&amp;storeId=10601","name":"Changs","count":"13","className":""},{"url":"http://shop.coles.com.au/online/SearchDisplay?searchTermScope=&amp;multiSearch=&amp;searchType=2&amp;maxPrice=&amp;showResultsPage=true&amp;langId=-1&amp;beginIndex=0&amp;sType=SimpleSearch&amp;metaData=&amp;browseView=true&amp;manufacturer=&amp;resultCatEntryType=&amp;catalogId=10576&amp;pageView=image&amp;facet=mfName_ntk_cs%253ACharles%2BJacquin&amp;minPrice=&amp;categoryId=25573&amp;storeId=10601","name":"Charles Jacquin","count":"2","className":""},{"url":"http://shop.coles.com.au/online/SearchDisplay?searchTermScope=&amp;multiSearch=&amp;searchType=2&amp;maxPrice=&amp;showResultsPage=true&amp;langId=-1&amp;beginIndex=0&amp;sType=SimpleSearch&amp;metaData=&amp;browseView=true&amp;manufacturer=&amp;resultCatEntryType=&amp;catalogId=10576&amp;pageView=image&amp;facet=mfName_ntk_cs%253ACheetos&amp;minPrice=&amp;categoryId=25573&amp;storeId=10601","name":"Cheetos","count":"2","className":""},{"url":"http://shop.coles.com.au/online/SearchDisplay?searchTermScope=&amp;multiSearch=&amp;searchType=2&amp;maxPrice=&amp;showResultsPage=true&amp;langId=-1&amp;beginIndex=0&amp;sType=SimpleSearch&amp;metaData=&amp;browseView=true&amp;manufacturer=&amp;resultCatEntryType=&amp;catalogId=10576&amp;pageView=image&amp;facet=mfName_ntk_cs%253ACheezels&amp;minPrice=&amp;categoryId=25573&amp;storeId=10601","name":"Cheezels","count":"4","className":""},{"url":"http://shop.coles.com.au/online/SearchDisplay?searchTermScope=&amp;multiSearch=&amp;searchType=2&amp;maxPrice=&amp;showResultsPage=true&amp;langId=-1&amp;beginIndex=0&amp;sType=SimpleSearch&amp;metaData=&amp;browseView=true&amp;manufacturer=&amp;resultCatEntryType=&amp;catalogId=10576&amp;pageView=image&amp;facet=mfName_ntk_cs%253AChef%2527s%2BChoice&amp;minPrice=&amp;categoryId=25573&amp;storeId=10601","name":"Chef&#039;s Choice","count":"10","className":""},{"url":"http://shop.coles.com.au/online/SearchDisplay?searchTermScope=&amp;multiSearch=&amp;searchType=2&amp;maxPrice=&amp;showResultsPage=true&amp;langId=-1&amp;beginIndex=0&amp;sType=SimpleSearch&amp;metaData=&amp;browseView=true&amp;manufacturer=&amp;resultCatEntryType=&amp;catalogId=10576&amp;pageView=image&amp;facet=mfName_ntk_cs%253AChef%2527s%2BKitchen&amp;minPrice=&amp;categoryId=25573&amp;storeId=10601","name":"Chef&#039;s Kitchen","count":"8","className":""},{"url":"http://shop.coles.com.au/online/SearchDisplay?searchTermScope=&amp;multiSearch=&amp;searchType=2&amp;maxPrice=&amp;showResultsPage=true&amp;langId=-1&amp;beginIndex=0&amp;sType=SimpleSearch&amp;metaData=&amp;browseView=true&amp;manufacturer=&amp;resultCatEntryType=&amp;catalogId=10576&amp;pageView=image&amp;facet=mfName_ntk_cs%253AChic%2BNuts&amp;minPrice=&amp;categoryId=25573&amp;storeId=10601","name":"Chic Nuts","count":"1","className":""},{"url":"http://shop.coles.com.au/online/SearchDisplay?searchTermScope=&amp;multiSearch=&amp;searchType=2&amp;maxPrice=&amp;showResultsPage=true&amp;langId=-1&amp;beginIndex=0&amp;sType=SimpleSearch&amp;metaData=&amp;browseView=true&amp;manufacturer=&amp;resultCatEntryType=&amp;catalogId=10576&amp;pageView=image&amp;facet=mfName_ntk_cs%253AChickadees&amp;minPrice=&amp;categoryId=25573&amp;storeId=10601","name":"Chickadees","count":"1","className":""},{"url":"http://shop.coles.com.au/online/SearchDisplay?searchTermScope=&amp;multiSearch=&amp;searchType=2&amp;maxPrice=&amp;showResultsPage=true&amp;langId=-1&amp;beginIndex=0&amp;sType=SimpleSearch&amp;metaData=&amp;browseView=true&amp;manufacturer=&amp;resultCatEntryType=&amp;catalogId=10576&amp;pageView=image&amp;facet=mfName_ntk_cs%253AChocolatier&amp;minPrice=&amp;categoryId=25573&amp;storeId=10601","name":"Chocolatier","count":"1","className":""},{"url":"http://shop.coles.com.au/online/SearchDisplay?searchTermScope=&amp;multiSearch=&amp;searchType=2&amp;maxPrice=&amp;showResultsPage=true&amp;langId=-1&amp;beginIndex=0&amp;sType=SimpleSearch&amp;metaData=&amp;browseView=true&amp;manufacturer=&amp;resultCatEntryType=&amp;catalogId=10576&amp;pageView=image&amp;facet=mfName_ntk_cs%253AChupa%2BChups&amp;minPrice=&amp;categoryId=25573&amp;storeId=10601","name":"Chupa Chups","count":"4","className":""},{"url":"http://shop.coles.com.au/online/SearchDisplay?searchTermScope=&amp;multiSearch=&amp;searchType=2&amp;maxPrice=&amp;showResultsPage=true&amp;langId=-1&amp;beginIndex=0&amp;sType=SimpleSearch&amp;metaData=&amp;browseView=true&amp;manufacturer=&amp;resultCatEntryType=&amp;catalogId=10576&amp;pageView=image&amp;facet=mfName_ntk_cs%253ACiccarese&amp;minPrice=&amp;categoryId=25573&amp;storeId=10601","name":"Ciccarese","count":"1","className":""},{"url":"http://shop.coles.com.au/online/SearchDisplay?searchTermScope=&amp;multiSearch=&amp;searchType=2&amp;maxPrice=&amp;showResultsPage=true&amp;langId=-1&amp;beginIndex=0&amp;sType=SimpleSearch&amp;metaData=&amp;browseView=true&amp;manufacturer=&amp;resultCatEntryType=&amp;catalogId=10576&amp;pageView=image&amp;facet=mfName_ntk_cs%253AClassic%2BAsian&amp;minPrice=&amp;categoryId=25573&amp;storeId=10601","name":"Classic Asian","count":"1","className":""},{"url":"http://shop.coles.com.au/online/SearchDisplay?searchTermScope=&amp;multiSearch=&amp;searchType=2&amp;maxPrice=&amp;showResultsPage=true&amp;langId=-1&amp;beginIndex=0&amp;sType=SimpleSearch&amp;metaData=&amp;browseView=true&amp;manufacturer=&amp;resultCatEntryType=&amp;catalogId=10576&amp;pageView=image&amp;facet=mfName_ntk_cs%253AClive%2Bof%2BIndia&amp;minPrice=&amp;categoryId=25573&amp;storeId=10601","name":"Clive of India","count":"2","className":""},{"url":"http://shop.coles.com.au/online/SearchDisplay?searchTermScope=&amp;multiSearch=&amp;searchType=2&amp;maxPrice=&amp;showResultsPage=true&amp;langId=-1&amp;beginIndex=0&amp;sType=SimpleSearch&amp;metaData=&amp;browseView=true&amp;manufacturer=&amp;resultCatEntryType=&amp;catalogId=10576&amp;pageView=image&amp;facet=mfName_ntk_cs%253ACobram%2BEstate&amp;minPrice=&amp;categoryId=25573&amp;storeId=10601","name":"Cobram Estate","count":"13","className":""},{"url":"http://shop.coles.com.au/online/SearchDisplay?searchTermScope=&amp;multiSearch=&amp;searchType=2&amp;maxPrice=&amp;showResultsPage=true&amp;langId=-1&amp;beginIndex=0&amp;sType=SimpleSearch&amp;metaData=&amp;browseView=true&amp;manufacturer=&amp;resultCatEntryType=&amp;catalogId=10576&amp;pageView=image&amp;facet=mfName_ntk_cs%253ACobs&amp;minPrice=&amp;categoryId=25573&amp;storeId=10601","name":"Cobs","count":"2","className":""},{"url":"http://shop.coles.com.au/online/SearchDisplay?searchTermScope=&amp;multiSearch=&amp;searchType=2&amp;maxPrice=&amp;showResultsPage=true&amp;langId=-1&amp;beginIndex=0&amp;sType=SimpleSearch&amp;metaData=&amp;browseView=true&amp;manufacturer=&amp;resultCatEntryType=&amp;catalogId=10576&amp;pageView=image&amp;facet=mfName_ntk_cs%253ACobs%2BClassic&amp;minPrice=&amp;categoryId=25573&amp;storeId=10601","name":"Cobs Classic","count":"1","className":""},{"url":"http://shop.coles.com.au/online/SearchDisplay?searchTermScope=&amp;multiSearch=&amp;searchType=2&amp;maxPrice=&amp;showResultsPage=true&amp;langId=-1&amp;beginIndex=0&amp;sType=SimpleSearch&amp;metaData=&amp;browseView=true&amp;manufacturer=&amp;resultCatEntryType=&amp;catalogId=10576&amp;pageView=image&amp;facet=mfName_ntk_cs%253AColavita&amp;minPrice=&amp;categoryId=25573&amp;storeId=10601","name":"Colavita","count":"1","className":""},{"url":"http://shop.coles.com.au/online/SearchDisplay?searchTermScope=&amp;multiSearch=&amp;searchType=2&amp;maxPrice=&amp;showResultsPage=true&amp;langId=-1&amp;beginIndex=0&amp;sType=SimpleSearch&amp;metaData=&amp;browseView=true&amp;manufacturer=&amp;resultCatEntryType=&amp;catalogId=10576&amp;pageView=image&amp;facet=mfName_ntk_cs%253AColes&amp;minPrice=&amp;categoryId=25573&amp;storeId=10601","name":"Coles","count":"672","className":""},{"url":"http://shop.coles.com.au/online/SearchDisplay?searchTermScope=&amp;multiSearch=&amp;searchType=2&amp;maxPrice=&amp;showResultsPage=true&amp;langId=-1&amp;beginIndex=0&amp;sType=SimpleSearch&amp;metaData=&amp;browseView=true&amp;manufacturer=&amp;resultCatEntryType=&amp;catalogId=10576&amp;pageView=image&amp;facet=mfName_ntk_cs%253AColes%2BFinest&amp;minPrice=&amp;categoryId=25573&amp;storeId=10601","name":"Coles Finest","count":"15","className":""},{"url":"http://shop.coles.com.au/online/SearchDisplay?searchTermScope=&amp;multiSearch=&amp;searchType=2&amp;maxPrice=&amp;showResultsPage=true&amp;langId=-1&amp;beginIndex=0&amp;sType=SimpleSearch&amp;metaData=&amp;browseView=true&amp;manufacturer=&amp;resultCatEntryType=&amp;catalogId=10576&amp;pageView=image&amp;facet=mfName_ntk_cs%253AColes%2BFresh&amp;minPrice=&amp;categoryId=25573&amp;storeId=10601","name":"Coles Fresh","count":"2","className":""},{"url":"http://shop.coles.com.au/online/SearchDisplay?searchTermScope=&amp;multiSearch=&amp;searchType=2&amp;maxPrice=&amp;showResultsPage=true&amp;langId=-1&amp;beginIndex=0&amp;sType=SimpleSearch&amp;metaData=&amp;browseView=true&amp;manufacturer=&amp;resultCatEntryType=&amp;catalogId=10576&amp;pageView=image&amp;facet=mfName_ntk_cs%253AColes%2BItalian&amp;minPrice=&amp;categoryId=25573&amp;storeId=10601","name":"Coles Italian","count":"7","className":""},{"url":"http://shop.coles.com.au/online/SearchDisplay?searchTermScope=&amp;multiSearch=&amp;searchType=2&amp;maxPrice=&amp;showResultsPage=true&amp;langId=-1&amp;beginIndex=0&amp;sType=SimpleSearch&amp;metaData=&amp;browseView=true&amp;manufacturer=&amp;resultCatEntryType=&amp;catalogId=10576&amp;pageView=image&amp;facet=mfName_ntk_cs%253AColes%2BOnline&amp;minPrice=&amp;categoryId=25573&amp;storeId=10601","name":"Coles Online","count":"1","className":""},{"url":"http://shop.coles.com.au/online/SearchDisplay?searchTermScope=&amp;multiSearch=&amp;searchType=2&amp;maxPrice=&amp;showResultsPage=true&amp;langId=-1&amp;beginIndex=0&amp;sType=SimpleSearch&amp;metaData=&amp;browseView=true&amp;manufacturer=&amp;resultCatEntryType=&amp;catalogId=10576&amp;pageView=image&amp;facet=mfName_ntk_cs%253AColes%2BSimply&amp;minPrice=&amp;categoryId=25573&amp;storeId=10601","name":"Coles Simply","count":"2","className":""},{"url":"http://shop.coles.com.au/online/SearchDisplay?searchTermScope=&amp;multiSearch=&amp;searchType=2&amp;maxPrice=&amp;showResultsPage=true&amp;langId=-1&amp;beginIndex=0&amp;sType=SimpleSearch&amp;metaData=&amp;browseView=true&amp;manufacturer=&amp;resultCatEntryType=&amp;catalogId=10576&amp;pageView=image&amp;facet=mfName_ntk_cs%253AColes%2BSimply%2BGluten%2BFree&amp;minPrice=&amp;categoryId=25573&amp;storeId=10601","name":"Coles Simply Gluten Free","count":"38","className":""},{"url":"http://shop.coles.com.au/online/SearchDisplay?searchTermScope=&amp;multiSearch=&amp;searchType=2&amp;maxPrice=&amp;showResultsPage=true&amp;langId=-1&amp;beginIndex=0&amp;sType=SimpleSearch&amp;metaData=&amp;browseView=true&amp;manufacturer=&amp;resultCatEntryType=&amp;catalogId=10576&amp;pageView=image&amp;facet=mfName_ntk_cs%253AColes%2BSimply%2BLess&amp;minPrice=&amp;categoryId=25573&amp;storeId=10601","name":"Coles Simply Less","count":"13","className":""},{"url":"http://shop.coles.com.au/online/SearchDisplay?searchTermScope=&amp;multiSearch=&amp;searchType=2&amp;maxPrice=&amp;showResultsPage=true&amp;langId=-1&amp;beginIndex=0&amp;sType=SimpleSearch&amp;metaData=&amp;browseView=true&amp;manufacturer=&amp;resultCatEntryType=&amp;catalogId=10576&amp;pageView=image&amp;facet=mfName_ntk_cs%253AColes%2BSmart%2BBuy&amp;minPrice=&amp;categoryId=25573&amp;storeId=10601","name":"Coles Smart Buy","count":"81","className":""},{"url":"http://shop.coles.com.au/online/SearchDisplay?searchTermScope=&amp;multiSearch=&amp;searchType=2&amp;maxPrice=&amp;showResultsPage=true&amp;langId=-1&amp;beginIndex=0&amp;sType=SimpleSearch&amp;metaData=&amp;browseView=true&amp;manufacturer=&amp;resultCatEntryType=&amp;catalogId=10576&amp;pageView=image&amp;facet=mfName_ntk_cs%253AColomba&amp;minPrice=&amp;categoryId=25573&amp;storeId=10601","name":"Colomba","count":"2","className":""},{"url":"http://shop.coles.com.au/online/SearchDisplay?searchTermScope=&amp;multiSearch=&amp;searchType=2&amp;maxPrice=&amp;showResultsPage=true&amp;langId=-1&amp;beginIndex=0&amp;sType=SimpleSearch&amp;metaData=&amp;browseView=true&amp;manufacturer=&amp;resultCatEntryType=&amp;catalogId=10576&amp;pageView=image&amp;facet=mfName_ntk_cs%253AConimex&amp;minPrice=&amp;categoryId=25573&amp;storeId=10601","name":"Conimex","count":"2","className":""},{"url":"http://shop.coles.com.au/online/SearchDisplay?searchTermScope=&amp;multiSearch=&amp;searchType=2&amp;maxPrice=&amp;showResultsPage=true&amp;langId=-1&amp;beginIndex=0&amp;sType=SimpleSearch&amp;metaData=&amp;browseView=true&amp;manufacturer=&amp;resultCatEntryType=&amp;catalogId=10576&amp;pageView=image&amp;facet=mfName_ntk_cs%253AContinental&amp;minPrice=&amp;categoryId=25573&amp;storeId=10601","name":"Continental","count":"123","className":""},{"url":"http://shop.coles.com.au/online/SearchDisplay?searchTermScope=&amp;multiSearch=&amp;searchType=2&amp;maxPrice=&amp;showResultsPage=true&amp;langId=-1&amp;beginIndex=0&amp;sType=SimpleSearch&amp;metaData=&amp;browseView=true&amp;manufacturer=&amp;resultCatEntryType=&amp;catalogId=10576&amp;pageView=image&amp;facet=mfName_ntk_cs%253ACook%2BSimple&amp;minPrice=&amp;categoryId=25573&amp;storeId=10601","name":"Cook Simple","count":"3","className":""},{"url":"http://shop.coles.com.au/online/SearchDisplay?searchTermScope=&amp;multiSearch=&amp;searchType=2&amp;maxPrice=&amp;showResultsPage=true&amp;langId=-1&amp;beginIndex=0&amp;sType=SimpleSearch&amp;metaData=&amp;browseView=true&amp;manufacturer=&amp;resultCatEntryType=&amp;catalogId=10576&amp;pageView=image&amp;facet=mfName_ntk_cs%253ACoolpak&amp;minPrice=&amp;categoryId=25573&amp;storeId=10601","name":"Coolpak","count":"1","className":""},{"url":"http://shop.coles.com.au/online/SearchDisplay?searchTermScope=&amp;multiSearch=&amp;searchType=2&amp;maxPrice=&amp;showResultsPage=true&amp;langId=-1&amp;beginIndex=0&amp;sType=SimpleSearch&amp;metaData=&amp;browseView=true&amp;manufacturer=&amp;resultCatEntryType=&amp;catalogId=10576&amp;pageView=image&amp;facet=mfName_ntk_cs%253ACornwells&amp;minPrice=&amp;categoryId=25573&amp;storeId=10601","name":"Cornwells","count":"13","className":""},{"url":"http://shop.coles.com.au/online/SearchDisplay?searchTermScope=&amp;multiSearch=&amp;searchType=2&amp;maxPrice=&amp;showResultsPage=true&amp;langId=-1&amp;beginIndex=0&amp;sType=SimpleSearch&amp;metaData=&amp;browseView=true&amp;manufacturer=&amp;resultCatEntryType=&amp;catalogId=10576&amp;pageView=image&amp;facet=mfName_ntk_cs%253ACottee%2527s&amp;minPrice=&amp;categoryId=25573&amp;storeId=10601","name":"Cottee&#039;s","count":"17","className":""},{"url":"http://shop.coles.com.au/online/SearchDisplay?searchTermScope=&amp;multiSearch=&amp;searchType=2&amp;maxPrice=&amp;showResultsPage=true&amp;langId=-1&amp;beginIndex=0&amp;sType=SimpleSearch&amp;metaData=&amp;browseView=true&amp;manufacturer=&amp;resultCatEntryType=&amp;catalogId=10576&amp;pageView=image&amp;facet=mfName_ntk_cs%253ACountry%2BWomens%2BAssociation&amp;minPrice=&amp;categoryId=25573&amp;storeId=10601","name":"Country Womens Association","count":"1","className":""},{"url":"http://shop.coles.com.au/online/SearchDisplay?searchTermScope=&amp;multiSearch=&amp;searchType=2&amp;maxPrice=&amp;showResultsPage=true&amp;langId=-1&amp;beginIndex=0&amp;sType=SimpleSearch&amp;metaData=&amp;browseView=true&amp;manufacturer=&amp;resultCatEntryType=&amp;catalogId=10576&amp;pageView=image&amp;facet=mfName_ntk_cs%253ACreative%2BKitchen&amp;minPrice=&amp;categoryId=25573&amp;storeId=10601","name":"Creative Kitchen","count":"4","className":""},{"url":"http://shop.coles.com.au/online/SearchDisplay?searchTermScope=&amp;multiSearch=&amp;searchType=2&amp;maxPrice=&amp;showResultsPage=true&amp;langId=-1&amp;beginIndex=0&amp;sType=SimpleSearch&amp;metaData=&amp;browseView=true&amp;manufacturer=&amp;resultCatEntryType=&amp;catalogId=10576&amp;pageView=image&amp;facet=mfName_ntk_cs%253ACrisco&amp;minPrice=&amp;categoryId=25573&amp;storeId=10601","name":"Crisco","count":"4","className":""},{"url":"http://shop.coles.com.au/online/SearchDisplay?searchTermScope=&amp;multiSearch=&amp;searchType=2&amp;maxPrice=&amp;showResultsPage=true&amp;langId=-1&amp;beginIndex=0&amp;sType=SimpleSearch&amp;metaData=&amp;browseView=true&amp;manufacturer=&amp;resultCatEntryType=&amp;catalogId=10576&amp;pageView=image&amp;facet=mfName_ntk_cs%253ACrosse%2B%2526%2BBlackwell&amp;minPrice=&amp;categoryId=25573&amp;storeId=10601","name":"Crosse &amp; Blackwell","count":"1","className":""},{"url":"http://shop.coles.com.au/online/SearchDisplay?searchTermScope=&amp;multiSearch=&amp;searchType=2&amp;maxPrice=&amp;showResultsPage=true&amp;langId=-1&amp;beginIndex=0&amp;sType=SimpleSearch&amp;metaData=&amp;browseView=true&amp;manufacturer=&amp;resultCatEntryType=&amp;catalogId=10576&amp;pageView=image&amp;facet=mfName_ntk_cs%253ACrown%2BZappo&amp;minPrice=&amp;categoryId=25573&amp;storeId=10601","name":"Crown Zappo","count":"2","className":""},{"url":"http://shop.coles.com.au/online/SearchDisplay?searchTermScope=&amp;multiSearch=&amp;searchType=2&amp;maxPrice=&amp;showResultsPage=true&amp;langId=-1&amp;beginIndex=0&amp;sType=SimpleSearch&amp;metaData=&amp;browseView=true&amp;manufacturer=&amp;resultCatEntryType=&amp;catalogId=10576&amp;pageView=image&amp;facet=mfName_ntk_cs%253ADamia&amp;minPrice=&amp;categoryId=25573&amp;storeId=10601","name":"Damia","count":"1","className":""},{"url":"http://shop.coles.com.au/online/SearchDisplay?searchTermScope=&amp;multiSearch=&amp;searchType=2&amp;maxPrice=&amp;showResultsPage=true&amp;langId=-1&amp;beginIndex=0&amp;sType=SimpleSearch&amp;metaData=&amp;browseView=true&amp;manufacturer=&amp;resultCatEntryType=&amp;catalogId=10576&amp;pageView=image&amp;facet=mfName_ntk_cs%253ADamla&amp;minPrice=&amp;categoryId=25573&amp;storeId=10601","name":"Damla","count":"1","className":""},{"url":"http://shop.coles.com.au/online/SearchDisplay?searchTermScope=&amp;multiSearch=&amp;searchType=2&amp;maxPrice=&amp;showResultsPage=true&amp;langId=-1&amp;beginIndex=0&amp;sType=SimpleSearch&amp;metaData=&amp;browseView=true&amp;manufacturer=&amp;resultCatEntryType=&amp;catalogId=10576&amp;pageView=image&amp;facet=mfName_ntk_cs%253ADarrell%2BLea&amp;minPrice=&amp;categoryId=25573&amp;storeId=10601","name":"Darrell Lea","count":"20","className":""},{"url":"http://shop.coles.com.au/online/SearchDisplay?searchTermScope=&amp;multiSearch=&amp;searchType=2&amp;maxPrice=&amp;showResultsPage=true&amp;langId=-1&amp;beginIndex=0&amp;sType=SimpleSearch&amp;metaData=&amp;browseView=true&amp;manufacturer=&amp;resultCatEntryType=&amp;catalogId=10576&amp;pageView=image&amp;facet=mfName_ntk_cs%253ADavis&amp;minPrice=&amp;categoryId=25573&amp;storeId=10601","name":"Davis","count":"1","className":""},{"url":"http://shop.coles.com.au/online/SearchDisplay?searchTermScope=&amp;multiSearch=&amp;searchType=2&amp;maxPrice=&amp;showResultsPage=true&amp;langId=-1&amp;beginIndex=0&amp;sType=SimpleSearch&amp;metaData=&amp;browseView=true&amp;manufacturer=&amp;resultCatEntryType=&amp;catalogId=10576&amp;pageView=image&amp;facet=mfName_ntk_cs%253ADeb&amp;minPrice=&amp;categoryId=25573&amp;storeId=10601","name":"Deb","count":"2","className":""},{"url":"http://shop.coles.com.au/online/SearchDisplay?searchTermScope=&amp;multiSearch=&amp;searchType=2&amp;maxPrice=&amp;showResultsPage=true&amp;langId=-1&amp;beginIndex=0&amp;sType=SimpleSearch&amp;metaData=&amp;browseView=true&amp;manufacturer=&amp;resultCatEntryType=&amp;catalogId=10576&amp;pageView=image&amp;facet=mfName_ntk_cs%253ADefiance&amp;minPrice=&amp;categoryId=25573&amp;storeId=10601","name":"Defiance","count":"2","className":""},{"url":"http://shop.coles.com.au/online/SearchDisplay?searchTermScope=&amp;multiSearch=&amp;searchType=2&amp;maxPrice=&amp;showResultsPage=true&amp;langId=-1&amp;beginIndex=0&amp;sType=SimpleSearch&amp;metaData=&amp;browseView=true&amp;manufacturer=&amp;resultCatEntryType=&amp;catalogId=10576&amp;pageView=image&amp;facet=mfName_ntk_cs%253ADelamaris&amp;minPrice=&amp;categoryId=25573&amp;storeId=10601","name":"Delamaris","count":"4","className":""},{"url":"http://shop.coles.com.au/online/SearchDisplay?searchTermScope=&amp;multiSearch=&amp;searchType=2&amp;maxPrice=&amp;showResultsPage=true&amp;langId=-1&amp;beginIndex=0&amp;sType=SimpleSearch&amp;metaData=&amp;browseView=true&amp;manufacturer=&amp;resultCatEntryType=&amp;catalogId=10576&amp;pageView=image&amp;facet=mfName_ntk_cs%253ADelicius&amp;minPrice=&amp;categoryId=25573&amp;storeId=10601","name":"Delicius","count":"1","className":""},{"url":"http://shop.coles.com.au/online/SearchDisplay?searchTermScope=&amp;multiSearch=&amp;searchType=2&amp;maxPrice=&amp;showResultsPage=true&amp;langId=-1&amp;beginIndex=0&amp;sType=SimpleSearch&amp;metaData=&amp;browseView=true&amp;manufacturer=&amp;resultCatEntryType=&amp;catalogId=10576&amp;pageView=image&amp;facet=mfName_ntk_cs%253ADelish&amp;minPrice=&amp;categoryId=25573&amp;storeId=10601","name":"Delish","count":"1","className":""},{"url":"http://shop.coles.com.au/online/SearchDisplay?searchTermScope=&amp;multiSearch=&amp;searchType=2&amp;maxPrice=&amp;showResultsPage=true&amp;langId=-1&amp;beginIndex=0&amp;sType=SimpleSearch&amp;metaData=&amp;browseView=true&amp;manufacturer=&amp;resultCatEntryType=&amp;catalogId=10576&amp;pageView=image&amp;facet=mfName_ntk_cs%253ADelta&amp;minPrice=&amp;categoryId=25573&amp;storeId=10601","name":"Delta","count":"2","className":""},{"url":"http://shop.coles.com.au/online/SearchDisplay?searchTermScope=&amp;multiSearch=&amp;searchType=2&amp;maxPrice=&amp;showResultsPage=true&amp;langId=-1&amp;beginIndex=0&amp;sType=SimpleSearch&amp;metaData=&amp;browseView=true&amp;manufacturer=&amp;resultCatEntryType=&amp;catalogId=10576&amp;pageView=image&amp;facet=mfName_ntk_cs%253ADevondale&amp;minPrice=&amp;categoryId=25573&amp;storeId=10601","name":"Devondale","count":"5","className":""},{"url":"http://shop.coles.com.au/online/SearchDisplay?searchTermScope=&amp;multiSearch=&amp;searchType=2&amp;maxPrice=&amp;showResultsPage=true&amp;langId=-1&amp;beginIndex=0&amp;sType=SimpleSearch&amp;metaData=&amp;browseView=true&amp;manufacturer=&amp;resultCatEntryType=&amp;catalogId=10576&amp;pageView=image&amp;facet=mfName_ntk_cs%253ADick%2BSmith&amp;minPrice=&amp;categoryId=25573&amp;storeId=10601","name":"Dick Smith","count":"8","className":""},{"url":"http://shop.coles.com.au/online/SearchDisplay?searchTermScope=&amp;multiSearch=&amp;searchType=2&amp;maxPrice=&amp;showResultsPage=true&amp;langId=-1&amp;beginIndex=0&amp;sType=SimpleSearch&amp;metaData=&amp;browseView=true&amp;manufacturer=&amp;resultCatEntryType=&amp;catalogId=10576&amp;pageView=image&amp;facet=mfName_ntk_cs%253ADiet%2BRite&amp;minPrice=&amp;categoryId=25573&amp;storeId=10601","name":"Diet Rite","count":"1","className":""},{"url":"http://shop.coles.com.au/online/SearchDisplay?searchTermScope=&amp;multiSearch=&amp;searchType=2&amp;maxPrice=&amp;showResultsPage=true&amp;langId=-1&amp;beginIndex=0&amp;sType=SimpleSearch&amp;metaData=&amp;browseView=true&amp;manufacturer=&amp;resultCatEntryType=&amp;catalogId=10576&amp;pageView=image&amp;facet=mfName_ntk_cs%253ADilmah&amp;minPrice=&amp;categoryId=25573&amp;storeId=10601","name":"Dilmah","count":"17","className":""},{"url":"http://shop.coles.com.au/online/SearchDisplay?searchTermScope=&amp;multiSearch=&amp;searchType=2&amp;maxPrice=&amp;showResultsPage=true&amp;langId=-1&amp;beginIndex=0&amp;sType=SimpleSearch&amp;metaData=&amp;browseView=true&amp;manufacturer=&amp;resultCatEntryType=&amp;catalogId=10576&amp;pageView=image&amp;facet=mfName_ntk_cs%253ADivella&amp;minPrice=&amp;categoryId=25573&amp;storeId=10601","name":"Divella","count":"3","className":""},{"url":"http://shop.coles.com.au/online/SearchDisplay?searchTermScope=&amp;multiSearch=&amp;searchType=2&amp;maxPrice=&amp;showResultsPage=true&amp;langId=-1&amp;beginIndex=0&amp;sType=SimpleSearch&amp;metaData=&amp;browseView=true&amp;manufacturer=&amp;resultCatEntryType=&amp;catalogId=10576&amp;pageView=image&amp;facet=mfName_ntk_cs%253ADogadan&amp;minPrice=&amp;categoryId=25573&amp;storeId=10601","name":"Dogadan","count":"3","className":""},{"url":"http://shop.coles.com.au/online/SearchDisplay?searchTermScope=&amp;multiSearch=&amp;searchType=2&amp;maxPrice=&amp;showResultsPage=true&amp;langId=-1&amp;beginIndex=0&amp;sType=SimpleSearch&amp;metaData=&amp;browseView=true&amp;manufacturer=&amp;resultCatEntryType=&amp;catalogId=10576&amp;pageView=image&amp;facet=mfName_ntk_cs%253ADolce%2BGusto&amp;minPrice=&amp;categoryId=25573&amp;storeId=10601","name":"Dolce Gusto","count":"1","className":""},{"url":"http://shop.coles.com.au/online/SearchDisplay?searchTermScope=&amp;multiSearch=&amp;searchType=2&amp;maxPrice=&amp;showResultsPage=true&amp;langId=-1&amp;beginIndex=0&amp;sType=SimpleSearch&amp;metaData=&amp;browseView=true&amp;manufacturer=&amp;resultCatEntryType=&amp;catalogId=10576&amp;pageView=image&amp;facet=mfName_ntk_cs%253ADole&amp;minPrice=&amp;categoryId=25573&amp;storeId=10601","name":"Dole","count":"4","className":""},{"url":"http://shop.coles.com.au/online/SearchDisplay?searchTermScope=&amp;multiSearch=&amp;searchType=2&amp;maxPrice=&amp;showResultsPage=true&amp;langId=-1&amp;beginIndex=0&amp;sType=SimpleSearch&amp;metaData=&amp;browseView=true&amp;manufacturer=&amp;resultCatEntryType=&amp;catalogId=10576&amp;pageView=image&amp;facet=mfName_ntk_cs%253ADollar%2BSweets&amp;minPrice=&amp;categoryId=25573&amp;storeId=10601","name":"Dollar Sweets","count":"3","className":""},{"url":"http://shop.coles.com.au/online/SearchDisplay?searchTermScope=&amp;multiSearch=&amp;searchType=2&amp;maxPrice=&amp;showResultsPage=true&amp;langId=-1&amp;beginIndex=0&amp;sType=SimpleSearch&amp;metaData=&amp;browseView=true&amp;manufacturer=&amp;resultCatEntryType=&amp;catalogId=10576&amp;pageView=image&amp;facet=mfName_ntk_cs%253ADolmio&amp;minPrice=&amp;categoryId=25573&amp;storeId=10601","name":"Dolmio","count":"33","className":""},{"url":"http://shop.coles.com.au/online/SearchDisplay?searchTermScope=&amp;multiSearch=&amp;searchType=2&amp;maxPrice=&amp;showResultsPage=true&amp;langId=-1&amp;beginIndex=0&amp;sType=SimpleSearch&amp;metaData=&amp;browseView=true&amp;manufacturer=&amp;resultCatEntryType=&amp;catalogId=10576&amp;pageView=image&amp;facet=mfName_ntk_cs%253ADolmio%2BAustralian%2BGrown&amp;minPrice=&amp;categoryId=25573&amp;storeId=10601","name":"Dolmio Australian Grown","count":"3","className":""},{"url":"http://shop.coles.com.au/online/SearchDisplay?searchTermScope=&amp;multiSearch=&amp;searchType=2&amp;maxPrice=&amp;showResultsPage=true&amp;langId=-1&amp;beginIndex=0&amp;sType=SimpleSearch&amp;metaData=&amp;browseView=true&amp;manufacturer=&amp;resultCatEntryType=&amp;catalogId=10576&amp;pageView=image&amp;facet=mfName_ntk_cs%253ADonna%2BHay&amp;minPrice=&amp;categoryId=25573&amp;storeId=10601","name":"Donna Hay","count":"2","className":""},{"url":"http://shop.coles.com.au/online/SearchDisplay?searchTermScope=&amp;multiSearch=&amp;searchType=2&amp;maxPrice=&amp;showResultsPage=true&amp;langId=-1&amp;beginIndex=0&amp;sType=SimpleSearch&amp;metaData=&amp;browseView=true&amp;manufacturer=&amp;resultCatEntryType=&amp;catalogId=10576&amp;pageView=image&amp;facet=mfName_ntk_cs%253ADoritos&amp;minPrice=&amp;categoryId=25573&amp;storeId=10601","name":"Doritos","count":"9","className":""},{"url":"http://shop.coles.com.au/online/SearchDisplay?searchTermScope=&amp;multiSearch=&amp;searchType=2&amp;maxPrice=&amp;showResultsPage=true&amp;langId=-1&amp;beginIndex=0&amp;sType=SimpleSearch&amp;metaData=&amp;browseView=true&amp;manufacturer=&amp;resultCatEntryType=&amp;catalogId=10576&amp;pageView=image&amp;facet=mfName_ntk_cs%253ADouble%2BPhoenix&amp;minPrice=&amp;categoryId=25573&amp;storeId=10601","name":"Double Phoenix","count":"3","className":""},{"url":"http://shop.coles.com.au/online/SearchDisplay?searchTermScope=&amp;multiSearch=&amp;searchType=2&amp;maxPrice=&amp;showResultsPage=true&amp;langId=-1&amp;beginIndex=0&amp;sType=SimpleSearch&amp;metaData=&amp;browseView=true&amp;manufacturer=&amp;resultCatEntryType=&amp;catalogId=10576&amp;pageView=image&amp;facet=mfName_ntk_cs%253ADr%2BMcDougall%2527s&amp;minPrice=&amp;categoryId=25573&amp;storeId=10601","name":"Dr McDougall&#039;s","count":"3","className":""},{"url":"http://shop.coles.com.au/online/SearchDisplay?searchTermScope=&amp;multiSearch=&amp;searchType=2&amp;maxPrice=&amp;showResultsPage=true&amp;langId=-1&amp;beginIndex=0&amp;sType=SimpleSearch&amp;metaData=&amp;browseView=true&amp;manufacturer=&amp;resultCatEntryType=&amp;catalogId=10576&amp;pageView=image&amp;facet=mfName_ntk_cs%253ADr%2BOlivee&amp;minPrice=&amp;categoryId=25573&amp;storeId=10601","name":"Dr Olivee","count":"3","className":""},{"url":"http://shop.coles.com.au/online/SearchDisplay?searchTermScope=&amp;multiSearch=&amp;searchType=2&amp;maxPrice=&amp;showResultsPage=true&amp;langId=-1&amp;beginIndex=0&amp;sType=SimpleSearch&amp;metaData=&amp;browseView=true&amp;manufacturer=&amp;resultCatEntryType=&amp;catalogId=10576&amp;pageView=image&amp;facet=mfName_ntk_cs%253ADr%2BSchar&amp;minPrice=&amp;categoryId=25573&amp;storeId=10601","name":"Dr Schar","count":"6","className":""},{"url":"http://shop.coles.com.au/online/SearchDisplay?searchTermScope=&amp;multiSearch=&amp;searchType=2&amp;maxPrice=&amp;showResultsPage=true&amp;langId=-1&amp;beginIndex=0&amp;sType=SimpleSearch&amp;metaData=&amp;browseView=true&amp;manufacturer=&amp;resultCatEntryType=&amp;catalogId=10576&amp;pageView=image&amp;facet=mfName_ntk_cs%253ADr%2BStuart%2527s&amp;minPrice=&amp;categoryId=25573&amp;storeId=10601","name":"Dr Stuart&#039;s","count":"4","className":""},{"url":"http://shop.coles.com.au/online/SearchDisplay?searchTermScope=&amp;multiSearch=&amp;searchType=2&amp;maxPrice=&amp;showResultsPage=true&amp;langId=-1&amp;beginIndex=0&amp;sType=SimpleSearch&amp;metaData=&amp;browseView=true&amp;manufacturer=&amp;resultCatEntryType=&amp;catalogId=10576&amp;pageView=image&amp;facet=mfName_ntk_cs%253ADragon%2B%2526%2BPhoenix&amp;minPrice=&amp;categoryId=25573&amp;storeId=10601","name":"Dragon &amp; Phoenix","count":"2","className":""},{"url":"http://shop.coles.com.au/online/SearchDisplay?searchTermScope=&amp;multiSearch=&amp;searchType=2&amp;maxPrice=&amp;showResultsPage=true&amp;langId=-1&amp;beginIndex=0&amp;sType=SimpleSearch&amp;metaData=&amp;browseView=true&amp;manufacturer=&amp;resultCatEntryType=&amp;catalogId=10576&amp;pageView=image&amp;facet=mfName_ntk_cs%253ADucks&amp;minPrice=&amp;categoryId=25573&amp;storeId=10601","name":"Ducks","count":"3","className":""},{"url":"http://shop.coles.com.au/online/SearchDisplay?searchTermScope=&amp;multiSearch=&amp;searchType=2&amp;maxPrice=&amp;showResultsPage=true&amp;langId=-1&amp;beginIndex=0&amp;sType=SimpleSearch&amp;metaData=&amp;browseView=true&amp;manufacturer=&amp;resultCatEntryType=&amp;catalogId=10576&amp;pageView=image&amp;facet=mfName_ntk_cs%253ADurra&amp;minPrice=&amp;categoryId=25573&amp;storeId=10601","name":"Durra","count":"2","className":""},{"url":"http://shop.coles.com.au/online/SearchDisplay?searchTermScope=&amp;multiSearch=&amp;searchType=2&amp;maxPrice=&amp;showResultsPage=true&amp;langId=-1&amp;beginIndex=0&amp;sType=SimpleSearch&amp;metaData=&amp;browseView=true&amp;manufacturer=&amp;resultCatEntryType=&amp;catalogId=10576&amp;pageView=image&amp;facet=mfName_ntk_cs%253AETA&amp;minPrice=&amp;categoryId=25573&amp;storeId=10601","name":"ETA","count":"1","className":""},{"url":"http://shop.coles.com.au/online/SearchDisplay?searchTermScope=&amp;multiSearch=&amp;searchType=2&amp;maxPrice=&amp;showResultsPage=true&amp;langId=-1&amp;beginIndex=0&amp;sType=SimpleSearch&amp;metaData=&amp;browseView=true&amp;manufacturer=&amp;resultCatEntryType=&amp;catalogId=10576&amp;pageView=image&amp;facet=mfName_ntk_cs%253AEatrite&amp;minPrice=&amp;categoryId=25573&amp;storeId=10601","name":"Eatrite","count":"2","className":""},{"url":"http://shop.coles.com.au/online/SearchDisplay?searchTermScope=&amp;multiSearch=&amp;searchType=2&amp;maxPrice=&amp;showResultsPage=true&amp;langId=-1&amp;beginIndex=0&amp;sType=SimpleSearch&amp;metaData=&amp;browseView=true&amp;manufacturer=&amp;resultCatEntryType=&amp;catalogId=10576&amp;pageView=image&amp;facet=mfName_ntk_cs%253AEcco&amp;minPrice=&amp;categoryId=25573&amp;storeId=10601","name":"Ecco","count":"1","className":""},{"url":"http://shop.coles.com.au/online/SearchDisplay?searchTermScope=&amp;multiSearch=&amp;searchType=2&amp;maxPrice=&amp;showResultsPage=true&amp;langId=-1&amp;beginIndex=0&amp;sType=SimpleSearch&amp;metaData=&amp;browseView=true&amp;manufacturer=&amp;resultCatEntryType=&amp;catalogId=10576&amp;pageView=image&amp;facet=mfName_ntk_cs%253AEdens&amp;minPrice=&amp;categoryId=25573&amp;storeId=10601","name":"Edens","count":"1","className":""},{"url":"http://shop.coles.com.au/online/SearchDisplay?searchTermScope=&amp;multiSearch=&amp;searchType=2&amp;maxPrice=&amp;showResultsPage=true&amp;langId=-1&amp;beginIndex=0&amp;sType=SimpleSearch&amp;metaData=&amp;browseView=true&amp;manufacturer=&amp;resultCatEntryType=&amp;catalogId=10576&amp;pageView=image&amp;facet=mfName_ntk_cs%253AEdgell&amp;minPrice=&amp;categoryId=25573&amp;storeId=10601","name":"Edgell","count":"48","className":""},{"url":"http://shop.coles.com.au/online/SearchDisplay?searchTermScope=&amp;multiSearch=&amp;searchType=2&amp;maxPrice=&amp;showResultsPage=true&amp;langId=-1&amp;beginIndex=0&amp;sType=SimpleSearch&amp;metaData=&amp;browseView=true&amp;manufacturer=&amp;resultCatEntryType=&amp;catalogId=10576&amp;pageView=image&amp;facet=mfName_ntk_cs%253AElementi&amp;minPrice=&amp;categoryId=25573&amp;storeId=10601","name":"Elementi","count":"2","className":""},{"url":"http://shop.coles.com.au/online/SearchDisplay?searchTermScope=&amp;multiSearch=&amp;searchType=2&amp;maxPrice=&amp;showResultsPage=true&amp;langId=-1&amp;beginIndex=0&amp;sType=SimpleSearch&amp;metaData=&amp;browseView=true&amp;manufacturer=&amp;resultCatEntryType=&amp;catalogId=10576&amp;pageView=image&amp;facet=mfName_ntk_cs%253AEqual&amp;minPrice=&amp;categoryId=25573&amp;storeId=10601","name":"Equal","count":"8","className":""},{"url":"http://shop.coles.com.au/online/SearchDisplay?searchTermScope=&amp;multiSearch=&amp;searchType=2&amp;maxPrice=&amp;showResultsPage=true&amp;langId=-1&amp;beginIndex=0&amp;sType=SimpleSearch&amp;metaData=&amp;browseView=true&amp;manufacturer=&amp;resultCatEntryType=&amp;catalogId=10576&amp;pageView=image&amp;facet=mfName_ntk_cs%253AErawan&amp;minPrice=&amp;categoryId=25573&amp;storeId=10601","name":"Erawan","count":"3","className":""},{"url":"http://shop.coles.com.au/online/SearchDisplay?searchTermScope=&amp;multiSearch=&amp;searchType=2&amp;maxPrice=&amp;showResultsPage=true&amp;langId=-1&amp;beginIndex=0&amp;sType=SimpleSearch&amp;metaData=&amp;browseView=true&amp;manufacturer=&amp;resultCatEntryType=&amp;catalogId=10576&amp;pageView=image&amp;facet=mfName_ntk_cs%253AEscuris&amp;minPrice=&amp;categoryId=25573&amp;storeId=10601","name":"Escuris","count":"1","className":""},{"url":"http://shop.coles.com.au/online/SearchDisplay?searchTermScope=&amp;multiSearch=&amp;searchType=2&amp;maxPrice=&amp;showResultsPage=true&amp;langId=-1&amp;beginIndex=0&amp;sType=SimpleSearch&amp;metaData=&amp;browseView=true&amp;manufacturer=&amp;resultCatEntryType=&amp;catalogId=10576&amp;pageView=image&amp;facet=mfName_ntk_cs%253AEskal&amp;minPrice=&amp;categoryId=25573&amp;storeId=10601","name":"Eskal","count":"6","className":""},{"url":"http://shop.coles.com.au/online/SearchDisplay?searchTermScope=&amp;multiSearch=&amp;searchType=2&amp;maxPrice=&amp;showResultsPage=true&amp;langId=-1&amp;beginIndex=0&amp;sType=SimpleSearch&amp;metaData=&amp;browseView=true&amp;manufacturer=&amp;resultCatEntryType=&amp;catalogId=10576&amp;pageView=image&amp;facet=mfName_ntk_cs%253AEspressotoria&amp;minPrice=&amp;categoryId=25573&amp;storeId=10601","name":"Espressotoria","count":"8","className":""},{"url":"http://shop.coles.com.au/online/SearchDisplay?searchTermScope=&amp;multiSearch=&amp;searchType=2&amp;maxPrice=&amp;showResultsPage=true&amp;langId=-1&amp;beginIndex=0&amp;sType=SimpleSearch&amp;metaData=&amp;browseView=true&amp;manufacturer=&amp;resultCatEntryType=&amp;catalogId=10576&amp;pageView=image&amp;facet=mfName_ntk_cs%253AEti&amp;minPrice=&amp;categoryId=25573&amp;storeId=10601","name":"Eti","count":"1","className":""},{"url":"http://shop.coles.com.au/online/SearchDisplay?searchTermScope=&amp;multiSearch=&amp;searchType=2&amp;maxPrice=&amp;showResultsPage=true&amp;langId=-1&amp;beginIndex=0&amp;sType=SimpleSearch&amp;metaData=&amp;browseView=true&amp;manufacturer=&amp;resultCatEntryType=&amp;catalogId=10576&amp;pageView=image&amp;facet=mfName_ntk_cs%253AEurope&amp;minPrice=&amp;categoryId=25573&amp;storeId=10601","name":"Europe","count":"3","className":""},{"url":"http://shop.coles.com.au/online/SearchDisplay?searchTermScope=&amp;multiSearch=&amp;searchType=2&amp;maxPrice=&amp;showResultsPage=true&amp;langId=-1&amp;beginIndex=0&amp;sType=SimpleSearch&amp;metaData=&amp;browseView=true&amp;manufacturer=&amp;resultCatEntryType=&amp;catalogId=10576&amp;pageView=image&amp;facet=mfName_ntk_cs%253AFaVa%2BNuts&amp;minPrice=&amp;categoryId=25573&amp;storeId=10601","name":"FaVa Nuts","count":"1","className":""},{"url":"http://shop.coles.com.au/online/SearchDisplay?searchTermScope=&amp;multiSearch=&amp;searchType=2&amp;maxPrice=&amp;showResultsPage=true&amp;langId=-1&amp;beginIndex=0&amp;sType=SimpleSearch&amp;metaData=&amp;browseView=true&amp;manufacturer=&amp;resultCatEntryType=&amp;catalogId=10576&amp;pageView=image&amp;facet=mfName_ntk_cs%253AFantastic&amp;minPrice=&amp;categoryId=25573&amp;storeId=10601","name":"Fantastic","count":"36","className":""},{"url":"http://shop.coles.com.au/online/SearchDisplay?searchTermScope=&amp;multiSearch=&amp;searchType=2&amp;maxPrice=&amp;showResultsPage=true&amp;langId=-1&amp;beginIndex=0&amp;sType=SimpleSearch&amp;metaData=&amp;browseView=true&amp;manufacturer=&amp;resultCatEntryType=&amp;catalogId=10576&amp;pageView=image&amp;facet=mfName_ntk_cs%253AFarm%2BPride&amp;minPrice=&amp;categoryId=25573&amp;storeId=10601","name":"Farm Pride","count":"1","className":""},{"url":"http://shop.coles.com.au/online/SearchDisplay?searchTermScope=&amp;multiSearch=&amp;searchType=2&amp;maxPrice=&amp;showResultsPage=true&amp;langId=-1&amp;beginIndex=0&amp;sType=SimpleSearch&amp;metaData=&amp;browseView=true&amp;manufacturer=&amp;resultCatEntryType=&amp;catalogId=10576&amp;pageView=image&amp;facet=mfName_ntk_cs%253AFehlbergs&amp;minPrice=&amp;categoryId=25573&amp;storeId=10601","name":"Fehlbergs","count":"2","className":""},{"url":"http://shop.coles.com.au/online/SearchDisplay?searchTermScope=&amp;multiSearch=&amp;searchType=2&amp;maxPrice=&amp;showResultsPage=true&amp;langId=-1&amp;beginIndex=0&amp;sType=SimpleSearch&amp;metaData=&amp;browseView=true&amp;manufacturer=&amp;resultCatEntryType=&amp;catalogId=10576&amp;pageView=image&amp;facet=mfName_ntk_cs%253AFerrero&amp;minPrice=&amp;categoryId=25573&amp;storeId=10601","name":"Ferrero","count":"8","className":""},{"url":"http://shop.coles.com.au/online/SearchDisplay?searchTermScope=&amp;multiSearch=&amp;searchType=2&amp;maxPrice=&amp;showResultsPage=true&amp;langId=-1&amp;beginIndex=0&amp;sType=SimpleSearch&amp;metaData=&amp;browseView=true&amp;manufacturer=&amp;resultCatEntryType=&amp;catalogId=10576&amp;pageView=image&amp;facet=mfName_ntk_cs%253AFino&amp;minPrice=&amp;categoryId=25573&amp;storeId=10601","name":"Fino","count":"1","className":""},{"url":"http://shop.coles.com.au/online/SearchDisplay?searchTermScope=&amp;multiSearch=&amp;searchType=2&amp;maxPrice=&amp;showResultsPage=true&amp;langId=-1&amp;beginIndex=0&amp;sType=SimpleSearch&amp;metaData=&amp;browseView=true&amp;manufacturer=&amp;resultCatEntryType=&amp;catalogId=10576&amp;pageView=image&amp;facet=mfName_ntk_cs%253AFishermans%2BFriend&amp;minPrice=&amp;categoryId=25573&amp;storeId=10601","name":"Fishermans Friend","count":"3","className":""},{"url":"http://shop.coles.com.au/online/SearchDisplay?searchTermScope=&amp;multiSearch=&amp;searchType=2&amp;maxPrice=&amp;showResultsPage=true&amp;langId=-1&amp;beginIndex=0&amp;sType=SimpleSearch&amp;metaData=&amp;browseView=true&amp;manufacturer=&amp;resultCatEntryType=&amp;catalogId=10576&amp;pageView=image&amp;facet=mfName_ntk_cs%253AFive%2BBrothers&amp;minPrice=&amp;categoryId=25573&amp;storeId=10601","name":"Five Brothers","count":"10","className":""},{"url":"http://shop.coles.com.au/online/SearchDisplay?searchTermScope=&amp;multiSearch=&amp;searchType=2&amp;maxPrice=&amp;showResultsPage=true&amp;langId=-1&amp;beginIndex=0&amp;sType=SimpleSearch&amp;metaData=&amp;browseView=true&amp;manufacturer=&amp;resultCatEntryType=&amp;catalogId=10576&amp;pageView=image&amp;facet=mfName_ntk_cs%253AFive%2BTastes&amp;minPrice=&amp;categoryId=25573&amp;storeId=10601","name":"Five Tastes","count":"7","className":""},{"url":"http://shop.coles.com.au/online/SearchDisplay?searchTermScope=&amp;multiSearch=&amp;searchType=2&amp;maxPrice=&amp;showResultsPage=true&amp;langId=-1&amp;beginIndex=0&amp;sType=SimpleSearch&amp;metaData=&amp;browseView=true&amp;manufacturer=&amp;resultCatEntryType=&amp;catalogId=10576&amp;pageView=image&amp;facet=mfName_ntk_cs%253AFive%253AAM&amp;minPrice=&amp;categoryId=25573&amp;storeId=10601","name":"Five:AM","count":"2","className":""},{"url":"http://shop.coles.com.au/online/SearchDisplay?searchTermScope=&amp;multiSearch=&amp;searchType=2&amp;maxPrice=&amp;showResultsPage=true&amp;langId=-1&amp;beginIndex=0&amp;sType=SimpleSearch&amp;metaData=&amp;browseView=true&amp;manufacturer=&amp;resultCatEntryType=&amp;catalogId=10576&amp;pageView=image&amp;facet=mfName_ntk_cs%253AFlavour%2BEscapes&amp;minPrice=&amp;categoryId=25573&amp;storeId=10601","name":"Flavour Escapes","count":"4","className":""},{"url":"http://shop.coles.com.au/online/SearchDisplay?searchTermScope=&amp;multiSearch=&amp;searchType=2&amp;maxPrice=&amp;showResultsPage=true&amp;langId=-1&amp;beginIndex=0&amp;sType=SimpleSearch&amp;metaData=&amp;browseView=true&amp;manufacturer=&amp;resultCatEntryType=&amp;catalogId=10576&amp;pageView=image&amp;facet=mfName_ntk_cs%253AFlax%2BFarms&amp;minPrice=&amp;categoryId=25573&amp;storeId=10601","name":"Flax Farms","count":"2","className":""},{"url":"http://shop.coles.com.au/online/SearchDisplay?searchTermScope=&amp;multiSearch=&amp;searchType=2&amp;maxPrice=&amp;showResultsPage=true&amp;langId=-1&amp;beginIndex=0&amp;sType=SimpleSearch&amp;metaData=&amp;browseView=true&amp;manufacturer=&amp;resultCatEntryType=&amp;catalogId=10576&amp;pageView=image&amp;facet=mfName_ntk_cs%253AFletchers&amp;minPrice=&amp;categoryId=25573&amp;storeId=10601","name":"Fletchers","count":"1","className":""},{"url":"http://shop.coles.com.au/online/SearchDisplay?searchTermScope=&amp;multiSearch=&amp;searchType=2&amp;maxPrice=&amp;showResultsPage=true&amp;langId=-1&amp;beginIndex=0&amp;sType=SimpleSearch&amp;metaData=&amp;browseView=true&amp;manufacturer=&amp;resultCatEntryType=&amp;catalogId=10576&amp;pageView=image&amp;facet=mfName_ntk_cs%253AFloridas%2BNatural&amp;minPrice=&amp;categoryId=25573&amp;storeId=10601","name":"Floridas Natural","count":"1","className":""},{"url":"http://shop.coles.com.au/online/SearchDisplay?searchTermScope=&amp;multiSearch=&amp;searchType=2&amp;maxPrice=&amp;showResultsPage=true&amp;langId=-1&amp;beginIndex=0&amp;sType=SimpleSearch&amp;metaData=&amp;browseView=true&amp;manufacturer=&amp;resultCatEntryType=&amp;catalogId=10576&amp;pageView=image&amp;facet=mfName_ntk_cs%253AFood%2BFor%2BHealth&amp;minPrice=&amp;categoryId=25573&amp;storeId=10601","name":"Food For Health","count":"4","className":""},{"url":"http://shop.coles.com.au/online/SearchDisplay?searchTermScope=&amp;multiSearch=&amp;searchType=2&amp;maxPrice=&amp;showResultsPage=true&amp;langId=-1&amp;beginIndex=0&amp;sType=SimpleSearch&amp;metaData=&amp;browseView=true&amp;manufacturer=&amp;resultCatEntryType=&amp;catalogId=10576&amp;pageView=image&amp;facet=mfName_ntk_cs%253AFood%2Bfor%2BHealth&amp;minPrice=&amp;categoryId=25573&amp;storeId=10601","name":"Food for Health","count":"1","className":""},{"url":"http://shop.coles.com.au/online/SearchDisplay?searchTermScope=&amp;multiSearch=&amp;searchType=2&amp;maxPrice=&amp;showResultsPage=true&amp;langId=-1&amp;beginIndex=0&amp;sType=SimpleSearch&amp;metaData=&amp;browseView=true&amp;manufacturer=&amp;resultCatEntryType=&amp;catalogId=10576&amp;pageView=image&amp;facet=mfName_ntk_cs%253AFortune&amp;minPrice=&amp;categoryId=25573&amp;storeId=10601","name":"Fortune","count":"2","className":""},{"url":"http://shop.coles.com.au/online/SearchDisplay?searchTermScope=&amp;multiSearch=&amp;searchType=2&amp;maxPrice=&amp;showResultsPage=true&amp;langId=-1&amp;beginIndex=0&amp;sType=SimpleSearch&amp;metaData=&amp;browseView=true&amp;manufacturer=&amp;resultCatEntryType=&amp;catalogId=10576&amp;pageView=image&amp;facet=mfName_ntk_cs%253AFoster%2BClark&amp;minPrice=&amp;categoryId=25573&amp;storeId=10601","name":"Foster Clark","count":"3","className":""},{"url":"http://shop.coles.com.au/online/SearchDisplay?searchTermScope=&amp;multiSearch=&amp;searchType=2&amp;maxPrice=&amp;showResultsPage=true&amp;langId=-1&amp;beginIndex=0&amp;sType=SimpleSearch&amp;metaData=&amp;browseView=true&amp;manufacturer=&amp;resultCatEntryType=&amp;catalogId=10576&amp;pageView=image&amp;facet=mfName_ntk_cs%253AFountain&amp;minPrice=&amp;categoryId=25573&amp;storeId=10601","name":"Fountain","count":"18","className":""},{"url":"http://shop.coles.com.au/online/SearchDisplay?searchTermScope=&amp;multiSearch=&amp;searchType=2&amp;maxPrice=&amp;showResultsPage=true&amp;langId=-1&amp;beginIndex=0&amp;sType=SimpleSearch&amp;metaData=&amp;browseView=true&amp;manufacturer=&amp;resultCatEntryType=&amp;catalogId=10576&amp;pageView=image&amp;facet=mfName_ntk_cs%253AFowlers&amp;minPrice=&amp;categoryId=25573&amp;storeId=10601","name":"Fowlers","count":"2","className":""},{"url":"http://shop.coles.com.au/online/SearchDisplay?searchTermScope=&amp;multiSearch=&amp;searchType=2&amp;maxPrice=&amp;showResultsPage=true&amp;langId=-1&amp;beginIndex=0&amp;sType=SimpleSearch&amp;metaData=&amp;browseView=true&amp;manufacturer=&amp;resultCatEntryType=&amp;catalogId=10576&amp;pageView=image&amp;facet=mfName_ntk_cs%253AFox%2527s&amp;minPrice=&amp;categoryId=25573&amp;storeId=10601","name":"Fox&#039;s","count":"2","className":""},{"url":"http://shop.coles.com.au/online/SearchDisplay?searchTermScope=&amp;multiSearch=&amp;searchType=2&amp;maxPrice=&amp;showResultsPage=true&amp;langId=-1&amp;beginIndex=0&amp;sType=SimpleSearch&amp;metaData=&amp;browseView=true&amp;manufacturer=&amp;resultCatEntryType=&amp;catalogId=10576&amp;pageView=image&amp;facet=mfName_ntk_cs%253AFray%2BBentos&amp;minPrice=&amp;categoryId=25573&amp;storeId=10601","name":"Fray Bentos","count":"1","className":""},{"url":"http://shop.coles.com.au/online/SearchDisplay?searchTermScope=&amp;multiSearch=&amp;searchType=2&amp;maxPrice=&amp;showResultsPage=true&amp;langId=-1&amp;beginIndex=0&amp;sType=SimpleSearch&amp;metaData=&amp;browseView=true&amp;manufacturer=&amp;resultCatEntryType=&amp;catalogId=10576&amp;pageView=image&amp;facet=mfName_ntk_cs%253AFreedom%2BFoods&amp;minPrice=&amp;categoryId=25573&amp;storeId=10601","name":"Freedom Foods","count":"26","className":""},{"url":"http://shop.coles.com.au/online/SearchDisplay?searchTermScope=&amp;multiSearch=&amp;searchType=2&amp;maxPrice=&amp;showResultsPage=true&amp;langId=-1&amp;beginIndex=0&amp;sType=SimpleSearch&amp;metaData=&amp;browseView=true&amp;manufacturer=&amp;resultCatEntryType=&amp;catalogId=10576&amp;pageView=image&amp;facet=mfName_ntk_cs%253AFreelicious&amp;minPrice=&amp;categoryId=25573&amp;storeId=10601","name":"Freelicious","count":"2","className":""},{"url":"http://shop.coles.com.au/online/SearchDisplay?searchTermScope=&amp;multiSearch=&amp;searchType=2&amp;maxPrice=&amp;showResultsPage=true&amp;langId=-1&amp;beginIndex=0&amp;sType=SimpleSearch&amp;metaData=&amp;browseView=true&amp;manufacturer=&amp;resultCatEntryType=&amp;catalogId=10576&amp;pageView=image&amp;facet=mfName_ntk_cs%253AFrench%2BFries&amp;minPrice=&amp;categoryId=25573&amp;storeId=10601","name":"French Fries","count":"3","className":""},{"url":"http://shop.coles.com.au/online/SearchDisplay?searchTermScope=&amp;multiSearch=&amp;searchType=2&amp;maxPrice=&amp;showResultsPage=true&amp;langId=-1&amp;beginIndex=0&amp;sType=SimpleSearch&amp;metaData=&amp;browseView=true&amp;manufacturer=&amp;resultCatEntryType=&amp;catalogId=10576&amp;pageView=image&amp;facet=mfName_ntk_cs%253AFrench%2527s&amp;minPrice=&amp;categoryId=25573&amp;storeId=10601","name":"French&#039;s","count":"1","className":""},{"url":"http://shop.coles.com.au/online/SearchDisplay?searchTermScope=&amp;multiSearch=&amp;searchType=2&amp;maxPrice=&amp;showResultsPage=true&amp;langId=-1&amp;beginIndex=0&amp;sType=SimpleSearch&amp;metaData=&amp;browseView=true&amp;manufacturer=&amp;resultCatEntryType=&amp;catalogId=10576&amp;pageView=image&amp;facet=mfName_ntk_cs%253AFreshlife&amp;minPrice=&amp;categoryId=25573&amp;storeId=10601","name":"Freshlife","count":"14","className":""},{"url":"http://shop.coles.com.au/online/SearchDisplay?searchTermScope=&amp;multiSearch=&amp;searchType=2&amp;maxPrice=&amp;showResultsPage=true&amp;langId=-1&amp;beginIndex=0&amp;sType=SimpleSearch&amp;metaData=&amp;browseView=true&amp;manufacturer=&amp;resultCatEntryType=&amp;catalogId=10576&amp;pageView=image&amp;facet=mfName_ntk_cs%253AFruit%2BFor%2BLife&amp;minPrice=&amp;categoryId=25573&amp;storeId=10601","name":"Fruit For Life","count":"6","className":""},{"url":"http://shop.coles.com.au/online/SearchDisplay?searchTermScope=&amp;multiSearch=&amp;searchType=2&amp;maxPrice=&amp;showResultsPage=true&amp;langId=-1&amp;beginIndex=0&amp;sType=SimpleSearch&amp;metaData=&amp;browseView=true&amp;manufacturer=&amp;resultCatEntryType=&amp;catalogId=10576&amp;pageView=image&amp;facet=mfName_ntk_cs%253AFruit%2BWise&amp;minPrice=&amp;categoryId=25573&amp;storeId=10601","name":"Fruit Wise","count":"1","className":""},{"url":"http://shop.coles.com.au/online/SearchDisplay?searchTermScope=&amp;multiSearch=&amp;searchType=2&amp;maxPrice=&amp;showResultsPage=true&amp;langId=-1&amp;beginIndex=0&amp;sType=SimpleSearch&amp;metaData=&amp;browseView=true&amp;manufacturer=&amp;resultCatEntryType=&amp;catalogId=10576&amp;pageView=image&amp;facet=mfName_ntk_cs%253AFrys&amp;minPrice=&amp;categoryId=25573&amp;storeId=10601","name":"Frys","count":"1","className":""},{"url":"http://shop.coles.com.au/online/SearchDisplay?searchTermScope=&amp;multiSearch=&amp;searchType=2&amp;maxPrice=&amp;showResultsPage=true&amp;langId=-1&amp;beginIndex=0&amp;sType=SimpleSearch&amp;metaData=&amp;browseView=true&amp;manufacturer=&amp;resultCatEntryType=&amp;catalogId=10576&amp;pageView=image&amp;facet=mfName_ntk_cs%253AFun%2BFoods%2B4%2BAll&amp;minPrice=&amp;categoryId=25573&amp;storeId=10601","name":"Fun Foods 4 All","count":"2","className":""},{"url":"http://shop.coles.com.au/online/SearchDisplay?searchTermScope=&amp;multiSearch=&amp;searchType=2&amp;maxPrice=&amp;showResultsPage=true&amp;langId=-1&amp;beginIndex=0&amp;sType=SimpleSearch&amp;metaData=&amp;browseView=true&amp;manufacturer=&amp;resultCatEntryType=&amp;catalogId=10576&amp;pageView=image&amp;facet=mfName_ntk_cs%253AFun%2BSticks&amp;minPrice=&amp;categoryId=25573&amp;storeId=10601","name":"Fun Sticks","count":"1","className":""},{"url":"http://shop.coles.com.au/online/SearchDisplay?searchTermScope=&amp;multiSearch=&amp;searchType=2&amp;maxPrice=&amp;showResultsPage=true&amp;langId=-1&amp;beginIndex=0&amp;sType=SimpleSearch&amp;metaData=&amp;browseView=true&amp;manufacturer=&amp;resultCatEntryType=&amp;catalogId=10576&amp;pageView=image&amp;facet=mfName_ntk_cs%253AFuntastic&amp;minPrice=&amp;categoryId=25573&amp;storeId=10601","name":"Funtastic","count":"2","className":""},{"url":"http://shop.coles.com.au/online/SearchDisplay?searchTermScope=&amp;multiSearch=&amp;searchType=2&amp;maxPrice=&amp;showResultsPage=true&amp;langId=-1&amp;beginIndex=0&amp;sType=SimpleSearch&amp;metaData=&amp;browseView=true&amp;manufacturer=&amp;resultCatEntryType=&amp;catalogId=10576&amp;pageView=image&amp;facet=mfName_ntk_cs%253AFyna&amp;minPrice=&amp;categoryId=25573&amp;storeId=10601","name":"Fyna","count":"2","className":""},{"url":"http://shop.coles.com.au/online/SearchDisplay?searchTermScope=&amp;multiSearch=&amp;searchType=2&amp;maxPrice=&amp;showResultsPage=true&amp;langId=-1&amp;beginIndex=0&amp;sType=SimpleSearch&amp;metaData=&amp;browseView=true&amp;manufacturer=&amp;resultCatEntryType=&amp;catalogId=10576&amp;pageView=image&amp;facet=mfName_ntk_cs%253AGalaxy&amp;minPrice=&amp;categoryId=25573&amp;storeId=10601","name":"Galaxy","count":"1","className":""},{"url":"http://shop.coles.com.au/online/SearchDisplay?searchTermScope=&amp;multiSearch=&amp;searchType=2&amp;maxPrice=&amp;showResultsPage=true&amp;langId=-1&amp;beginIndex=0&amp;sType=SimpleSearch&amp;metaData=&amp;browseView=true&amp;manufacturer=&amp;resultCatEntryType=&amp;catalogId=10576&amp;pageView=image&amp;facet=mfName_ntk_cs%253AGarden%2BFresh&amp;minPrice=&amp;categoryId=25573&amp;storeId=10601","name":"Garden Fresh","count":"3","className":""},{"url":"http://shop.coles.com.au/online/SearchDisplay?searchTermScope=&amp;multiSearch=&amp;searchType=2&amp;maxPrice=&amp;showResultsPage=true&amp;langId=-1&amp;beginIndex=0&amp;sType=SimpleSearch&amp;metaData=&amp;browseView=true&amp;manufacturer=&amp;resultCatEntryType=&amp;catalogId=10576&amp;pageView=image&amp;facet=mfName_ntk_cs%253AGarofalo&amp;minPrice=&amp;categoryId=25573&amp;storeId=10601","name":"Garofalo","count":"9","className":""},{"url":"http://shop.coles.com.au/online/SearchDisplay?searchTermScope=&amp;multiSearch=&amp;searchType=2&amp;maxPrice=&amp;showResultsPage=true&amp;langId=-1&amp;beginIndex=0&amp;sType=SimpleSearch&amp;metaData=&amp;browseView=true&amp;manufacturer=&amp;resultCatEntryType=&amp;catalogId=10576&amp;pageView=image&amp;facet=mfName_ntk_cs%253AGesas&amp;minPrice=&amp;categoryId=25573&amp;storeId=10601","name":"Gesas","count":"1","className":""},{"url":"http://shop.coles.com.au/online/SearchDisplay?searchTermScope=&amp;multiSearch=&amp;searchType=2&amp;maxPrice=&amp;showResultsPage=true&amp;langId=-1&amp;beginIndex=0&amp;sType=SimpleSearch&amp;metaData=&amp;browseView=true&amp;manufacturer=&amp;resultCatEntryType=&amp;catalogId=10576&amp;pageView=image&amp;facet=mfName_ntk_cs%253AGirdlers%2BGrind&amp;minPrice=&amp;categoryId=25573&amp;storeId=10601","name":"Girdlers Grind","count":"2","className":""},{"url":"http://shop.coles.com.au/online/SearchDisplay?searchTermScope=&amp;multiSearch=&amp;searchType=2&amp;maxPrice=&amp;showResultsPage=true&amp;langId=-1&amp;beginIndex=0&amp;sType=SimpleSearch&amp;metaData=&amp;browseView=true&amp;manufacturer=&amp;resultCatEntryType=&amp;catalogId=10576&amp;pageView=image&amp;facet=mfName_ntk_cs%253AGlobal%2BCafe%2BDirect&amp;minPrice=&amp;categoryId=25573&amp;storeId=10601","name":"Global Cafe Direct","count":"1","className":""},{"url":"http://shop.coles.com.au/online/SearchDisplay?searchTermScope=&amp;multiSearch=&amp;searchType=2&amp;maxPrice=&amp;showResultsPage=true&amp;langId=-1&amp;beginIndex=0&amp;sType=SimpleSearch&amp;metaData=&amp;browseView=true&amp;manufacturer=&amp;resultCatEntryType=&amp;catalogId=10576&amp;pageView=image&amp;facet=mfName_ntk_cs%253AGlobus&amp;minPrice=&amp;categoryId=25573&amp;storeId=10601","name":"Globus","count":"2","className":""},{"url":"http://shop.coles.com.au/online/SearchDisplay?searchTermScope=&amp;multiSearch=&amp;searchType=2&amp;maxPrice=&amp;showResultsPage=true&amp;langId=-1&amp;beginIndex=0&amp;sType=SimpleSearch&amp;metaData=&amp;browseView=true&amp;manufacturer=&amp;resultCatEntryType=&amp;catalogId=10576&amp;pageView=image&amp;facet=mfName_ntk_cs%253AGloria%2BJeans&amp;minPrice=&amp;categoryId=25573&amp;storeId=10601","name":"Gloria Jeans","count":"1","className":""},{"url":"http://shop.coles.com.au/online/SearchDisplay?searchTermScope=&amp;multiSearch=&amp;searchType=2&amp;maxPrice=&amp;showResultsPage=true&amp;langId=-1&amp;beginIndex=0&amp;sType=SimpleSearch&amp;metaData=&amp;browseView=true&amp;manufacturer=&amp;resultCatEntryType=&amp;catalogId=10576&amp;pageView=image&amp;facet=mfName_ntk_cs%253AGlutino&amp;minPrice=&amp;categoryId=25573&amp;storeId=10601","name":"Glutino","count":"7","className":""},{"url":"http://shop.coles.com.au/online/SearchDisplay?searchTermScope=&amp;multiSearch=&amp;searchType=2&amp;maxPrice=&amp;showResultsPage=true&amp;langId=-1&amp;beginIndex=0&amp;sType=SimpleSearch&amp;metaData=&amp;browseView=true&amp;manufacturer=&amp;resultCatEntryType=&amp;catalogId=10576&amp;pageView=image&amp;facet=mfName_ntk_cs%253AGo%2BAhead&amp;minPrice=&amp;categoryId=25573&amp;storeId=10601","name":"Go Ahead","count":"4","className":""},{"url":"http://shop.coles.com.au/online/SearchDisplay?searchTermScope=&amp;multiSearch=&amp;searchType=2&amp;maxPrice=&amp;showResultsPage=true&amp;langId=-1&amp;beginIndex=0&amp;sType=SimpleSearch&amp;metaData=&amp;browseView=true&amp;manufacturer=&amp;resultCatEntryType=&amp;catalogId=10576&amp;pageView=image&amp;facet=mfName_ntk_cs%253AGo%2BNatural&amp;minPrice=&amp;categoryId=25573&amp;storeId=10601","name":"Go Natural","count":"18","className":""},{"url":"http://shop.coles.com.au/online/SearchDisplay?searchTermScope=&amp;multiSearch=&amp;searchType=2&amp;maxPrice=&amp;showResultsPage=true&amp;langId=-1&amp;beginIndex=0&amp;sType=SimpleSearch&amp;metaData=&amp;browseView=true&amp;manufacturer=&amp;resultCatEntryType=&amp;catalogId=10576&amp;pageView=image&amp;facet=mfName_ntk_cs%253AGold%2BChoice&amp;minPrice=&amp;categoryId=25573&amp;storeId=10601","name":"Gold Choice","count":"3","className":""},{"url":"http://shop.coles.com.au/online/SearchDisplay?searchTermScope=&amp;multiSearch=&amp;searchType=2&amp;maxPrice=&amp;showResultsPage=true&amp;langId=-1&amp;beginIndex=0&amp;sType=SimpleSearch&amp;metaData=&amp;browseView=true&amp;manufacturer=&amp;resultCatEntryType=&amp;catalogId=10576&amp;pageView=image&amp;facet=mfName_ntk_cs%253AGold%2BMedal&amp;minPrice=&amp;categoryId=25573&amp;storeId=10601","name":"Gold Medal","count":"1","className":""},{"url":"http://shop.coles.com.au/online/SearchDisplay?searchTermScope=&amp;multiSearch=&amp;searchType=2&amp;maxPrice=&amp;showResultsPage=true&amp;langId=-1&amp;beginIndex=0&amp;sType=SimpleSearch&amp;metaData=&amp;browseView=true&amp;manufacturer=&amp;resultCatEntryType=&amp;catalogId=10576&amp;pageView=image&amp;facet=mfName_ntk_cs%253AGold%2527N%2BCanola&amp;minPrice=&amp;categoryId=25573&amp;storeId=10601","name":"Gold&#039;N Canola","count":"2","className":""},{"url":"http://shop.coles.com.au/online/SearchDisplay?searchTermScope=&amp;multiSearch=&amp;searchType=2&amp;maxPrice=&amp;showResultsPage=true&amp;langId=-1&amp;beginIndex=0&amp;sType=SimpleSearch&amp;metaData=&amp;browseView=true&amp;manufacturer=&amp;resultCatEntryType=&amp;catalogId=10576&amp;pageView=image&amp;facet=mfName_ntk_cs%253AGolden&amp;minPrice=&amp;categoryId=25573&amp;storeId=10601","name":"Golden","count":"1","className":""},{"url":"http://shop.coles.com.au/online/SearchDisplay?searchTermScope=&amp;multiSearch=&amp;searchType=2&amp;maxPrice=&amp;showResultsPage=true&amp;langId=-1&amp;beginIndex=0&amp;sType=SimpleSearch&amp;metaData=&amp;browseView=true&amp;manufacturer=&amp;resultCatEntryType=&amp;catalogId=10576&amp;pageView=image&amp;facet=mfName_ntk_cs%253AGolden%2BBoronia&amp;minPrice=&amp;categoryId=25573&amp;storeId=10601","name":"Golden Boronia","count":"1","className":""},{"url":"http://shop.coles.com.au/online/SearchDisplay?searchTermScope=&amp;multiSearch=&amp;searchType=2&amp;maxPrice=&amp;showResultsPage=true&amp;langId=-1&amp;beginIndex=0&amp;sType=SimpleSearch&amp;metaData=&amp;browseView=true&amp;manufacturer=&amp;resultCatEntryType=&amp;catalogId=10576&amp;pageView=image&amp;facet=mfName_ntk_cs%253AGolden%2BCircle&amp;minPrice=&amp;categoryId=25573&amp;storeId=10601","name":"Golden Circle","count":"20","className":""},{"url":"http://shop.coles.com.au/online/SearchDisplay?searchTermScope=&amp;multiSearch=&amp;searchType=2&amp;maxPrice=&amp;showResultsPage=true&amp;langId=-1&amp;beginIndex=0&amp;sType=SimpleSearch&amp;metaData=&amp;browseView=true&amp;manufacturer=&amp;resultCatEntryType=&amp;catalogId=10576&amp;pageView=image&amp;facet=mfName_ntk_cs%253AGolden%2BDays&amp;minPrice=&amp;categoryId=25573&amp;storeId=10601","name":"Golden Days","count":"13","className":""},{"url":"http://shop.coles.com.au/online/SearchDisplay?searchTermScope=&amp;multiSearch=&amp;searchType=2&amp;maxPrice=&amp;showResultsPage=true&amp;langId=-1&amp;beginIndex=0&amp;sType=SimpleSearch&amp;metaData=&amp;browseView=true&amp;manufacturer=&amp;resultCatEntryType=&amp;catalogId=10576&amp;pageView=image&amp;facet=mfName_ntk_cs%253AGolden%2BPhoenix&amp;minPrice=&amp;categoryId=25573&amp;storeId=10601","name":"Golden Phoenix","count":"1","className":""},{"url":"http://shop.coles.com.au/online/SearchDisplay?searchTermScope=&amp;multiSearch=&amp;searchType=2&amp;maxPrice=&amp;showResultsPage=true&amp;langId=-1&amp;beginIndex=0&amp;sType=SimpleSearch&amp;metaData=&amp;browseView=true&amp;manufacturer=&amp;resultCatEntryType=&amp;catalogId=10576&amp;pageView=image&amp;facet=mfName_ntk_cs%253AGoodness&amp;minPrice=&amp;categoryId=25573&amp;storeId=10601","name":"Goodness","count":"1","className":""},{"url":"http://shop.coles.com.au/online/SearchDisplay?searchTermScope=&amp;multiSearch=&amp;searchType=2&amp;maxPrice=&amp;showResultsPage=true&amp;langId=-1&amp;beginIndex=0&amp;sType=SimpleSearch&amp;metaData=&amp;browseView=true&amp;manufacturer=&amp;resultCatEntryType=&amp;catalogId=10576&amp;pageView=image&amp;facet=mfName_ntk_cs%253AGoodness%2BSuperfoods&amp;minPrice=&amp;categoryId=25573&amp;storeId=10601","name":"Goodness Superfoods","count":"3","className":""},{"url":"http://shop.coles.com.au/online/SearchDisplay?searchTermScope=&amp;multiSearch=&amp;searchType=2&amp;maxPrice=&amp;showResultsPage=true&amp;langId=-1&amp;beginIndex=0&amp;sType=SimpleSearch&amp;metaData=&amp;browseView=true&amp;manufacturer=&amp;resultCatEntryType=&amp;catalogId=10576&amp;pageView=image&amp;facet=mfName_ntk_cs%253AGoulburn%2BValley&amp;minPrice=&amp;categoryId=25573&amp;storeId=10601","name":"Goulburn Valley","count":"28","className":""},{"url":"http://shop.coles.com.au/online/SearchDisplay?searchTermScope=&amp;multiSearch=&amp;searchType=2&amp;maxPrice=&amp;showResultsPage=true&amp;langId=-1&amp;beginIndex=0&amp;sType=SimpleSearch&amp;metaData=&amp;browseView=true&amp;manufacturer=&amp;resultCatEntryType=&amp;catalogId=10576&amp;pageView=image&amp;facet=mfName_ntk_cs%253AGovernor%2527s%2BEstate&amp;minPrice=&amp;categoryId=25573&amp;storeId=10601","name":"Governor&#039;s Estate","count":"3","className":""},{"url":"http://shop.coles.com.au/online/SearchDisplay?searchTermScope=&amp;multiSearch=&amp;searchType=2&amp;maxPrice=&amp;showResultsPage=true&amp;langId=-1&amp;beginIndex=0&amp;sType=SimpleSearch&amp;metaData=&amp;browseView=true&amp;manufacturer=&amp;resultCatEntryType=&amp;catalogId=10576&amp;pageView=image&amp;facet=mfName_ntk_cs%253AGravox&amp;minPrice=&amp;categoryId=25573&amp;storeId=10601","name":"Gravox","count":"40","className":""},{"url":"http://shop.coles.com.au/online/SearchDisplay?searchTermScope=&amp;multiSearch=&amp;searchType=2&amp;maxPrice=&amp;showResultsPage=true&amp;langId=-1&amp;beginIndex=0&amp;sType=SimpleSearch&amp;metaData=&amp;browseView=true&amp;manufacturer=&amp;resultCatEntryType=&amp;catalogId=10576&amp;pageView=image&amp;facet=mfName_ntk_cs%253AGreen%2B%2526%2BBlack%2527s&amp;minPrice=&amp;categoryId=25573&amp;storeId=10601","name":"Green &amp; Black&#039;s","count":"3","className":""},{"url":"http://shop.coles.com.au/online/SearchDisplay?searchTermScope=&amp;multiSearch=&amp;searchType=2&amp;maxPrice=&amp;showResultsPage=true&amp;langId=-1&amp;beginIndex=0&amp;sType=SimpleSearch&amp;metaData=&amp;browseView=true&amp;manufacturer=&amp;resultCatEntryType=&amp;catalogId=10576&amp;pageView=image&amp;facet=mfName_ntk_cs%253AGreen%2BValley&amp;minPrice=&amp;categoryId=25573&amp;storeId=10601","name":"Green Valley","count":"4","className":""},{"url":"http://shop.coles.com.au/online/SearchDisplay?searchTermScope=&amp;multiSearch=&amp;searchType=2&amp;maxPrice=&amp;showResultsPage=true&amp;langId=-1&amp;beginIndex=0&amp;sType=SimpleSearch&amp;metaData=&amp;browseView=true&amp;manufacturer=&amp;resultCatEntryType=&amp;catalogId=10576&amp;pageView=image&amp;facet=mfName_ntk_cs%253AGreen%2527s&amp;minPrice=&amp;categoryId=25573&amp;storeId=10601","name":"Green&#039;s","count":"27","className":""},{"url":"http://shop.coles.com.au/online/SearchDisplay?searchTermScope=&amp;multiSearch=&amp;searchType=2&amp;maxPrice=&amp;showResultsPage=true&amp;langId=-1&amp;beginIndex=0&amp;sType=SimpleSearch&amp;metaData=&amp;browseView=true&amp;manufacturer=&amp;resultCatEntryType=&amp;catalogId=10576&amp;pageView=image&amp;facet=mfName_ntk_cs%253AGreens&amp;minPrice=&amp;categoryId=25573&amp;storeId=10601","name":"Greens","count":"6","className":""},{"url":"http://shop.coles.com.au/online/SearchDisplay?searchTermScope=&amp;multiSearch=&amp;searchType=2&amp;maxPrice=&amp;showResultsPage=true&amp;langId=-1&amp;beginIndex=0&amp;sType=SimpleSearch&amp;metaData=&amp;browseView=true&amp;manufacturer=&amp;resultCatEntryType=&amp;catalogId=10576&amp;pageView=image&amp;facet=mfName_ntk_cs%253AGriffiths&amp;minPrice=&amp;categoryId=25573&amp;storeId=10601","name":"Griffiths","count":"1","className":""},{"url":"http://shop.coles.com.au/online/SearchDisplay?searchTermScope=&amp;multiSearch=&amp;searchType=2&amp;maxPrice=&amp;showResultsPage=true&amp;langId=-1&amp;beginIndex=0&amp;sType=SimpleSearch&amp;metaData=&amp;browseView=true&amp;manufacturer=&amp;resultCatEntryType=&amp;catalogId=10576&amp;pageView=image&amp;facet=mfName_ntk_cs%253AGrinders&amp;minPrice=&amp;categoryId=25573&amp;storeId=10601","name":"Grinders","count":"8","className":""},{"url":"http://shop.coles.com.au/online/SearchDisplay?searchTermScope=&amp;multiSearch=&amp;searchType=2&amp;maxPrice=&amp;showResultsPage=true&amp;langId=-1&amp;beginIndex=0&amp;sType=SimpleSearch&amp;metaData=&amp;browseView=true&amp;manufacturer=&amp;resultCatEntryType=&amp;catalogId=10576&amp;pageView=image&amp;facet=mfName_ntk_cs%253AGullon&amp;minPrice=&amp;categoryId=25573&amp;storeId=10601","name":"Gullon","count":"3","className":""},{"url":"http://shop.coles.com.au/online/SearchDisplay?searchTermScope=&amp;multiSearch=&amp;searchType=2&amp;maxPrice=&amp;showResultsPage=true&amp;langId=-1&amp;beginIndex=0&amp;sType=SimpleSearch&amp;metaData=&amp;browseView=true&amp;manufacturer=&amp;resultCatEntryType=&amp;catalogId=10576&amp;pageView=image&amp;facet=mfName_ntk_cs%253AGuylian&amp;minPrice=&amp;categoryId=25573&amp;storeId=10601","name":"Guylian","count":"6","className":""},{"url":"http://shop.coles.com.au/online/SearchDisplay?searchTermScope=&amp;multiSearch=&amp;searchType=2&amp;maxPrice=&amp;showResultsPage=true&amp;langId=-1&amp;beginIndex=0&amp;sType=SimpleSearch&amp;metaData=&amp;browseView=true&amp;manufacturer=&amp;resultCatEntryType=&amp;catalogId=10576&amp;pageView=image&amp;facet=mfName_ntk_cs%253AGuzzi&amp;minPrice=&amp;categoryId=25573&amp;storeId=10601","name":"Guzzi","count":"2","className":""},{"url":"http://shop.coles.com.au/online/SearchDisplay?searchTermScope=&amp;multiSearch=&amp;searchType=2&amp;maxPrice=&amp;showResultsPage=true&amp;langId=-1&amp;beginIndex=0&amp;sType=SimpleSearch&amp;metaData=&amp;browseView=true&amp;manufacturer=&amp;resultCatEntryType=&amp;catalogId=10576&amp;pageView=image&amp;facet=mfName_ntk_cs%253AHP&amp;minPrice=&amp;categoryId=25573&amp;storeId=10601","name":"HP","count":"2","className":""},{"url":"http://shop.coles.com.au/online/SearchDisplay?searchTermScope=&amp;multiSearch=&amp;searchType=2&amp;maxPrice=&amp;showResultsPage=true&amp;langId=-1&amp;beginIndex=0&amp;sType=SimpleSearch&amp;metaData=&amp;browseView=true&amp;manufacturer=&amp;resultCatEntryType=&amp;catalogId=10576&amp;pageView=image&amp;facet=mfName_ntk_cs%253AHakubaku&amp;minPrice=&amp;categoryId=25573&amp;storeId=10601","name":"Hakubaku","count":"3","className":""},{"url":"http://shop.coles.com.au/online/SearchDisplay?searchTermScope=&amp;multiSearch=&amp;searchType=2&amp;maxPrice=&amp;showResultsPage=true&amp;langId=-1&amp;beginIndex=0&amp;sType=SimpleSearch&amp;metaData=&amp;browseView=true&amp;manufacturer=&amp;resultCatEntryType=&amp;catalogId=10576&amp;pageView=image&amp;facet=mfName_ntk_cs%253AHalwani%2BBros&amp;minPrice=&amp;categoryId=25573&amp;storeId=10601","name":"Halwani Bros","count":"3","className":""},{"url":"http://shop.coles.com.au/online/SearchDisplay?searchTermScope=&amp;multiSearch=&amp;searchType=2&amp;maxPrice=&amp;showResultsPage=true&amp;langId=-1&amp;beginIndex=0&amp;sType=SimpleSearch&amp;metaData=&amp;browseView=true&amp;manufacturer=&amp;resultCatEntryType=&amp;catalogId=10576&amp;pageView=image&amp;facet=mfName_ntk_cs%253AHamper&amp;minPrice=&amp;categoryId=25573&amp;storeId=10601","name":"Hamper","count":"5","className":""},{"url":"http://shop.coles.com.au/online/SearchDisplay?searchTermScope=&amp;multiSearch=&amp;searchType=2&amp;maxPrice=&amp;showResultsPage=true&amp;langId=-1&amp;beginIndex=0&amp;sType=SimpleSearch&amp;metaData=&amp;browseView=true&amp;manufacturer=&amp;resultCatEntryType=&amp;catalogId=10576&amp;pageView=image&amp;facet=mfName_ntk_cs%253AHansells&amp;minPrice=&amp;categoryId=25573&amp;storeId=10601","name":"Hansells","count":"7","className":""},{"url":"http://shop.coles.com.au/online/SearchDisplay?searchTermScope=&amp;multiSearch=&amp;searchType=2&amp;maxPrice=&amp;showResultsPage=true&amp;langId=-1&amp;beginIndex=0&amp;sType=SimpleSearch&amp;metaData=&amp;browseView=true&amp;manufacturer=&amp;resultCatEntryType=&amp;catalogId=10576&amp;pageView=image&amp;facet=mfName_ntk_cs%253AHari%2BHar%2BChai&amp;minPrice=&amp;categoryId=25573&amp;storeId=10601","name":"Hari Har Chai","count":"1","className":""},{"url":"http://shop.coles.com.au/online/SearchDisplay?searchTermScope=&amp;multiSearch=&amp;searchType=2&amp;maxPrice=&amp;showResultsPage=true&amp;langId=-1&amp;beginIndex=0&amp;sType=SimpleSearch&amp;metaData=&amp;browseView=true&amp;manufacturer=&amp;resultCatEntryType=&amp;catalogId=10576&amp;pageView=image&amp;facet=mfName_ntk_cs%253AHaribo&amp;minPrice=&amp;categoryId=25573&amp;storeId=10601","name":"Haribo","count":"7","className":""},{"url":"http://shop.coles.com.au/online/SearchDisplay?searchTermScope=&amp;multiSearch=&amp;searchType=2&amp;maxPrice=&amp;showResultsPage=true&amp;langId=-1&amp;beginIndex=0&amp;sType=SimpleSearch&amp;metaData=&amp;browseView=true&amp;manufacturer=&amp;resultCatEntryType=&amp;catalogId=10576&amp;pageView=image&amp;facet=mfName_ntk_cs%253AHarris&amp;minPrice=&amp;categoryId=25573&amp;storeId=10601","name":"Harris","count":"14","className":""},{"url":"http://shop.coles.com.au/online/SearchDisplay?searchTermScope=&amp;multiSearch=&amp;searchType=2&amp;maxPrice=&amp;showResultsPage=true&amp;langId=-1&amp;beginIndex=0&amp;sType=SimpleSearch&amp;metaData=&amp;browseView=true&amp;manufacturer=&amp;resultCatEntryType=&amp;catalogId=10576&amp;pageView=image&amp;facet=mfName_ntk_cs%253AHarvest&amp;minPrice=&amp;categoryId=25573&amp;storeId=10601","name":"Harvest","count":"9","className":""},{"url":"http://shop.coles.com.au/online/SearchDisplay?searchTermScope=&amp;multiSearch=&amp;searchType=2&amp;maxPrice=&amp;showResultsPage=true&amp;langId=-1&amp;beginIndex=0&amp;sType=SimpleSearch&amp;metaData=&amp;browseView=true&amp;manufacturer=&amp;resultCatEntryType=&amp;catalogId=10576&amp;pageView=image&amp;facet=mfName_ntk_cs%253AHarvest%2BBox&amp;minPrice=&amp;categoryId=25573&amp;storeId=10601","name":"Harvest Box","count":"6","className":""},{"url":"http://shop.coles.com.au/online/SearchDisplay?searchTermScope=&amp;multiSearch=&amp;searchType=2&amp;maxPrice=&amp;showResultsPage=true&amp;langId=-1&amp;beginIndex=0&amp;sType=SimpleSearch&amp;metaData=&amp;browseView=true&amp;manufacturer=&amp;resultCatEntryType=&amp;catalogId=10576&amp;pageView=image&amp;facet=mfName_ntk_cs%253AHealtheries&amp;minPrice=&amp;categoryId=25573&amp;storeId=10601","name":"Healtheries","count":"8","className":""},{"url":"http://shop.coles.com.au/online/SearchDisplay?searchTermScope=&amp;multiSearch=&amp;searchType=2&amp;maxPrice=&amp;showResultsPage=true&amp;langId=-1&amp;beginIndex=0&amp;sType=SimpleSearch&amp;metaData=&amp;browseView=true&amp;manufacturer=&amp;resultCatEntryType=&amp;catalogId=10576&amp;pageView=image&amp;facet=mfName_ntk_cs%253AHealthiers%2BKidscare&amp;minPrice=&amp;categoryId=25573&amp;storeId=10601","name":"Healthiers Kidscare","count":"2","className":""},{"url":"http://shop.coles.com.au/online/SearchDisplay?searchTermScope=&amp;multiSearch=&amp;searchType=2&amp;maxPrice=&amp;showResultsPage=true&amp;langId=-1&amp;beginIndex=0&amp;sType=SimpleSearch&amp;metaData=&amp;browseView=true&amp;manufacturer=&amp;resultCatEntryType=&amp;catalogId=10576&amp;pageView=image&amp;facet=mfName_ntk_cs%253AHealthy%2BBaker&amp;minPrice=&amp;categoryId=25573&amp;storeId=10601","name":"Healthy Baker","count":"5","className":""},{"url":"http://shop.coles.com.au/online/SearchDisplay?searchTermScope=&amp;multiSearch=&amp;searchType=2&amp;maxPrice=&amp;showResultsPage=true&amp;langId=-1&amp;beginIndex=0&amp;sType=SimpleSearch&amp;metaData=&amp;browseView=true&amp;manufacturer=&amp;resultCatEntryType=&amp;catalogId=10576&amp;pageView=image&amp;facet=mfName_ntk_cs%253AHeinz&amp;minPrice=&amp;categoryId=25573&amp;storeId=10601","name":"Heinz","count":"102","className":""},{"url":"http://shop.coles.com.au/online/SearchDisplay?searchTermScope=&amp;multiSearch=&amp;searchType=2&amp;maxPrice=&amp;showResultsPage=true&amp;langId=-1&amp;beginIndex=0&amp;sType=SimpleSearch&amp;metaData=&amp;browseView=true&amp;manufacturer=&amp;resultCatEntryType=&amp;catalogId=10576&amp;pageView=image&amp;facet=mfName_ntk_cs%253AHellmans&amp;minPrice=&amp;categoryId=25573&amp;storeId=10601","name":"Hellmans","count":"1","className":""},{"url":"http://shop.coles.com.au/online/SearchDisplay?searchTermScope=&amp;multiSearch=&amp;searchType=2&amp;maxPrice=&amp;showResultsPage=true&amp;langId=-1&amp;beginIndex=0&amp;sType=SimpleSearch&amp;metaData=&amp;browseView=true&amp;manufacturer=&amp;resultCatEntryType=&amp;catalogId=10576&amp;pageView=image&amp;facet=mfName_ntk_cs%253AHengshun&amp;minPrice=&amp;categoryId=25573&amp;storeId=10601","name":"Hengshun","count":"1","className":""},{"url":"http://shop.coles.com.au/online/SearchDisplay?searchTermScope=&amp;multiSearch=&amp;searchType=2&amp;maxPrice=&amp;showResultsPage=true&amp;langId=-1&amp;beginIndex=0&amp;sType=SimpleSearch&amp;metaData=&amp;browseView=true&amp;manufacturer=&amp;resultCatEntryType=&amp;catalogId=10576&amp;pageView=image&amp;facet=mfName_ntk_cs%253AHenry%2BJones&amp;minPrice=&amp;categoryId=25573&amp;storeId=10601","name":"Henry Jones","count":"3","className":""},{"url":"http://shop.coles.com.au/online/SearchDisplay?searchTermScope=&amp;multiSearch=&amp;searchType=2&amp;maxPrice=&amp;showResultsPage=true&amp;langId=-1&amp;beginIndex=0&amp;sType=SimpleSearch&amp;metaData=&amp;browseView=true&amp;manufacturer=&amp;resultCatEntryType=&amp;catalogId=10576&amp;pageView=image&amp;facet=mfName_ntk_cs%253AHerbamare&amp;minPrice=&amp;categoryId=25573&amp;storeId=10601","name":"Herbamare","count":"1","className":""},{"url":"http://shop.coles.com.au/online/SearchDisplay?searchTermScope=&amp;multiSearch=&amp;searchType=2&amp;maxPrice=&amp;showResultsPage=true&amp;langId=-1&amp;beginIndex=0&amp;sType=SimpleSearch&amp;metaData=&amp;browseView=true&amp;manufacturer=&amp;resultCatEntryType=&amp;catalogId=10576&amp;pageView=image&amp;facet=mfName_ntk_cs%253AHermesetas&amp;minPrice=&amp;categoryId=25573&amp;storeId=10601","name":"Hermesetas","count":"7","className":""},{"url":"http://shop.coles.com.au/online/SearchDisplay?searchTermScope=&amp;multiSearch=&amp;searchType=2&amp;maxPrice=&amp;showResultsPage=true&amp;langId=-1&amp;beginIndex=0&amp;sType=SimpleSearch&amp;metaData=&amp;browseView=true&amp;manufacturer=&amp;resultCatEntryType=&amp;catalogId=10576&amp;pageView=image&amp;facet=mfName_ntk_cs%253AHeston%2BFor%2BColes&amp;minPrice=&amp;categoryId=25573&amp;storeId=10601","name":"Heston For Coles","count":"2","className":""},{"url":"http://shop.coles.com.au/online/SearchDisplay?searchTermScope=&amp;multiSearch=&amp;searchType=2&amp;maxPrice=&amp;showResultsPage=true&amp;langId=-1&amp;beginIndex=0&amp;sType=SimpleSearch&amp;metaData=&amp;browseView=true&amp;manufacturer=&amp;resultCatEntryType=&amp;catalogId=10576&amp;pageView=image&amp;facet=mfName_ntk_cs%253AHeston%2Bfor%2BColes&amp;minPrice=&amp;categoryId=25573&amp;storeId=10601","name":"Heston for Coles","count":"1","className":""},{"url":"http://shop.coles.com.au/online/SearchDisplay?searchTermScope=&amp;multiSearch=&amp;searchType=2&amp;maxPrice=&amp;showResultsPage=true&amp;langId=-1&amp;beginIndex=0&amp;sType=SimpleSearch&amp;metaData=&amp;browseView=true&amp;manufacturer=&amp;resultCatEntryType=&amp;catalogId=10576&amp;pageView=image&amp;facet=mfName_ntk_cs%253AHigher%2BLiving&amp;minPrice=&amp;categoryId=25573&amp;storeId=10601","name":"Higher Living","count":"2","className":""},{"url":"http://shop.coles.com.au/online/SearchDisplay?searchTermScope=&amp;multiSearch=&amp;searchType=2&amp;maxPrice=&amp;showResultsPage=true&amp;langId=-1&amp;beginIndex=0&amp;sType=SimpleSearch&amp;metaData=&amp;browseView=true&amp;manufacturer=&amp;resultCatEntryType=&amp;catalogId=10576&amp;pageView=image&amp;facet=mfName_ntk_cs%253AHikari&amp;minPrice=&amp;categoryId=25573&amp;storeId=10601","name":"Hikari","count":"3","className":""},{"url":"http://shop.coles.com.au/online/SearchDisplay?searchTermScope=&amp;multiSearch=&amp;searchType=2&amp;maxPrice=&amp;showResultsPage=true&amp;langId=-1&amp;beginIndex=0&amp;sType=SimpleSearch&amp;metaData=&amp;browseView=true&amp;manufacturer=&amp;resultCatEntryType=&amp;catalogId=10576&amp;pageView=image&amp;facet=mfName_ntk_cs%253AHolbrooks&amp;minPrice=&amp;categoryId=25573&amp;storeId=10601","name":"Holbrooks","count":"2","className":""},{"url":"http://shop.coles.com.au/online/SearchDisplay?searchTermScope=&amp;multiSearch=&amp;searchType=2&amp;maxPrice=&amp;showResultsPage=true&amp;langId=-1&amp;beginIndex=0&amp;sType=SimpleSearch&amp;metaData=&amp;browseView=true&amp;manufacturer=&amp;resultCatEntryType=&amp;catalogId=10576&amp;pageView=image&amp;facet=mfName_ntk_cs%253AHolland%2BHouse&amp;minPrice=&amp;categoryId=25573&amp;storeId=10601","name":"Holland House","count":"1","className":""},{"url":"http://shop.coles.com.au/online/SearchDisplay?searchTermScope=&amp;multiSearch=&amp;searchType=2&amp;maxPrice=&amp;showResultsPage=true&amp;langId=-1&amp;beginIndex=0&amp;sType=SimpleSearch&amp;metaData=&amp;browseView=true&amp;manufacturer=&amp;resultCatEntryType=&amp;catalogId=10576&amp;pageView=image&amp;facet=mfName_ntk_cs%253AHormel&amp;minPrice=&amp;categoryId=25573&amp;storeId=10601","name":"Hormel","count":"2","className":""},{"url":"http://shop.coles.com.au/online/SearchDisplay?searchTermScope=&amp;multiSearch=&amp;searchType=2&amp;maxPrice=&amp;showResultsPage=true&amp;langId=-1&amp;beginIndex=0&amp;sType=SimpleSearch&amp;metaData=&amp;browseView=true&amp;manufacturer=&amp;resultCatEntryType=&amp;catalogId=10576&amp;pageView=image&amp;facet=mfName_ntk_cs%253AHot%2BShot&amp;minPrice=&amp;categoryId=25573&amp;storeId=10601","name":"Hot Shot","count":"1","className":""},{"url":"http://shop.coles.com.au/online/SearchDisplay?searchTermScope=&amp;multiSearch=&amp;searchType=2&amp;maxPrice=&amp;showResultsPage=true&amp;langId=-1&amp;beginIndex=0&amp;sType=SimpleSearch&amp;metaData=&amp;browseView=true&amp;manufacturer=&amp;resultCatEntryType=&amp;catalogId=10576&amp;pageView=image&amp;facet=mfName_ntk_cs%253AHotshots&amp;minPrice=&amp;categoryId=25573&amp;storeId=10601","name":"Hotshots","count":"1","className":""},{"url":"http://shop.coles.com.au/online/SearchDisplay?searchTermScope=&amp;multiSearch=&amp;searchType=2&amp;maxPrice=&amp;showResultsPage=true&amp;langId=-1&amp;beginIndex=0&amp;sType=SimpleSearch&amp;metaData=&amp;browseView=true&amp;manufacturer=&amp;resultCatEntryType=&amp;catalogId=10576&amp;pageView=image&amp;facet=mfName_ntk_cs%253AHoyt%2527s&amp;minPrice=&amp;categoryId=25573&amp;storeId=10601","name":"Hoyt&#039;s","count":"1","className":""},{"url":"http://shop.coles.com.au/online/SearchDisplay?searchTermScope=&amp;multiSearch=&amp;searchType=2&amp;maxPrice=&amp;showResultsPage=true&amp;langId=-1&amp;beginIndex=0&amp;sType=SimpleSearch&amp;metaData=&amp;browseView=true&amp;manufacturer=&amp;resultCatEntryType=&amp;catalogId=10576&amp;pageView=image&amp;facet=mfName_ntk_cs%253AHoyts&amp;minPrice=&amp;categoryId=25573&amp;storeId=10601","name":"Hoyts","count":"82","className":""},{"url":"http://shop.coles.com.au/online/SearchDisplay?searchTermScope=&amp;multiSearch=&amp;searchType=2&amp;maxPrice=&amp;showResultsPage=true&amp;langId=-1&amp;beginIndex=0&amp;sType=SimpleSearch&amp;metaData=&amp;browseView=true&amp;manufacturer=&amp;resultCatEntryType=&amp;catalogId=10576&amp;pageView=image&amp;facet=mfName_ntk_cs%253AHubba%2BBubba&amp;minPrice=&amp;categoryId=25573&amp;storeId=10601","name":"Hubba Bubba","count":"2","className":""},{"url":"http://shop.coles.com.au/online/SearchDisplay?searchTermScope=&amp;multiSearch=&amp;searchType=2&amp;maxPrice=&amp;showResultsPage=true&amp;langId=-1&amp;beginIndex=0&amp;sType=SimpleSearch&amp;metaData=&amp;browseView=true&amp;manufacturer=&amp;resultCatEntryType=&amp;catalogId=10576&amp;pageView=image&amp;facet=mfName_ntk_cs%253AHubbards&amp;minPrice=&amp;categoryId=25573&amp;storeId=10601","name":"Hubbards","count":"9","className":""},{"url":"http://shop.coles.com.au/online/SearchDisplay?searchTermScope=&amp;multiSearch=&amp;searchType=2&amp;maxPrice=&amp;showResultsPage=true&amp;langId=-1&amp;beginIndex=0&amp;sType=SimpleSearch&amp;metaData=&amp;browseView=true&amp;manufacturer=&amp;resultCatEntryType=&amp;catalogId=10576&amp;pageView=image&amp;facet=mfName_ntk_cs%253AHunts&amp;minPrice=&amp;categoryId=25573&amp;storeId=10601","name":"Hunts","count":"3","className":""},{"url":"http://shop.coles.com.au/online/SearchDisplay?searchTermScope=&amp;multiSearch=&amp;searchType=2&amp;maxPrice=&amp;showResultsPage=true&amp;langId=-1&amp;beginIndex=0&amp;sType=SimpleSearch&amp;metaData=&amp;browseView=true&amp;manufacturer=&amp;resultCatEntryType=&amp;catalogId=10576&amp;pageView=image&amp;facet=mfName_ntk_cs%253AIXL&amp;minPrice=&amp;categoryId=25573&amp;storeId=10601","name":"IXL","count":"21","className":""},{"url":"http://shop.coles.com.au/online/SearchDisplay?searchTermScope=&amp;multiSearch=&amp;searchType=2&amp;maxPrice=&amp;showResultsPage=true&amp;langId=-1&amp;beginIndex=0&amp;sType=SimpleSearch&amp;metaData=&amp;browseView=true&amp;manufacturer=&amp;resultCatEntryType=&amp;catalogId=10576&amp;pageView=image&amp;facet=mfName_ntk_cs%253AIddy%2BBiddy&amp;minPrice=&amp;categoryId=25573&amp;storeId=10601","name":"Iddy Biddy","count":"3","className":""},{"url":"http://shop.coles.com.au/online/SearchDisplay?searchTermScope=&amp;multiSearch=&amp;searchType=2&amp;maxPrice=&amp;showResultsPage=true&amp;langId=-1&amp;beginIndex=0&amp;sType=SimpleSearch&amp;metaData=&amp;browseView=true&amp;manufacturer=&amp;resultCatEntryType=&amp;catalogId=10576&amp;pageView=image&amp;facet=mfName_ntk_cs%253AIlly%2BCaffe&amp;minPrice=&amp;categoryId=25573&amp;storeId=10601","name":"Illy Caffe","count":"2","className":""},{"url":"http://shop.coles.com.au/online/SearchDisplay?searchTermScope=&amp;multiSearch=&amp;searchType=2&amp;maxPrice=&amp;showResultsPage=true&amp;langId=-1&amp;beginIndex=0&amp;sType=SimpleSearch&amp;metaData=&amp;browseView=true&amp;manufacturer=&amp;resultCatEntryType=&amp;catalogId=10576&amp;pageView=image&amp;facet=mfName_ntk_cs%253AIndo%2BMie&amp;minPrice=&amp;categoryId=25573&amp;storeId=10601","name":"Indo Mie","count":"2","className":""},{"url":"http://shop.coles.com.au/online/SearchDisplay?searchTermScope=&amp;multiSearch=&amp;searchType=2&amp;maxPrice=&amp;showResultsPage=true&amp;langId=-1&amp;beginIndex=0&amp;sType=SimpleSearch&amp;metaData=&amp;browseView=true&amp;manufacturer=&amp;resultCatEntryType=&amp;catalogId=10576&amp;pageView=image&amp;facet=mfName_ntk_cs%253AIndofood&amp;minPrice=&amp;categoryId=25573&amp;storeId=10601","name":"Indofood","count":"1","className":""},{"url":"http://shop.coles.com.au/online/SearchDisplay?searchTermScope=&amp;multiSearch=&amp;searchType=2&amp;maxPrice=&amp;showResultsPage=true&amp;langId=-1&amp;beginIndex=0&amp;sType=SimpleSearch&amp;metaData=&amp;browseView=true&amp;manufacturer=&amp;resultCatEntryType=&amp;catalogId=10576&amp;pageView=image&amp;facet=mfName_ntk_cs%253AIndomie&amp;minPrice=&amp;categoryId=25573&amp;storeId=10601","name":"Indomie","count":"8","className":""},{"url":"http://shop.coles.com.au/online/SearchDisplay?searchTermScope=&amp;multiSearch=&amp;searchType=2&amp;maxPrice=&amp;showResultsPage=true&amp;langId=-1&amp;beginIndex=0&amp;sType=SimpleSearch&amp;metaData=&amp;browseView=true&amp;manufacturer=&amp;resultCatEntryType=&amp;catalogId=10576&amp;pageView=image&amp;facet=mfName_ntk_cs%253AInternational%2BRoast&amp;minPrice=&amp;categoryId=25573&amp;storeId=10601","name":"International Roast","count":"2","className":""},{"url":"http://shop.coles.com.au/online/SearchDisplay?searchTermScope=&amp;multiSearch=&amp;searchType=2&amp;maxPrice=&amp;showResultsPage=true&amp;langId=-1&amp;beginIndex=0&amp;sType=SimpleSearch&amp;metaData=&amp;browseView=true&amp;manufacturer=&amp;resultCatEntryType=&amp;catalogId=10576&amp;pageView=image&amp;facet=mfName_ntk_cs%253AItal&amp;minPrice=&amp;categoryId=25573&amp;storeId=10601","name":"Ital","count":"1","className":""},{"url":"http://shop.coles.com.au/online/SearchDisplay?searchTermScope=&amp;multiSearch=&amp;searchType=2&amp;maxPrice=&amp;showResultsPage=true&amp;langId=-1&amp;beginIndex=0&amp;sType=SimpleSearch&amp;metaData=&amp;browseView=true&amp;manufacturer=&amp;resultCatEntryType=&amp;catalogId=10576&amp;pageView=image&amp;facet=mfName_ntk_cs%253AItoen&amp;minPrice=&amp;categoryId=25573&amp;storeId=10601","name":"Itoen","count":"1","className":""},{"url":"http://shop.coles.com.au/online/SearchDisplay?searchTermScope=&amp;multiSearch=&amp;searchType=2&amp;maxPrice=&amp;showResultsPage=true&amp;langId=-1&amp;beginIndex=0&amp;sType=SimpleSearch&amp;metaData=&amp;browseView=true&amp;manufacturer=&amp;resultCatEntryType=&amp;catalogId=10576&amp;pageView=image&amp;facet=mfName_ntk_cs%253AJack%2BLink%2527s&amp;minPrice=&amp;categoryId=25573&amp;storeId=10601","name":"Jack Link&#039;s","count":"3","className":""},{"url":"http://shop.coles.com.au/online/SearchDisplay?searchTermScope=&amp;multiSearch=&amp;searchType=2&amp;maxPrice=&amp;showResultsPage=true&amp;langId=-1&amp;beginIndex=0&amp;sType=SimpleSearch&amp;metaData=&amp;browseView=true&amp;manufacturer=&amp;resultCatEntryType=&amp;catalogId=10576&amp;pageView=image&amp;facet=mfName_ntk_cs%253AJacobs&amp;minPrice=&amp;categoryId=25573&amp;storeId=10601","name":"Jacobs","count":"1","className":""},{"url":"http://shop.coles.com.au/online/SearchDisplay?searchTermScope=&amp;multiSearch=&amp;searchType=2&amp;maxPrice=&amp;showResultsPage=true&amp;langId=-1&amp;beginIndex=0&amp;sType=SimpleSearch&amp;metaData=&amp;browseView=true&amp;manufacturer=&amp;resultCatEntryType=&amp;catalogId=10576&amp;pageView=image&amp;facet=mfName_ntk_cs%253AJammie%2BDodgers&amp;minPrice=&amp;categoryId=25573&amp;storeId=10601","name":"Jammie Dodgers","count":"1","className":""},{"url":"http://shop.coles.com.au/online/SearchDisplay?searchTermScope=&amp;multiSearch=&amp;searchType=2&amp;maxPrice=&amp;showResultsPage=true&amp;langId=-1&amp;beginIndex=0&amp;sType=SimpleSearch&amp;metaData=&amp;browseView=true&amp;manufacturer=&amp;resultCatEntryType=&amp;catalogId=10576&amp;pageView=image&amp;facet=mfName_ntk_cs%253AJarrah&amp;minPrice=&amp;categoryId=25573&amp;storeId=10601","name":"Jarrah","count":"5","className":""},{"url":"http://shop.coles.com.au/online/SearchDisplay?searchTermScope=&amp;multiSearch=&amp;searchType=2&amp;maxPrice=&amp;showResultsPage=true&amp;langId=-1&amp;beginIndex=0&amp;sType=SimpleSearch&amp;metaData=&amp;browseView=true&amp;manufacturer=&amp;resultCatEntryType=&amp;catalogId=10576&amp;pageView=image&amp;facet=mfName_ntk_cs%253AJeenys&amp;minPrice=&amp;categoryId=25573&amp;storeId=10601","name":"Jeenys","count":"1","className":""},{"url":"http://shop.coles.com.au/online/SearchDisplay?searchTermScope=&amp;multiSearch=&amp;searchType=2&amp;maxPrice=&amp;showResultsPage=true&amp;langId=-1&amp;beginIndex=0&amp;sType=SimpleSearch&amp;metaData=&amp;browseView=true&amp;manufacturer=&amp;resultCatEntryType=&amp;catalogId=10576&amp;pageView=image&amp;facet=mfName_ntk_cs%253AJenny%2527s&amp;minPrice=&amp;categoryId=25573&amp;storeId=10601","name":"Jenny&#039;s","count":"1","className":""},{"url":"http://shop.coles.com.au/online/SearchDisplay?searchTermScope=&amp;multiSearch=&amp;searchType=2&amp;maxPrice=&amp;showResultsPage=true&amp;langId=-1&amp;beginIndex=0&amp;sType=SimpleSearch&amp;metaData=&amp;browseView=true&amp;manufacturer=&amp;resultCatEntryType=&amp;catalogId=10576&amp;pageView=image&amp;facet=mfName_ntk_cs%253AJensens&amp;minPrice=&amp;categoryId=25573&amp;storeId=10601","name":"Jensens","count":"2","className":""},{"url":"http://shop.coles.com.au/online/SearchDisplay?searchTermScope=&amp;multiSearch=&amp;searchType=2&amp;maxPrice=&amp;showResultsPage=true&amp;langId=-1&amp;beginIndex=0&amp;sType=SimpleSearch&amp;metaData=&amp;browseView=true&amp;manufacturer=&amp;resultCatEntryType=&amp;catalogId=10576&amp;pageView=image&amp;facet=mfName_ntk_cs%253AJensens%2BChoice&amp;minPrice=&amp;categoryId=25573&amp;storeId=10601","name":"Jensens Choice","count":"2","className":""},{"url":"http://shop.coles.com.au/online/SearchDisplay?searchTermScope=&amp;multiSearch=&amp;searchType=2&amp;maxPrice=&amp;showResultsPage=true&amp;langId=-1&amp;beginIndex=0&amp;sType=SimpleSearch&amp;metaData=&amp;browseView=true&amp;manufacturer=&amp;resultCatEntryType=&amp;catalogId=10576&amp;pageView=image&amp;facet=mfName_ntk_cs%253AJila&amp;minPrice=&amp;categoryId=25573&amp;storeId=10601","name":"Jila","count":"3","className":""},{"url":"http://shop.coles.com.au/online/SearchDisplay?searchTermScope=&amp;multiSearch=&amp;searchType=2&amp;maxPrice=&amp;showResultsPage=true&amp;langId=-1&amp;beginIndex=0&amp;sType=SimpleSearch&amp;metaData=&amp;browseView=true&amp;manufacturer=&amp;resultCatEntryType=&amp;catalogId=10576&amp;pageView=image&amp;facet=mfName_ntk_cs%253AJills%2BCuisine&amp;minPrice=&amp;categoryId=25573&amp;storeId=10601","name":"Jills Cuisine","count":"1","className":""},{"url":"http://shop.coles.com.au/online/SearchDisplay?searchTermScope=&amp;multiSearch=&amp;searchType=2&amp;maxPrice=&amp;showResultsPage=true&amp;langId=-1&amp;beginIndex=0&amp;sType=SimpleSearch&amp;metaData=&amp;browseView=true&amp;manufacturer=&amp;resultCatEntryType=&amp;catalogId=10576&amp;pageView=image&amp;facet=mfName_ntk_cs%253AJimmys%2BMasterchef%2BRange&amp;minPrice=&amp;categoryId=25573&amp;storeId=10601","name":"Jimmys Masterchef Range","count":"1","className":""},{"url":"http://shop.coles.com.au/online/SearchDisplay?searchTermScope=&amp;multiSearch=&amp;searchType=2&amp;maxPrice=&amp;showResultsPage=true&amp;langId=-1&amp;beginIndex=0&amp;sType=SimpleSearch&amp;metaData=&amp;browseView=true&amp;manufacturer=&amp;resultCatEntryType=&amp;catalogId=10576&amp;pageView=image&amp;facet=mfName_ntk_cs%253AJohn%2BWest&amp;minPrice=&amp;categoryId=25573&amp;storeId=10601","name":"John West","count":"84","className":""},{"url":"http://shop.coles.com.au/online/SearchDisplay?searchTermScope=&amp;multiSearch=&amp;searchType=2&amp;maxPrice=&amp;showResultsPage=true&amp;langId=-1&amp;beginIndex=0&amp;sType=SimpleSearch&amp;metaData=&amp;browseView=true&amp;manufacturer=&amp;resultCatEntryType=&amp;catalogId=10576&amp;pageView=image&amp;facet=mfName_ntk_cs%253AJols&amp;minPrice=&amp;categoryId=25573&amp;storeId=10601","name":"Jols","count":"3","className":""},{"url":"http://shop.coles.com.au/online/SearchDisplay?searchTermScope=&amp;multiSearch=&amp;searchType=2&amp;maxPrice=&amp;showResultsPage=true&amp;langId=-1&amp;beginIndex=0&amp;sType=SimpleSearch&amp;metaData=&amp;browseView=true&amp;manufacturer=&amp;resultCatEntryType=&amp;catalogId=10576&amp;pageView=image&amp;facet=mfName_ntk_cs%253AJordan%2527s&amp;minPrice=&amp;categoryId=25573&amp;storeId=10601","name":"Jordan&#039;s","count":"7","className":""},{"url":"http://shop.coles.com.au/online/SearchDisplay?searchTermScope=&amp;multiSearch=&amp;searchType=2&amp;maxPrice=&amp;showResultsPage=true&amp;langId=-1&amp;beginIndex=0&amp;sType=SimpleSearch&amp;metaData=&amp;browseView=true&amp;manufacturer=&amp;resultCatEntryType=&amp;catalogId=10576&amp;pageView=image&amp;facet=mfName_ntk_cs%253AJordans&amp;minPrice=&amp;categoryId=25573&amp;storeId=10601","name":"Jordans","count":"1","className":""},{"url":"http://shop.coles.com.au/online/SearchDisplay?searchTermScope=&amp;multiSearch=&amp;searchType=2&amp;maxPrice=&amp;showResultsPage=true&amp;langId=-1&amp;beginIndex=0&amp;sType=SimpleSearch&amp;metaData=&amp;browseView=true&amp;manufacturer=&amp;resultCatEntryType=&amp;catalogId=10576&amp;pageView=image&amp;facet=mfName_ntk_cs%253AJumpy%2527s&amp;minPrice=&amp;categoryId=25573&amp;storeId=10601","name":"Jumpy&#039;s","count":"1","className":""},{"url":"http://shop.coles.com.au/online/SearchDisplay?searchTermScope=&amp;multiSearch=&amp;searchType=2&amp;maxPrice=&amp;showResultsPage=true&amp;langId=-1&amp;beginIndex=0&amp;sType=SimpleSearch&amp;metaData=&amp;browseView=true&amp;manufacturer=&amp;resultCatEntryType=&amp;catalogId=10576&amp;pageView=image&amp;facet=mfName_ntk_cs%253AJust%2BRooibos&amp;minPrice=&amp;categoryId=25573&amp;storeId=10601","name":"Just Rooibos","count":"1","className":""},{"url":"http://shop.coles.com.au/online/SearchDisplay?searchTermScope=&amp;multiSearch=&amp;searchType=2&amp;maxPrice=&amp;showResultsPage=true&amp;langId=-1&amp;beginIndex=0&amp;sType=SimpleSearch&amp;metaData=&amp;browseView=true&amp;manufacturer=&amp;resultCatEntryType=&amp;catalogId=10576&amp;pageView=image&amp;facet=mfName_ntk_cs%253AKan%2BTong&amp;minPrice=&amp;categoryId=25573&amp;storeId=10601","name":"Kan Tong","count":"23","className":""},{"url":"http://shop.coles.com.au/online/SearchDisplay?searchTermScope=&amp;multiSearch=&amp;searchType=2&amp;maxPrice=&amp;showResultsPage=true&amp;langId=-1&amp;beginIndex=0&amp;sType=SimpleSearch&amp;metaData=&amp;browseView=true&amp;manufacturer=&amp;resultCatEntryType=&amp;catalogId=10576&amp;pageView=image&amp;facet=mfName_ntk_cs%253AKantong&amp;minPrice=&amp;categoryId=25573&amp;storeId=10601","name":"Kantong","count":"2","className":""},{"url":"http://shop.coles.com.au/online/SearchDisplay?searchTermScope=&amp;multiSearch=&amp;searchType=2&amp;maxPrice=&amp;showResultsPage=true&amp;langId=-1&amp;beginIndex=0&amp;sType=SimpleSearch&amp;metaData=&amp;browseView=true&amp;manufacturer=&amp;resultCatEntryType=&amp;catalogId=10576&amp;pageView=image&amp;facet=mfName_ntk_cs%253AKeens&amp;minPrice=&amp;categoryId=25573&amp;storeId=10601","name":"Keens","count":"2","className":""},{"url":"http://shop.coles.com.au/online/SearchDisplay?searchTermScope=&amp;multiSearch=&amp;searchType=2&amp;maxPrice=&amp;showResultsPage=true&amp;langId=-1&amp;beginIndex=0&amp;sType=SimpleSearch&amp;metaData=&amp;browseView=true&amp;manufacturer=&amp;resultCatEntryType=&amp;catalogId=10576&amp;pageView=image&amp;facet=mfName_ntk_cs%253AKellogg%2527s&amp;minPrice=&amp;categoryId=25573&amp;storeId=10601","name":"Kellogg&#039;s","count":"77","className":""},{"url":"http://shop.coles.com.au/online/SearchDisplay?searchTermScope=&amp;multiSearch=&amp;searchType=2&amp;maxPrice=&amp;showResultsPage=true&amp;langId=-1&amp;beginIndex=0&amp;sType=SimpleSearch&amp;metaData=&amp;browseView=true&amp;manufacturer=&amp;resultCatEntryType=&amp;catalogId=10576&amp;pageView=image&amp;facet=mfName_ntk_cs%253AKenco&amp;minPrice=&amp;categoryId=25573&amp;storeId=10601","name":"Kenco","count":"2","className":""},{"url":"http://shop.coles.com.au/online/SearchDisplay?searchTermScope=&amp;multiSearch=&amp;searchType=2&amp;maxPrice=&amp;showResultsPage=true&amp;langId=-1&amp;beginIndex=0&amp;sType=SimpleSearch&amp;metaData=&amp;browseView=true&amp;manufacturer=&amp;resultCatEntryType=&amp;catalogId=10576&amp;pageView=image&amp;facet=mfName_ntk_cs%253AKettle&amp;minPrice=&amp;categoryId=25573&amp;storeId=10601","name":"Kettle","count":"10","className":""},{"url":"http://shop.coles.com.au/online/SearchDisplay?searchTermScope=&amp;multiSearch=&amp;searchType=2&amp;maxPrice=&amp;showResultsPage=true&amp;langId=-1&amp;beginIndex=0&amp;sType=SimpleSearch&amp;metaData=&amp;browseView=true&amp;manufacturer=&amp;resultCatEntryType=&amp;catalogId=10576&amp;pageView=image&amp;facet=mfName_ntk_cs%253AKewpie&amp;minPrice=&amp;categoryId=25573&amp;storeId=10601","name":"Kewpie","count":"4","className":""},{"url":"http://shop.coles.com.au/online/SearchDisplay?searchTermScope=&amp;multiSearch=&amp;searchType=2&amp;maxPrice=&amp;showResultsPage=true&amp;langId=-1&amp;beginIndex=0&amp;sType=SimpleSearch&amp;metaData=&amp;browseView=true&amp;manufacturer=&amp;resultCatEntryType=&amp;catalogId=10576&amp;pageView=image&amp;facet=mfName_ntk_cs%253AKez%2527s&amp;minPrice=&amp;categoryId=25573&amp;storeId=10601","name":"Kez&#039;s","count":"7","className":""},{"url":"http://shop.coles.com.au/online/SearchDisplay?searchTermScope=&amp;multiSearch=&amp;searchType=2&amp;maxPrice=&amp;showResultsPage=true&amp;langId=-1&amp;beginIndex=0&amp;sType=SimpleSearch&amp;metaData=&amp;browseView=true&amp;manufacturer=&amp;resultCatEntryType=&amp;catalogId=10576&amp;pageView=image&amp;facet=mfName_ntk_cs%253AKikkoman&amp;minPrice=&amp;categoryId=25573&amp;storeId=10601","name":"Kikkoman","count":"11","className":""},{"url":"http://shop.coles.com.au/online/SearchDisplay?searchTermScope=&amp;multiSearch=&amp;searchType=2&amp;maxPrice=&amp;showResultsPage=true&amp;langId=-1&amp;beginIndex=0&amp;sType=SimpleSearch&amp;metaData=&amp;browseView=true&amp;manufacturer=&amp;resultCatEntryType=&amp;catalogId=10576&amp;pageView=image&amp;facet=mfName_ntk_cs%253AKinder&amp;minPrice=&amp;categoryId=25573&amp;storeId=10601","name":"Kinder","count":"6","className":""},{"url":"http://shop.coles.com.au/online/SearchDisplay?searchTermScope=&amp;multiSearch=&amp;searchType=2&amp;maxPrice=&amp;showResultsPage=true&amp;langId=-1&amp;beginIndex=0&amp;sType=SimpleSearch&amp;metaData=&amp;browseView=true&amp;manufacturer=&amp;resultCatEntryType=&amp;catalogId=10576&amp;pageView=image&amp;facet=mfName_ntk_cs%253AKing%2BOscar&amp;minPrice=&amp;categoryId=25573&amp;storeId=10601","name":"King Oscar","count":"4","className":""},{"url":"http://shop.coles.com.au/online/SearchDisplay?searchTermScope=&amp;multiSearch=&amp;searchType=2&amp;maxPrice=&amp;showResultsPage=true&amp;langId=-1&amp;beginIndex=0&amp;sType=SimpleSearch&amp;metaData=&amp;browseView=true&amp;manufacturer=&amp;resultCatEntryType=&amp;catalogId=10576&amp;pageView=image&amp;facet=mfName_ntk_cs%253AKinkara&amp;minPrice=&amp;categoryId=25573&amp;storeId=10601","name":"Kinkara","count":"1","className":""},{"url":"http://shop.coles.com.au/online/SearchDisplay?searchTermScope=&amp;multiSearch=&amp;searchType=2&amp;maxPrice=&amp;showResultsPage=true&amp;langId=-1&amp;beginIndex=0&amp;sType=SimpleSearch&amp;metaData=&amp;browseView=true&amp;manufacturer=&amp;resultCatEntryType=&amp;catalogId=10576&amp;pageView=image&amp;facet=mfName_ntk_cs%253AKokuho&amp;minPrice=&amp;categoryId=25573&amp;storeId=10601","name":"Kokuho","count":"1","className":""},{"url":"http://shop.coles.com.au/online/SearchDisplay?searchTermScope=&amp;multiSearch=&amp;searchType=2&amp;maxPrice=&amp;showResultsPage=true&amp;langId=-1&amp;beginIndex=0&amp;sType=SimpleSearch&amp;metaData=&amp;browseView=true&amp;manufacturer=&amp;resultCatEntryType=&amp;catalogId=10576&amp;pageView=image&amp;facet=mfName_ntk_cs%253AKook%2BA%2BCrumb&amp;minPrice=&amp;categoryId=25573&amp;storeId=10601","name":"Kook A Crumb","count":"1","className":""},{"url":"http://shop.coles.com.au/online/SearchDisplay?searchTermScope=&amp;multiSearch=&amp;searchType=2&amp;maxPrice=&amp;showResultsPage=true&amp;langId=-1&amp;beginIndex=0&amp;sType=SimpleSearch&amp;metaData=&amp;browseView=true&amp;manufacturer=&amp;resultCatEntryType=&amp;catalogId=10576&amp;pageView=image&amp;facet=mfName_ntk_cs%253AKooka%2BA%2BKrumb&amp;minPrice=&amp;categoryId=25573&amp;storeId=10601","name":"Kooka A Krumb","count":"1","className":""},{"url":"http://shop.coles.com.au/online/SearchDisplay?searchTermScope=&amp;multiSearch=&amp;searchType=2&amp;maxPrice=&amp;showResultsPage=true&amp;langId=-1&amp;beginIndex=0&amp;sType=SimpleSearch&amp;metaData=&amp;browseView=true&amp;manufacturer=&amp;resultCatEntryType=&amp;catalogId=10576&amp;pageView=image&amp;facet=mfName_ntk_cs%253AKooka%2527s&amp;minPrice=&amp;categoryId=25573&amp;storeId=10601","name":"Kooka&#039;s","count":"2","className":""},{"url":"http://shop.coles.com.au/online/SearchDisplay?searchTermScope=&amp;multiSearch=&amp;searchType=2&amp;maxPrice=&amp;showResultsPage=true&amp;langId=-1&amp;beginIndex=0&amp;sType=SimpleSearch&amp;metaData=&amp;browseView=true&amp;manufacturer=&amp;resultCatEntryType=&amp;catalogId=10576&amp;pageView=image&amp;facet=mfName_ntk_cs%253AKookaburra&amp;minPrice=&amp;categoryId=25573&amp;storeId=10601","name":"Kookaburra","count":"1","className":""},{"url":"http://shop.coles.com.au/online/SearchDisplay?searchTermScope=&amp;multiSearch=&amp;searchType=2&amp;maxPrice=&amp;showResultsPage=true&amp;langId=-1&amp;beginIndex=0&amp;sType=SimpleSearch&amp;metaData=&amp;browseView=true&amp;manufacturer=&amp;resultCatEntryType=&amp;catalogId=10576&amp;pageView=image&amp;facet=mfName_ntk_cs%253AKopiko&amp;minPrice=&amp;categoryId=25573&amp;storeId=10601","name":"Kopiko","count":"1","className":""},{"url":"http://shop.coles.com.au/online/SearchDisplay?searchTermScope=&amp;multiSearch=&amp;searchType=2&amp;maxPrice=&amp;showResultsPage=true&amp;langId=-1&amp;beginIndex=0&amp;sType=SimpleSearch&amp;metaData=&amp;browseView=true&amp;manufacturer=&amp;resultCatEntryType=&amp;catalogId=10576&amp;pageView=image&amp;facet=mfName_ntk_cs%253AKoska&amp;minPrice=&amp;categoryId=25573&amp;storeId=10601","name":"Koska","count":"2","className":""},{"url":"http://shop.coles.com.au/online/SearchDisplay?searchTermScope=&amp;multiSearch=&amp;searchType=2&amp;maxPrice=&amp;showResultsPage=true&amp;langId=-1&amp;beginIndex=0&amp;sType=SimpleSearch&amp;metaData=&amp;browseView=true&amp;manufacturer=&amp;resultCatEntryType=&amp;catalogId=10576&amp;pageView=image&amp;facet=mfName_ntk_cs%253AKraft&amp;minPrice=&amp;categoryId=25573&amp;storeId=10601","name":"Kraft","count":"60","className":""},{"url":"http://shop.coles.com.au/online/SearchDisplay?searchTermScope=&amp;multiSearch=&amp;searchType=2&amp;maxPrice=&amp;showResultsPage=true&amp;langId=-1&amp;beginIndex=0&amp;sType=SimpleSearch&amp;metaData=&amp;browseView=true&amp;manufacturer=&amp;resultCatEntryType=&amp;catalogId=10576&amp;pageView=image&amp;facet=mfName_ntk_cs%253AKraft%2BIn%2BA%2BBiskit&amp;minPrice=&amp;categoryId=25573&amp;storeId=10601","name":"Kraft In A Biskit","count":"1","className":""},{"url":"http://shop.coles.com.au/online/SearchDisplay?searchTermScope=&amp;multiSearch=&amp;searchType=2&amp;maxPrice=&amp;showResultsPage=true&amp;langId=-1&amp;beginIndex=0&amp;sType=SimpleSearch&amp;metaData=&amp;browseView=true&amp;manufacturer=&amp;resultCatEntryType=&amp;catalogId=10576&amp;pageView=image&amp;facet=mfName_ntk_cs%253AKurrajong%2BKitchen&amp;minPrice=&amp;categoryId=25573&amp;storeId=10601","name":"Kurrajong Kitchen","count":"1","className":""},{"url":"http://shop.coles.com.au/online/SearchDisplay?searchTermScope=&amp;multiSearch=&amp;searchType=2&amp;maxPrice=&amp;showResultsPage=true&amp;langId=-1&amp;beginIndex=0&amp;sType=SimpleSearch&amp;metaData=&amp;browseView=true&amp;manufacturer=&amp;resultCatEntryType=&amp;catalogId=10576&amp;pageView=image&amp;facet=mfName_ntk_cs%253AL%2527or%2BEspresso&amp;minPrice=&amp;categoryId=25573&amp;storeId=10601","name":"L&#039;or Espresso","count":"9","className":""},{"url":"http://shop.coles.com.au/online/SearchDisplay?searchTermScope=&amp;multiSearch=&amp;searchType=2&amp;maxPrice=&amp;showResultsPage=true&amp;langId=-1&amp;beginIndex=0&amp;sType=SimpleSearch&amp;metaData=&amp;browseView=true&amp;manufacturer=&amp;resultCatEntryType=&amp;catalogId=10576&amp;pageView=image&amp;facet=mfName_ntk_cs%253ALa%2BEspanola&amp;minPrice=&amp;categoryId=25573&amp;storeId=10601","name":"La Espanola","count":"6","className":""},{"url":"http://shop.coles.com.au/online/SearchDisplay?searchTermScope=&amp;multiSearch=&amp;searchType=2&amp;maxPrice=&amp;showResultsPage=true&amp;langId=-1&amp;beginIndex=0&amp;sType=SimpleSearch&amp;metaData=&amp;browseView=true&amp;manufacturer=&amp;resultCatEntryType=&amp;catalogId=10576&amp;pageView=image&amp;facet=mfName_ntk_cs%253ALa%2BMolisana&amp;minPrice=&amp;categoryId=25573&amp;storeId=10601","name":"La Molisana","count":"1","className":""},{"url":"http://shop.coles.com.au/online/SearchDisplay?searchTermScope=&amp;multiSearch=&amp;searchType=2&amp;maxPrice=&amp;showResultsPage=true&amp;langId=-1&amp;beginIndex=0&amp;sType=SimpleSearch&amp;metaData=&amp;browseView=true&amp;manufacturer=&amp;resultCatEntryType=&amp;catalogId=10576&amp;pageView=image&amp;facet=mfName_ntk_cs%253ALa%2BPanza&amp;minPrice=&amp;categoryId=25573&amp;storeId=10601","name":"La Panza","count":"2","className":""},{"url":"http://shop.coles.com.au/online/SearchDisplay?searchTermScope=&amp;multiSearch=&amp;searchType=2&amp;maxPrice=&amp;showResultsPage=true&amp;langId=-1&amp;beginIndex=0&amp;sType=SimpleSearch&amp;metaData=&amp;browseView=true&amp;manufacturer=&amp;resultCatEntryType=&amp;catalogId=10576&amp;pageView=image&amp;facet=mfName_ntk_cs%253ALa%2BZuppa&amp;minPrice=&amp;categoryId=25573&amp;storeId=10601","name":"La Zuppa","count":"16","className":""},{"url":"http://shop.coles.com.au/online/SearchDisplay?searchTermScope=&amp;multiSearch=&amp;searchType=2&amp;maxPrice=&amp;showResultsPage=true&amp;langId=-1&amp;beginIndex=0&amp;sType=SimpleSearch&amp;metaData=&amp;browseView=true&amp;manufacturer=&amp;resultCatEntryType=&amp;catalogId=10576&amp;pageView=image&amp;facet=mfName_ntk_cs%253ALanchoo&amp;minPrice=&amp;categoryId=25573&amp;storeId=10601","name":"Lanchoo","count":"2","className":""},{"url":"http://shop.coles.com.au/online/SearchDisplay?searchTermScope=&amp;multiSearch=&amp;searchType=2&amp;maxPrice=&amp;showResultsPage=true&amp;langId=-1&amp;beginIndex=0&amp;sType=SimpleSearch&amp;metaData=&amp;browseView=true&amp;manufacturer=&amp;resultCatEntryType=&amp;catalogId=10576&amp;pageView=image&amp;facet=mfName_ntk_cs%253ALatina&amp;minPrice=&amp;categoryId=25573&amp;storeId=10601","name":"Latina","count":"16","className":""},{"url":"http://shop.coles.com.au/online/SearchDisplay?searchTermScope=&amp;multiSearch=&amp;searchType=2&amp;maxPrice=&amp;showResultsPage=true&amp;langId=-1&amp;beginIndex=0&amp;sType=SimpleSearch&amp;metaData=&amp;browseView=true&amp;manufacturer=&amp;resultCatEntryType=&amp;catalogId=10576&amp;pageView=image&amp;facet=mfName_ntk_cs%253ALaucke&amp;minPrice=&amp;categoryId=25573&amp;storeId=10601","name":"Laucke","count":"10","className":""},{"url":"http://shop.coles.com.au/online/SearchDisplay?searchTermScope=&amp;multiSearch=&amp;searchType=2&amp;maxPrice=&amp;showResultsPage=true&amp;langId=-1&amp;beginIndex=0&amp;sType=SimpleSearch&amp;metaData=&amp;browseView=true&amp;manufacturer=&amp;resultCatEntryType=&amp;catalogId=10576&amp;pageView=image&amp;facet=mfName_ntk_cs%253ALaucke%2BEasy%2BBakers&amp;minPrice=&amp;categoryId=25573&amp;storeId=10601","name":"Laucke Easy Bakers","count":"2","className":""},{"url":"http://shop.coles.com.au/online/SearchDisplay?searchTermScope=&amp;multiSearch=&amp;searchType=2&amp;maxPrice=&amp;showResultsPage=true&amp;langId=-1&amp;beginIndex=0&amp;sType=SimpleSearch&amp;metaData=&amp;browseView=true&amp;manufacturer=&amp;resultCatEntryType=&amp;catalogId=10576&amp;pageView=image&amp;facet=mfName_ntk_cs%253ALavazza&amp;minPrice=&amp;categoryId=25573&amp;storeId=10601","name":"Lavazza","count":"18","className":""},{"url":"http://shop.coles.com.au/online/SearchDisplay?searchTermScope=&amp;multiSearch=&amp;searchType=2&amp;maxPrice=&amp;showResultsPage=true&amp;langId=-1&amp;beginIndex=0&amp;sType=SimpleSearch&amp;metaData=&amp;browseView=true&amp;manufacturer=&amp;resultCatEntryType=&amp;catalogId=10576&amp;pageView=image&amp;facet=mfName_ntk_cs%253ALea%2B%2526%2BPerrins&amp;minPrice=&amp;categoryId=25573&amp;storeId=10601","name":"Lea &amp; Perrins","count":"1","className":""},{"url":"http://shop.coles.com.au/online/SearchDisplay?searchTermScope=&amp;multiSearch=&amp;searchType=2&amp;maxPrice=&amp;showResultsPage=true&amp;langId=-1&amp;beginIndex=0&amp;sType=SimpleSearch&amp;metaData=&amp;browseView=true&amp;manufacturer=&amp;resultCatEntryType=&amp;catalogId=10576&amp;pageView=image&amp;facet=mfName_ntk_cs%253ALeda&amp;minPrice=&amp;categoryId=25573&amp;storeId=10601","name":"Leda","count":"7","className":""},{"url":"http://shop.coles.com.au/online/SearchDisplay?searchTermScope=&amp;multiSearch=&amp;searchType=2&amp;maxPrice=&amp;showResultsPage=true&amp;langId=-1&amp;beginIndex=0&amp;sType=SimpleSearch&amp;metaData=&amp;browseView=true&amp;manufacturer=&amp;resultCatEntryType=&amp;catalogId=10576&amp;pageView=image&amp;facet=mfName_ntk_cs%253ALeda%2BNutrition&amp;minPrice=&amp;categoryId=25573&amp;storeId=10601","name":"Leda Nutrition","count":"2","className":""},{"url":"http://shop.coles.com.au/online/SearchDisplay?searchTermScope=&amp;multiSearch=&amp;searchType=2&amp;maxPrice=&amp;showResultsPage=true&amp;langId=-1&amp;beginIndex=0&amp;sType=SimpleSearch&amp;metaData=&amp;browseView=true&amp;manufacturer=&amp;resultCatEntryType=&amp;catalogId=10576&amp;pageView=image&amp;facet=mfName_ntk_cs%253ALee%2BKum%2BKee&amp;minPrice=&amp;categoryId=25573&amp;storeId=10601","name":"Lee Kum Kee","count":"22","className":""},{"url":"http://shop.coles.com.au/online/SearchDisplay?searchTermScope=&amp;multiSearch=&amp;searchType=2&amp;maxPrice=&amp;showResultsPage=true&amp;langId=-1&amp;beginIndex=0&amp;sType=SimpleSearch&amp;metaData=&amp;browseView=true&amp;manufacturer=&amp;resultCatEntryType=&amp;catalogId=10576&amp;pageView=image&amp;facet=mfName_ntk_cs%253ALeggo%2527s&amp;minPrice=&amp;categoryId=25573&amp;storeId=10601","name":"Leggo&#039;s","count":"52","className":""},{"url":"http://shop.coles.com.au/online/SearchDisplay?searchTermScope=&amp;multiSearch=&amp;searchType=2&amp;maxPrice=&amp;showResultsPage=true&amp;langId=-1&amp;beginIndex=0&amp;sType=SimpleSearch&amp;metaData=&amp;browseView=true&amp;manufacturer=&amp;resultCatEntryType=&amp;catalogId=10576&amp;pageView=image&amp;facet=mfName_ntk_cs%253ALicensed&amp;minPrice=&amp;categoryId=25573&amp;storeId=10601","name":"Licensed","count":"1","className":""},{"url":"http://shop.coles.com.au/online/SearchDisplay?searchTermScope=&amp;multiSearch=&amp;searchType=2&amp;maxPrice=&amp;showResultsPage=true&amp;langId=-1&amp;beginIndex=0&amp;sType=SimpleSearch&amp;metaData=&amp;browseView=true&amp;manufacturer=&amp;resultCatEntryType=&amp;catalogId=10576&amp;pageView=image&amp;facet=mfName_ntk_cs%253ALicorette&amp;minPrice=&amp;categoryId=25573&amp;storeId=10601","name":"Licorette","count":"1","className":""},{"url":"http://shop.coles.com.au/online/SearchDisplay?searchTermScope=&amp;multiSearch=&amp;searchType=2&amp;maxPrice=&amp;showResultsPage=true&amp;langId=-1&amp;beginIndex=0&amp;sType=SimpleSearch&amp;metaData=&amp;browseView=true&amp;manufacturer=&amp;resultCatEntryType=&amp;catalogId=10576&amp;pageView=image&amp;facet=mfName_ntk_cs%253ALiddells&amp;minPrice=&amp;categoryId=25573&amp;storeId=10601","name":"Liddells","count":"2","className":""},{"url":"http://shop.coles.com.au/online/SearchDisplay?searchTermScope=&amp;multiSearch=&amp;searchType=2&amp;maxPrice=&amp;showResultsPage=true&amp;langId=-1&amp;beginIndex=0&amp;sType=SimpleSearch&amp;metaData=&amp;browseView=true&amp;manufacturer=&amp;resultCatEntryType=&amp;catalogId=10576&amp;pageView=image&amp;facet=mfName_ntk_cs%253ALifesavers&amp;minPrice=&amp;categoryId=25573&amp;storeId=10601","name":"Lifesavers","count":"6","className":""},{"url":"http://shop.coles.com.au/online/SearchDisplay?searchTermScope=&amp;multiSearch=&amp;searchType=2&amp;maxPrice=&amp;showResultsPage=true&amp;langId=-1&amp;beginIndex=0&amp;sType=SimpleSearch&amp;metaData=&amp;browseView=true&amp;manufacturer=&amp;resultCatEntryType=&amp;catalogId=10576&amp;pageView=image&amp;facet=mfName_ntk_cs%253ALifestyle%2BBakery&amp;minPrice=&amp;categoryId=25573&amp;storeId=10601","name":"Lifestyle Bakery","count":"1","className":""},{"url":"http://shop.coles.com.au/online/SearchDisplay?searchTermScope=&amp;multiSearch=&amp;searchType=2&amp;maxPrice=&amp;showResultsPage=true&amp;langId=-1&amp;beginIndex=0&amp;sType=SimpleSearch&amp;metaData=&amp;browseView=true&amp;manufacturer=&amp;resultCatEntryType=&amp;catalogId=10576&amp;pageView=image&amp;facet=mfName_ntk_cs%253ALindt&amp;minPrice=&amp;categoryId=25573&amp;storeId=10601","name":"Lindt","count":"52","className":""},{"url":"http://shop.coles.com.au/online/SearchDisplay?searchTermScope=&amp;multiSearch=&amp;searchType=2&amp;maxPrice=&amp;showResultsPage=true&amp;langId=-1&amp;beginIndex=0&amp;sType=SimpleSearch&amp;metaData=&amp;browseView=true&amp;manufacturer=&amp;resultCatEntryType=&amp;catalogId=10576&amp;pageView=image&amp;facet=mfName_ntk_cs%253ALingham%2527s&amp;minPrice=&amp;categoryId=25573&amp;storeId=10601","name":"Lingham&#039;s","count":"1","className":""},{"url":"http://shop.coles.com.au/online/SearchDisplay?searchTermScope=&amp;multiSearch=&amp;searchType=2&amp;maxPrice=&amp;showResultsPage=true&amp;langId=-1&amp;beginIndex=0&amp;sType=SimpleSearch&amp;metaData=&amp;browseView=true&amp;manufacturer=&amp;resultCatEntryType=&amp;catalogId=10576&amp;pageView=image&amp;facet=mfName_ntk_cs%253ALinghams&amp;minPrice=&amp;categoryId=25573&amp;storeId=10601","name":"Linghams","count":"1","className":""},{"url":"http://shop.coles.com.au/online/SearchDisplay?searchTermScope=&amp;multiSearch=&amp;searchType=2&amp;maxPrice=&amp;showResultsPage=true&amp;langId=-1&amp;beginIndex=0&amp;sType=SimpleSearch&amp;metaData=&amp;browseView=true&amp;manufacturer=&amp;resultCatEntryType=&amp;catalogId=10576&amp;pageView=image&amp;facet=mfName_ntk_cs%253ALino&amp;minPrice=&amp;categoryId=25573&amp;storeId=10601","name":"Lino","count":"2","className":""},{"url":"http://shop.coles.com.au/online/SearchDisplay?searchTermScope=&amp;multiSearch=&amp;searchType=2&amp;maxPrice=&amp;showResultsPage=true&amp;langId=-1&amp;beginIndex=0&amp;sType=SimpleSearch&amp;metaData=&amp;browseView=true&amp;manufacturer=&amp;resultCatEntryType=&amp;catalogId=10576&amp;pageView=image&amp;facet=mfName_ntk_cs%253ALipton&amp;minPrice=&amp;categoryId=25573&amp;storeId=10601","name":"Lipton","count":"51","className":""},{"url":"http://shop.coles.com.au/online/SearchDisplay?searchTermScope=&amp;multiSearch=&amp;searchType=2&amp;maxPrice=&amp;showResultsPage=true&amp;langId=-1&amp;beginIndex=0&amp;sType=SimpleSearch&amp;metaData=&amp;browseView=true&amp;manufacturer=&amp;resultCatEntryType=&amp;catalogId=10576&amp;pageView=image&amp;facet=mfName_ntk_cs%253ALocal%2BLegends&amp;minPrice=&amp;categoryId=25573&amp;storeId=10601","name":"Local Legends","count":"2","className":""},{"url":"http://shop.coles.com.au/online/SearchDisplay?searchTermScope=&amp;multiSearch=&amp;searchType=2&amp;maxPrice=&amp;showResultsPage=true&amp;langId=-1&amp;beginIndex=0&amp;sType=SimpleSearch&amp;metaData=&amp;browseView=true&amp;manufacturer=&amp;resultCatEntryType=&amp;catalogId=10576&amp;pageView=image&amp;facet=mfName_ntk_cs%253ALotus&amp;minPrice=&amp;categoryId=25573&amp;storeId=10601","name":"Lotus","count":"1","className":""},{"url":"http://shop.coles.com.au/online/SearchDisplay?searchTermScope=&amp;multiSearch=&amp;searchType=2&amp;maxPrice=&amp;showResultsPage=true&amp;langId=-1&amp;beginIndex=0&amp;sType=SimpleSearch&amp;metaData=&amp;browseView=true&amp;manufacturer=&amp;resultCatEntryType=&amp;catalogId=10576&amp;pageView=image&amp;facet=mfName_ntk_cs%253ALotus%2BPeak&amp;minPrice=&amp;categoryId=25573&amp;storeId=10601","name":"Lotus Peak","count":"2","className":""},{"url":"http://shop.coles.com.au/online/SearchDisplay?searchTermScope=&amp;multiSearch=&amp;searchType=2&amp;maxPrice=&amp;showResultsPage=true&amp;langId=-1&amp;beginIndex=0&amp;sType=SimpleSearch&amp;metaData=&amp;browseView=true&amp;manufacturer=&amp;resultCatEntryType=&amp;catalogId=10576&amp;pageView=image&amp;facet=mfName_ntk_cs%253ALowan&amp;minPrice=&amp;categoryId=25573&amp;storeId=10601","name":"Lowan","count":"12","className":""},{"url":"http://shop.coles.com.au/online/SearchDisplay?searchTermScope=&amp;multiSearch=&amp;searchType=2&amp;maxPrice=&amp;showResultsPage=true&amp;langId=-1&amp;beginIndex=0&amp;sType=SimpleSearch&amp;metaData=&amp;browseView=true&amp;manufacturer=&amp;resultCatEntryType=&amp;catalogId=10576&amp;pageView=image&amp;facet=mfName_ntk_cs%253ALucky&amp;minPrice=&amp;categoryId=25573&amp;storeId=10601","name":"Lucky","count":"49","className":""},{"url":"http://shop.coles.com.au/online/SearchDisplay?searchTermScope=&amp;multiSearch=&amp;searchType=2&amp;maxPrice=&amp;showResultsPage=true&amp;langId=-1&amp;beginIndex=0&amp;sType=SimpleSearch&amp;metaData=&amp;browseView=true&amp;manufacturer=&amp;resultCatEntryType=&amp;catalogId=10576&amp;pageView=image&amp;facet=mfName_ntk_cs%253AMadame%2BFlavour&amp;minPrice=&amp;categoryId=25573&amp;storeId=10601","name":"Madame Flavour","count":"5","className":""},{"url":"http://shop.coles.com.au/online/SearchDisplay?searchTermScope=&amp;multiSearch=&amp;searchType=2&amp;maxPrice=&amp;showResultsPage=true&amp;langId=-1&amp;beginIndex=0&amp;sType=SimpleSearch&amp;metaData=&amp;browseView=true&amp;manufacturer=&amp;resultCatEntryType=&amp;catalogId=10576&amp;pageView=image&amp;facet=mfName_ntk_cs%253AMadura&amp;minPrice=&amp;categoryId=25573&amp;storeId=10601","name":"Madura","count":"10","className":""},{"url":"http://shop.coles.com.au/online/SearchDisplay?searchTermScope=&amp;multiSearch=&amp;searchType=2&amp;maxPrice=&amp;showResultsPage=true&amp;langId=-1&amp;beginIndex=0&amp;sType=SimpleSearch&amp;metaData=&amp;browseView=true&amp;manufacturer=&amp;resultCatEntryType=&amp;catalogId=10576&amp;pageView=image&amp;facet=mfName_ntk_cs%253AMae%2BPloy&amp;minPrice=&amp;categoryId=25573&amp;storeId=10601","name":"Mae Ploy","count":"4","className":""},{"url":"http://shop.coles.com.au/online/SearchDisplay?searchTermScope=&amp;multiSearch=&amp;searchType=2&amp;maxPrice=&amp;showResultsPage=true&amp;langId=-1&amp;beginIndex=0&amp;sType=SimpleSearch&amp;metaData=&amp;browseView=true&amp;manufacturer=&amp;resultCatEntryType=&amp;catalogId=10576&amp;pageView=image&amp;facet=mfName_ntk_cs%253AMaggi&amp;minPrice=&amp;categoryId=25573&amp;storeId=10601","name":"Maggi","count":"55","className":""},{"url":"http://shop.coles.com.au/online/SearchDisplay?searchTermScope=&amp;multiSearch=&amp;searchType=2&amp;maxPrice=&amp;showResultsPage=true&amp;langId=-1&amp;beginIndex=0&amp;sType=SimpleSearch&amp;metaData=&amp;browseView=true&amp;manufacturer=&amp;resultCatEntryType=&amp;catalogId=10576&amp;pageView=image&amp;facet=mfName_ntk_cs%253AMaharajahs%2BChoice&amp;minPrice=&amp;categoryId=25573&amp;storeId=10601","name":"Maharajahs Choice","count":"1","className":""},{"url":"http://shop.coles.com.au/online/SearchDisplay?searchTermScope=&amp;multiSearch=&amp;searchType=2&amp;maxPrice=&amp;showResultsPage=true&amp;langId=-1&amp;beginIndex=0&amp;sType=SimpleSearch&amp;metaData=&amp;browseView=true&amp;manufacturer=&amp;resultCatEntryType=&amp;catalogId=10576&amp;pageView=image&amp;facet=mfName_ntk_cs%253AMaille&amp;minPrice=&amp;categoryId=25573&amp;storeId=10601","name":"Maille","count":"8","className":""},{"url":"http://shop.coles.com.au/online/SearchDisplay?searchTermScope=&amp;multiSearch=&amp;searchType=2&amp;maxPrice=&amp;showResultsPage=true&amp;langId=-1&amp;beginIndex=0&amp;sType=SimpleSearch&amp;metaData=&amp;browseView=true&amp;manufacturer=&amp;resultCatEntryType=&amp;catalogId=10576&amp;pageView=image&amp;facet=mfName_ntk_cs%253AMajan%2527s&amp;minPrice=&amp;categoryId=25573&amp;storeId=10601","name":"Majan&#039;s","count":"3","className":""},{"url":"http://shop.coles.com.au/online/SearchDisplay?searchTermScope=&amp;multiSearch=&amp;searchType=2&amp;maxPrice=&amp;showResultsPage=true&amp;langId=-1&amp;beginIndex=0&amp;sType=SimpleSearch&amp;metaData=&amp;browseView=true&amp;manufacturer=&amp;resultCatEntryType=&amp;catalogId=10576&amp;pageView=image&amp;facet=mfName_ntk_cs%253AMaldon&amp;minPrice=&amp;categoryId=25573&amp;storeId=10601","name":"Maldon","count":"1","className":""},{"url":"http://shop.coles.com.au/online/SearchDisplay?searchTermScope=&amp;multiSearch=&amp;searchType=2&amp;maxPrice=&amp;showResultsPage=true&amp;langId=-1&amp;beginIndex=0&amp;sType=SimpleSearch&amp;metaData=&amp;browseView=true&amp;manufacturer=&amp;resultCatEntryType=&amp;catalogId=10576&amp;pageView=image&amp;facet=mfName_ntk_cs%253AMalteaster&amp;minPrice=&amp;categoryId=25573&amp;storeId=10601","name":"Malteaster","count":"2","className":""},{"url":"http://shop.coles.com.au/online/SearchDisplay?searchTermScope=&amp;multiSearch=&amp;searchType=2&amp;maxPrice=&amp;showResultsPage=true&amp;langId=-1&amp;beginIndex=0&amp;sType=SimpleSearch&amp;metaData=&amp;browseView=true&amp;manufacturer=&amp;resultCatEntryType=&amp;catalogId=10576&amp;pageView=image&amp;facet=mfName_ntk_cs%253AMaltesers&amp;minPrice=&amp;categoryId=25573&amp;storeId=10601","name":"Maltesers","count":"1","className":""},{"url":"http://shop.coles.com.au/online/SearchDisplay?searchTermScope=&amp;multiSearch=&amp;searchType=2&amp;maxPrice=&amp;showResultsPage=true&amp;langId=-1&amp;beginIndex=0&amp;sType=SimpleSearch&amp;metaData=&amp;browseView=true&amp;manufacturer=&amp;resultCatEntryType=&amp;catalogId=10576&amp;pageView=image&amp;facet=mfName_ntk_cs%253AMamee&amp;minPrice=&amp;categoryId=25573&amp;storeId=10601","name":"Mamee","count":"5","className":""},{"url":"http://shop.coles.com.au/online/SearchDisplay?searchTermScope=&amp;multiSearch=&amp;searchType=2&amp;maxPrice=&amp;showResultsPage=true&amp;langId=-1&amp;beginIndex=0&amp;sType=SimpleSearch&amp;metaData=&amp;browseView=true&amp;manufacturer=&amp;resultCatEntryType=&amp;catalogId=10576&amp;pageView=image&amp;facet=mfName_ntk_cs%253AMap&amp;minPrice=&amp;categoryId=25573&amp;storeId=10601","name":"Map","count":"1","className":""},{"url":"http://shop.coles.com.au/online/SearchDisplay?searchTermScope=&amp;multiSearch=&amp;searchType=2&amp;maxPrice=&amp;showResultsPage=true&amp;langId=-1&amp;beginIndex=0&amp;sType=SimpleSearch&amp;metaData=&amp;browseView=true&amp;manufacturer=&amp;resultCatEntryType=&amp;catalogId=10576&amp;pageView=image&amp;facet=mfName_ntk_cs%253AMap%2BCaffitaly&amp;minPrice=&amp;categoryId=25573&amp;storeId=10601","name":"Map Caffitaly","count":"1","className":""},{"url":"http://shop.coles.com.au/online/SearchDisplay?searchTermScope=&amp;multiSearch=&amp;searchType=2&amp;maxPrice=&amp;showResultsPage=true&amp;langId=-1&amp;beginIndex=0&amp;sType=SimpleSearch&amp;metaData=&amp;browseView=true&amp;manufacturer=&amp;resultCatEntryType=&amp;catalogId=10576&amp;pageView=image&amp;facet=mfName_ntk_cs%253AMarco%2BPolo&amp;minPrice=&amp;categoryId=25573&amp;storeId=10601","name":"Marco Polo","count":"1","className":""},{"url":"http://shop.coles.com.au/online/SearchDisplay?searchTermScope=&amp;multiSearch=&amp;searchType=2&amp;maxPrice=&amp;showResultsPage=true&amp;langId=-1&amp;beginIndex=0&amp;sType=SimpleSearch&amp;metaData=&amp;browseView=true&amp;manufacturer=&amp;resultCatEntryType=&amp;catalogId=10576&amp;pageView=image&amp;facet=mfName_ntk_cs%253AMario%2527s&amp;minPrice=&amp;categoryId=25573&amp;storeId=10601","name":"Mario&#039;s","count":"4","className":""},{"url":"http://shop.coles.com.au/online/SearchDisplay?searchTermScope=&amp;multiSearch=&amp;searchType=2&amp;maxPrice=&amp;showResultsPage=true&amp;langId=-1&amp;beginIndex=0&amp;sType=SimpleSearch&amp;metaData=&amp;browseView=true&amp;manufacturer=&amp;resultCatEntryType=&amp;catalogId=10576&amp;pageView=image&amp;facet=mfName_ntk_cs%253AMarion%2527s%2BKitchen&amp;minPrice=&amp;categoryId=25573&amp;storeId=10601","name":"Marion&#039;s Kitchen","count":"6","className":""},{"url":"http://shop.coles.com.au/online/SearchDisplay?searchTermScope=&amp;multiSearch=&amp;searchType=2&amp;maxPrice=&amp;showResultsPage=true&amp;langId=-1&amp;beginIndex=0&amp;sType=SimpleSearch&amp;metaData=&amp;browseView=true&amp;manufacturer=&amp;resultCatEntryType=&amp;catalogId=10576&amp;pageView=image&amp;facet=mfName_ntk_cs%253AMarmite&amp;minPrice=&amp;categoryId=25573&amp;storeId=10601","name":"Marmite","count":"1","className":""},{"url":"http://shop.coles.com.au/online/SearchDisplay?searchTermScope=&amp;multiSearch=&amp;searchType=2&amp;maxPrice=&amp;showResultsPage=true&amp;langId=-1&amp;beginIndex=0&amp;sType=SimpleSearch&amp;metaData=&amp;browseView=true&amp;manufacturer=&amp;resultCatEntryType=&amp;catalogId=10576&amp;pageView=image&amp;facet=mfName_ntk_cs%253AMars&amp;minPrice=&amp;categoryId=25573&amp;storeId=10601","name":"Mars","count":"47","className":""},{"url":"http://shop.coles.com.au/online/SearchDisplay?searchTermScope=&amp;multiSearch=&amp;searchType=2&amp;maxPrice=&amp;showResultsPage=true&amp;langId=-1&amp;beginIndex=0&amp;sType=SimpleSearch&amp;metaData=&amp;browseView=true&amp;manufacturer=&amp;resultCatEntryType=&amp;catalogId=10576&amp;pageView=image&amp;facet=mfName_ntk_cs%253AMary%2BMacks&amp;minPrice=&amp;categoryId=25573&amp;storeId=10601","name":"Mary Macks","count":"1","className":""},{"url":"http://shop.coles.com.au/online/SearchDisplay?searchTermScope=&amp;multiSearch=&amp;searchType=2&amp;maxPrice=&amp;showResultsPage=true&amp;langId=-1&amp;beginIndex=0&amp;sType=SimpleSearch&amp;metaData=&amp;browseView=true&amp;manufacturer=&amp;resultCatEntryType=&amp;catalogId=10576&amp;pageView=image&amp;facet=mfName_ntk_cs%253AMary%2527s%2BGone&amp;minPrice=&amp;categoryId=25573&amp;storeId=10601","name":"Mary&#039;s Gone","count":"1","className":""},{"url":"http://shop.coles.com.au/online/SearchDisplay?searchTermScope=&amp;multiSearch=&amp;searchType=2&amp;maxPrice=&amp;showResultsPage=true&amp;langId=-1&amp;beginIndex=0&amp;sType=SimpleSearch&amp;metaData=&amp;browseView=true&amp;manufacturer=&amp;resultCatEntryType=&amp;catalogId=10576&amp;pageView=image&amp;facet=mfName_ntk_cs%253AMary%2527s%2BGone%2BCrackers&amp;minPrice=&amp;categoryId=25573&amp;storeId=10601","name":"Mary&#039;s Gone Crackers","count":"1","className":""},{"url":"http://shop.coles.com.au/online/SearchDisplay?searchTermScope=&amp;multiSearch=&amp;searchType=2&amp;maxPrice=&amp;showResultsPage=true&amp;langId=-1&amp;beginIndex=0&amp;sType=SimpleSearch&amp;metaData=&amp;browseView=true&amp;manufacturer=&amp;resultCatEntryType=&amp;catalogId=10576&amp;pageView=image&amp;facet=mfName_ntk_cs%253AMassel&amp;minPrice=&amp;categoryId=25573&amp;storeId=10601","name":"Massel","count":"17","className":""},{"url":"http://shop.coles.com.au/online/SearchDisplay?searchTermScope=&amp;multiSearch=&amp;searchType=2&amp;maxPrice=&amp;showResultsPage=true&amp;langId=-1&amp;beginIndex=0&amp;sType=SimpleSearch&amp;metaData=&amp;browseView=true&amp;manufacturer=&amp;resultCatEntryType=&amp;catalogId=10576&amp;pageView=image&amp;facet=mfName_ntk_cs%253AMastefoods&amp;minPrice=&amp;categoryId=25573&amp;storeId=10601","name":"Mastefoods","count":"4","className":""},{"url":"http://shop.coles.com.au/online/SearchDisplay?searchTermScope=&amp;multiSearch=&amp;searchType=2&amp;maxPrice=&amp;showResultsPage=true&amp;langId=-1&amp;beginIndex=0&amp;sType=SimpleSearch&amp;metaData=&amp;browseView=true&amp;manufacturer=&amp;resultCatEntryType=&amp;catalogId=10576&amp;pageView=image&amp;facet=mfName_ntk_cs%253AMasterfoods&amp;minPrice=&amp;categoryId=25573&amp;storeId=10601","name":"Masterfoods","count":"195","className":""},{"url":"http://shop.coles.com.au/online/SearchDisplay?searchTermScope=&amp;multiSearch=&amp;searchType=2&amp;maxPrice=&amp;showResultsPage=true&amp;langId=-1&amp;beginIndex=0&amp;sType=SimpleSearch&amp;metaData=&amp;browseView=true&amp;manufacturer=&amp;resultCatEntryType=&amp;catalogId=10576&amp;pageView=image&amp;facet=mfName_ntk_cs%253AMasterfoods%2BOven%2BEasy&amp;minPrice=&amp;categoryId=25573&amp;storeId=10601","name":"Masterfoods Oven Easy","count":"4","className":""},{"url":"http://shop.coles.com.au/online/SearchDisplay?searchTermScope=&amp;multiSearch=&amp;searchType=2&amp;maxPrice=&amp;showResultsPage=true&amp;langId=-1&amp;beginIndex=0&amp;sType=SimpleSearch&amp;metaData=&amp;browseView=true&amp;manufacturer=&amp;resultCatEntryType=&amp;catalogId=10576&amp;pageView=image&amp;facet=mfName_ntk_cs%253AMaynards&amp;minPrice=&amp;categoryId=25573&amp;storeId=10601","name":"Maynards","count":"2","className":""},{"url":"http://shop.coles.com.au/online/SearchDisplay?searchTermScope=&amp;multiSearch=&amp;searchType=2&amp;maxPrice=&amp;showResultsPage=true&amp;langId=-1&amp;beginIndex=0&amp;sType=SimpleSearch&amp;metaData=&amp;browseView=true&amp;manufacturer=&amp;resultCatEntryType=&amp;catalogId=10576&amp;pageView=image&amp;facet=mfName_ntk_cs%253AMayvers&amp;minPrice=&amp;categoryId=25573&amp;storeId=10601","name":"Mayvers","count":"7","className":""},{"url":"http://shop.coles.com.au/online/SearchDisplay?searchTermScope=&amp;multiSearch=&amp;searchType=2&amp;maxPrice=&amp;showResultsPage=true&amp;langId=-1&amp;beginIndex=0&amp;sType=SimpleSearch&amp;metaData=&amp;browseView=true&amp;manufacturer=&amp;resultCatEntryType=&amp;catalogId=10576&amp;pageView=image&amp;facet=mfName_ntk_cs%253AMazzetti&amp;minPrice=&amp;categoryId=25573&amp;storeId=10601","name":"Mazzetti","count":"4","className":""},{"url":"http://shop.coles.com.au/online/SearchDisplay?searchTermScope=&amp;multiSearch=&amp;searchType=2&amp;maxPrice=&amp;showResultsPage=true&amp;langId=-1&amp;beginIndex=0&amp;sType=SimpleSearch&amp;metaData=&amp;browseView=true&amp;manufacturer=&amp;resultCatEntryType=&amp;catalogId=10576&amp;pageView=image&amp;facet=mfName_ntk_cs%253AMcCormick&amp;minPrice=&amp;categoryId=25573&amp;storeId=10601","name":"McCormick","count":"16","className":""},{"url":"http://shop.coles.com.au/online/SearchDisplay?searchTermScope=&amp;multiSearch=&amp;searchType=2&amp;maxPrice=&amp;showResultsPage=true&amp;langId=-1&amp;beginIndex=0&amp;sType=SimpleSearch&amp;metaData=&amp;browseView=true&amp;manufacturer=&amp;resultCatEntryType=&amp;catalogId=10576&amp;pageView=image&amp;facet=mfName_ntk_cs%253AMcCormicks&amp;minPrice=&amp;categoryId=25573&amp;storeId=10601","name":"McCormicks","count":"2","className":""},{"url":"http://shop.coles.com.au/online/SearchDisplay?searchTermScope=&amp;multiSearch=&amp;searchType=2&amp;maxPrice=&amp;showResultsPage=true&amp;langId=-1&amp;beginIndex=0&amp;sType=SimpleSearch&amp;metaData=&amp;browseView=true&amp;manufacturer=&amp;resultCatEntryType=&amp;catalogId=10576&amp;pageView=image&amp;facet=mfName_ntk_cs%253AMcIlhenney&amp;minPrice=&amp;categoryId=25573&amp;storeId=10601","name":"McIlhenney","count":"3","className":""},{"url":"http://shop.coles.com.au/online/SearchDisplay?searchTermScope=&amp;multiSearch=&amp;searchType=2&amp;maxPrice=&amp;showResultsPage=true&amp;langId=-1&amp;beginIndex=0&amp;sType=SimpleSearch&amp;metaData=&amp;browseView=true&amp;manufacturer=&amp;resultCatEntryType=&amp;catalogId=10576&amp;pageView=image&amp;facet=mfName_ntk_cs%253AMcKenzie&amp;minPrice=&amp;categoryId=25573&amp;storeId=10601","name":"McKenzie","count":"1","className":""},{"url":"http://shop.coles.com.au/online/SearchDisplay?searchTermScope=&amp;multiSearch=&amp;searchType=2&amp;maxPrice=&amp;showResultsPage=true&amp;langId=-1&amp;beginIndex=0&amp;sType=SimpleSearch&amp;metaData=&amp;browseView=true&amp;manufacturer=&amp;resultCatEntryType=&amp;catalogId=10576&amp;pageView=image&amp;facet=mfName_ntk_cs%253AMcKenzie%2527s&amp;minPrice=&amp;categoryId=25573&amp;storeId=10601","name":"McKenzie&#039;s","count":"30","className":""},{"url":"http://shop.coles.com.au/online/SearchDisplay?searchTermScope=&amp;multiSearch=&amp;searchType=2&amp;maxPrice=&amp;showResultsPage=true&amp;langId=-1&amp;beginIndex=0&amp;sType=SimpleSearch&amp;metaData=&amp;browseView=true&amp;manufacturer=&amp;resultCatEntryType=&amp;catalogId=10576&amp;pageView=image&amp;facet=mfName_ntk_cs%253AMcVitie%2527s&amp;minPrice=&amp;categoryId=25573&amp;storeId=10601","name":"McVitie&#039;s","count":"4","className":""},{"url":"http://shop.coles.com.au/online/SearchDisplay?searchTermScope=&amp;multiSearch=&amp;searchType=2&amp;maxPrice=&amp;showResultsPage=true&amp;langId=-1&amp;beginIndex=0&amp;sType=SimpleSearch&amp;metaData=&amp;browseView=true&amp;manufacturer=&amp;resultCatEntryType=&amp;catalogId=10576&amp;pageView=image&amp;facet=mfName_ntk_cs%253AMccormick&amp;minPrice=&amp;categoryId=25573&amp;storeId=10601","name":"Mccormick","count":"2","className":""},{"url":"http://shop.coles.com.au/online/SearchDisplay?searchTermScope=&amp;multiSearch=&amp;searchType=2&amp;maxPrice=&amp;showResultsPage=true&amp;langId=-1&amp;beginIndex=0&amp;sType=SimpleSearch&amp;metaData=&amp;browseView=true&amp;manufacturer=&amp;resultCatEntryType=&amp;catalogId=10576&amp;pageView=image&amp;facet=mfName_ntk_cs%253AMckenzie%2527s&amp;minPrice=&amp;categoryId=25573&amp;storeId=10601","name":"Mckenzie&#039;s","count":"2","className":""},{"url":"http://shop.coles.com.au/online/SearchDisplay?searchTermScope=&amp;multiSearch=&amp;searchType=2&amp;maxPrice=&amp;showResultsPage=true&amp;langId=-1&amp;beginIndex=0&amp;sType=SimpleSearch&amp;metaData=&amp;browseView=true&amp;manufacturer=&amp;resultCatEntryType=&amp;catalogId=10576&amp;pageView=image&amp;facet=mfName_ntk_cs%253AMcvities&amp;minPrice=&amp;categoryId=25573&amp;storeId=10601","name":"Mcvities","count":"2","className":""},{"url":"http://shop.coles.com.au/online/SearchDisplay?searchTermScope=&amp;multiSearch=&amp;searchType=2&amp;maxPrice=&amp;showResultsPage=true&amp;langId=-1&amp;beginIndex=0&amp;sType=SimpleSearch&amp;metaData=&amp;browseView=true&amp;manufacturer=&amp;resultCatEntryType=&amp;catalogId=10576&amp;pageView=image&amp;facet=mfName_ntk_cs%253AMechalany&amp;minPrice=&amp;categoryId=25573&amp;storeId=10601","name":"Mechalany","count":"1","className":""},{"url":"http://shop.coles.com.au/online/SearchDisplay?searchTermScope=&amp;multiSearch=&amp;searchType=2&amp;maxPrice=&amp;showResultsPage=true&amp;langId=-1&amp;beginIndex=0&amp;sType=SimpleSearch&amp;metaData=&amp;browseView=true&amp;manufacturer=&amp;resultCatEntryType=&amp;catalogId=10576&amp;pageView=image&amp;facet=mfName_ntk_cs%253AMelinda%2527s&amp;minPrice=&amp;categoryId=25573&amp;storeId=10601","name":"Melinda&#039;s","count":"3","className":""},{"url":"http://shop.coles.com.au/online/SearchDisplay?searchTermScope=&amp;multiSearch=&amp;searchType=2&amp;maxPrice=&amp;showResultsPage=true&amp;langId=-1&amp;beginIndex=0&amp;sType=SimpleSearch&amp;metaData=&amp;browseView=true&amp;manufacturer=&amp;resultCatEntryType=&amp;catalogId=10576&amp;pageView=image&amp;facet=mfName_ntk_cs%253AMelitta&amp;minPrice=&amp;categoryId=25573&amp;storeId=10601","name":"Melitta","count":"2","className":""},{"url":"http://shop.coles.com.au/online/SearchDisplay?searchTermScope=&amp;multiSearch=&amp;searchType=2&amp;maxPrice=&amp;showResultsPage=true&amp;langId=-1&amp;beginIndex=0&amp;sType=SimpleSearch&amp;metaData=&amp;browseView=true&amp;manufacturer=&amp;resultCatEntryType=&amp;catalogId=10576&amp;pageView=image&amp;facet=mfName_ntk_cs%253AMelrose&amp;minPrice=&amp;categoryId=25573&amp;storeId=10601","name":"Melrose","count":"4","className":""},{"url":"http://shop.coles.com.au/online/SearchDisplay?searchTermScope=&amp;multiSearch=&amp;searchType=2&amp;maxPrice=&amp;showResultsPage=true&amp;langId=-1&amp;beginIndex=0&amp;sType=SimpleSearch&amp;metaData=&amp;browseView=true&amp;manufacturer=&amp;resultCatEntryType=&amp;catalogId=10576&amp;pageView=image&amp;facet=mfName_ntk_cs%253AMelrose%2BNaturals&amp;minPrice=&amp;categoryId=25573&amp;storeId=10601","name":"Melrose Naturals","count":"1","className":""},{"url":"http://shop.coles.com.au/online/SearchDisplay?searchTermScope=&amp;multiSearch=&amp;searchType=2&amp;maxPrice=&amp;showResultsPage=true&amp;langId=-1&amp;beginIndex=0&amp;sType=SimpleSearch&amp;metaData=&amp;browseView=true&amp;manufacturer=&amp;resultCatEntryType=&amp;catalogId=10576&amp;pageView=image&amp;facet=mfName_ntk_cs%253AMelrose%2BOrganic&amp;minPrice=&amp;categoryId=25573&amp;storeId=10601","name":"Melrose Organic","count":"2","className":""},{"url":"http://shop.coles.com.au/online/SearchDisplay?searchTermScope=&amp;multiSearch=&amp;searchType=2&amp;maxPrice=&amp;showResultsPage=true&amp;langId=-1&amp;beginIndex=0&amp;sType=SimpleSearch&amp;metaData=&amp;browseView=true&amp;manufacturer=&amp;resultCatEntryType=&amp;catalogId=10576&amp;pageView=image&amp;facet=mfName_ntk_cs%253AMentos&amp;minPrice=&amp;categoryId=25573&amp;storeId=10601","name":"Mentos","count":"19","className":""},{"url":"http://shop.coles.com.au/online/SearchDisplay?searchTermScope=&amp;multiSearch=&amp;searchType=2&amp;maxPrice=&amp;showResultsPage=true&amp;langId=-1&amp;beginIndex=0&amp;sType=SimpleSearch&amp;metaData=&amp;browseView=true&amp;manufacturer=&amp;resultCatEntryType=&amp;catalogId=10576&amp;pageView=image&amp;facet=mfName_ntk_cs%253AMighty%2BMite&amp;minPrice=&amp;categoryId=25573&amp;storeId=10601","name":"Mighty Mite","count":"1","className":""},{"url":"http://shop.coles.com.au/online/SearchDisplay?searchTermScope=&amp;multiSearch=&amp;searchType=2&amp;maxPrice=&amp;showResultsPage=true&amp;langId=-1&amp;beginIndex=0&amp;sType=SimpleSearch&amp;metaData=&amp;browseView=true&amp;manufacturer=&amp;resultCatEntryType=&amp;catalogId=10576&amp;pageView=image&amp;facet=mfName_ntk_cs%253AMilk%2BActive&amp;minPrice=&amp;categoryId=25573&amp;storeId=10601","name":"Milk Active","count":"2","className":""},{"url":"http://shop.coles.com.au/online/SearchDisplay?searchTermScope=&amp;multiSearch=&amp;searchType=2&amp;maxPrice=&amp;showResultsPage=true&amp;langId=-1&amp;beginIndex=0&amp;sType=SimpleSearch&amp;metaData=&amp;browseView=true&amp;manufacturer=&amp;resultCatEntryType=&amp;catalogId=10576&amp;pageView=image&amp;facet=mfName_ntk_cs%253AMilky%2BWay&amp;minPrice=&amp;categoryId=25573&amp;storeId=10601","name":"Milky Way","count":"1","className":""},{"url":"http://shop.coles.com.au/online/SearchDisplay?searchTermScope=&amp;multiSearch=&amp;searchType=2&amp;maxPrice=&amp;showResultsPage=true&amp;langId=-1&amp;beginIndex=0&amp;sType=SimpleSearch&amp;metaData=&amp;browseView=true&amp;manufacturer=&amp;resultCatEntryType=&amp;catalogId=10576&amp;pageView=image&amp;facet=mfName_ntk_cs%253AMinerva&amp;minPrice=&amp;categoryId=25573&amp;storeId=10601","name":"Minerva","count":"2","className":""},{"url":"http://shop.coles.com.au/online/SearchDisplay?searchTermScope=&amp;multiSearch=&amp;searchType=2&amp;maxPrice=&amp;showResultsPage=true&amp;langId=-1&amp;beginIndex=0&amp;sType=SimpleSearch&amp;metaData=&amp;browseView=true&amp;manufacturer=&amp;resultCatEntryType=&amp;catalogId=10576&amp;pageView=image&amp;facet=mfName_ntk_cs%253AMitani&amp;minPrice=&amp;categoryId=25573&amp;storeId=10601","name":"Mitani","count":"2","className":""},{"url":"http://shop.coles.com.au/online/SearchDisplay?searchTermScope=&amp;multiSearch=&amp;searchType=2&amp;maxPrice=&amp;showResultsPage=true&amp;langId=-1&amp;beginIndex=0&amp;sType=SimpleSearch&amp;metaData=&amp;browseView=true&amp;manufacturer=&amp;resultCatEntryType=&amp;catalogId=10576&amp;pageView=image&amp;facet=mfName_ntk_cs%253AMizkan&amp;minPrice=&amp;categoryId=25573&amp;storeId=10601","name":"Mizkan","count":"1","className":""},{"url":"http://shop.coles.com.au/online/SearchDisplay?searchTermScope=&amp;multiSearch=&amp;searchType=2&amp;maxPrice=&amp;showResultsPage=true&amp;langId=-1&amp;beginIndex=0&amp;sType=SimpleSearch&amp;metaData=&amp;browseView=true&amp;manufacturer=&amp;resultCatEntryType=&amp;catalogId=10576&amp;pageView=image&amp;facet=mfName_ntk_cs%253AMoccona&amp;minPrice=&amp;categoryId=25573&amp;storeId=10601","name":"Moccona","count":"27","className":""},{"url":"http://shop.coles.com.au/online/SearchDisplay?searchTermScope=&amp;multiSearch=&amp;searchType=2&amp;maxPrice=&amp;showResultsPage=true&amp;langId=-1&amp;beginIndex=0&amp;sType=SimpleSearch&amp;metaData=&amp;browseView=true&amp;manufacturer=&amp;resultCatEntryType=&amp;catalogId=10576&amp;pageView=image&amp;facet=mfName_ntk_cs%253AMomos%2BMeals&amp;minPrice=&amp;categoryId=25573&amp;storeId=10601","name":"Momos Meals","count":"3","className":""},{"url":"http://shop.coles.com.au/online/SearchDisplay?searchTermScope=&amp;multiSearch=&amp;searchType=2&amp;maxPrice=&amp;showResultsPage=true&amp;langId=-1&amp;beginIndex=0&amp;sType=SimpleSearch&amp;metaData=&amp;browseView=true&amp;manufacturer=&amp;resultCatEntryType=&amp;catalogId=10576&amp;pageView=image&amp;facet=mfName_ntk_cs%253AMon&amp;minPrice=&amp;categoryId=25573&amp;storeId=10601","name":"Mon","count":"1","className":""},{"url":"http://shop.coles.com.au/online/SearchDisplay?searchTermScope=&amp;multiSearch=&amp;searchType=2&amp;maxPrice=&amp;showResultsPage=true&amp;langId=-1&amp;beginIndex=0&amp;sType=SimpleSearch&amp;metaData=&amp;browseView=true&amp;manufacturer=&amp;resultCatEntryType=&amp;catalogId=10576&amp;pageView=image&amp;facet=mfName_ntk_cs%253AMon%2BAll%2BNatural&amp;minPrice=&amp;categoryId=25573&amp;storeId=10601","name":"Mon All Natural","count":"1","className":""},{"url":"http://shop.coles.com.au/online/SearchDisplay?searchTermScope=&amp;multiSearch=&amp;searchType=2&amp;maxPrice=&amp;showResultsPage=true&amp;langId=-1&amp;beginIndex=0&amp;sType=SimpleSearch&amp;metaData=&amp;browseView=true&amp;manufacturer=&amp;resultCatEntryType=&amp;catalogId=10576&amp;pageView=image&amp;facet=mfName_ntk_cs%253AMonini&amp;minPrice=&amp;categoryId=25573&amp;storeId=10601","name":"Monini","count":"5","className":""},{"url":"http://shop.coles.com.au/online/SearchDisplay?searchTermScope=&amp;multiSearch=&amp;searchType=2&amp;maxPrice=&amp;showResultsPage=true&amp;langId=-1&amp;beginIndex=0&amp;sType=SimpleSearch&amp;metaData=&amp;browseView=true&amp;manufacturer=&amp;resultCatEntryType=&amp;catalogId=10576&amp;pageView=image&amp;facet=mfName_ntk_cs%253AMonster&amp;minPrice=&amp;categoryId=25573&amp;storeId=10601","name":"Monster","count":"2","className":""},{"url":"http://shop.coles.com.au/online/SearchDisplay?searchTermScope=&amp;multiSearch=&amp;searchType=2&amp;maxPrice=&amp;showResultsPage=true&amp;langId=-1&amp;beginIndex=0&amp;sType=SimpleSearch&amp;metaData=&amp;browseView=true&amp;manufacturer=&amp;resultCatEntryType=&amp;catalogId=10576&amp;pageView=image&amp;facet=mfName_ntk_cs%253AMonster%2BMuesli&amp;minPrice=&amp;categoryId=25573&amp;storeId=10601","name":"Monster Muesli","count":"1","className":""},{"url":"http://shop.coles.com.au/online/SearchDisplay?searchTermScope=&amp;multiSearch=&amp;searchType=2&amp;maxPrice=&amp;showResultsPage=true&amp;langId=-1&amp;beginIndex=0&amp;sType=SimpleSearch&amp;metaData=&amp;browseView=true&amp;manufacturer=&amp;resultCatEntryType=&amp;catalogId=10576&amp;pageView=image&amp;facet=mfName_ntk_cs%253AMoo%2BFree%2BMini%2BMoo%2527s&amp;minPrice=&amp;categoryId=25573&amp;storeId=10601","name":"Moo Free Mini Moo&#039;s","count":"2","className":""},{"url":"http://shop.coles.com.au/online/SearchDisplay?searchTermScope=&amp;multiSearch=&amp;searchType=2&amp;maxPrice=&amp;showResultsPage=true&amp;langId=-1&amp;beginIndex=0&amp;sType=SimpleSearch&amp;metaData=&amp;browseView=true&amp;manufacturer=&amp;resultCatEntryType=&amp;catalogId=10576&amp;pageView=image&amp;facet=mfName_ntk_cs%253AMorinaga&amp;minPrice=&amp;categoryId=25573&amp;storeId=10601","name":"Morinaga","count":"1","className":""},{"url":"http://shop.coles.com.au/online/SearchDisplay?searchTermScope=&amp;multiSearch=&amp;searchType=2&amp;maxPrice=&amp;showResultsPage=true&amp;langId=-1&amp;beginIndex=0&amp;sType=SimpleSearch&amp;metaData=&amp;browseView=true&amp;manufacturer=&amp;resultCatEntryType=&amp;catalogId=10576&amp;pageView=image&amp;facet=mfName_ntk_cs%253AMorita&amp;minPrice=&amp;categoryId=25573&amp;storeId=10601","name":"Morita","count":"1","className":""},{"url":"http://shop.coles.com.au/online/SearchDisplay?searchTermScope=&amp;multiSearch=&amp;searchType=2&amp;maxPrice=&amp;showResultsPage=true&amp;langId=-1&amp;beginIndex=0&amp;sType=SimpleSearch&amp;metaData=&amp;browseView=true&amp;manufacturer=&amp;resultCatEntryType=&amp;catalogId=10576&amp;pageView=image&amp;facet=mfName_ntk_cs%253AMorlife&amp;minPrice=&amp;categoryId=25573&amp;storeId=10601","name":"Morlife","count":"2","className":""},{"url":"http://shop.coles.com.au/online/SearchDisplay?searchTermScope=&amp;multiSearch=&amp;searchType=2&amp;maxPrice=&amp;showResultsPage=true&amp;langId=-1&amp;beginIndex=0&amp;sType=SimpleSearch&amp;metaData=&amp;browseView=true&amp;manufacturer=&amp;resultCatEntryType=&amp;catalogId=10576&amp;pageView=image&amp;facet=mfName_ntk_cs%253AMorning%2BSun&amp;minPrice=&amp;categoryId=25573&amp;storeId=10601","name":"Morning Sun","count":"4","className":""},{"url":"http://shop.coles.com.au/online/SearchDisplay?searchTermScope=&amp;multiSearch=&amp;searchType=2&amp;maxPrice=&amp;showResultsPage=true&amp;langId=-1&amp;beginIndex=0&amp;sType=SimpleSearch&amp;metaData=&amp;browseView=true&amp;manufacturer=&amp;resultCatEntryType=&amp;catalogId=10576&amp;pageView=image&amp;facet=mfName_ntk_cs%253AMoro&amp;minPrice=&amp;categoryId=25573&amp;storeId=10601","name":"Moro","count":"24","className":""},{"url":"http://shop.coles.com.au/online/SearchDisplay?searchTermScope=&amp;multiSearch=&amp;searchType=2&amp;maxPrice=&amp;showResultsPage=true&amp;langId=-1&amp;beginIndex=0&amp;sType=SimpleSearch&amp;metaData=&amp;browseView=true&amp;manufacturer=&amp;resultCatEntryType=&amp;catalogId=10576&amp;pageView=image&amp;facet=mfName_ntk_cs%253AMother%2BEarth&amp;minPrice=&amp;categoryId=25573&amp;storeId=10601","name":"Mother Earth","count":"18","className":""},{"url":"http://shop.coles.com.au/online/SearchDisplay?searchTermScope=&amp;multiSearch=&amp;searchType=2&amp;maxPrice=&amp;showResultsPage=true&amp;langId=-1&amp;beginIndex=0&amp;sType=SimpleSearch&amp;metaData=&amp;browseView=true&amp;manufacturer=&amp;resultCatEntryType=&amp;catalogId=10576&amp;pageView=image&amp;facet=mfName_ntk_cs%253AMother%2BEarth%2BBrekkie&amp;minPrice=&amp;categoryId=25573&amp;storeId=10601","name":"Mother Earth Brekkie","count":"1","className":""},{"url":"http://shop.coles.com.au/online/SearchDisplay?searchTermScope=&amp;multiSearch=&amp;searchType=2&amp;maxPrice=&amp;showResultsPage=true&amp;langId=-1&amp;beginIndex=0&amp;sType=SimpleSearch&amp;metaData=&amp;browseView=true&amp;manufacturer=&amp;resultCatEntryType=&amp;catalogId=10576&amp;pageView=image&amp;facet=mfName_ntk_cs%253AMoulin%2BCan&amp;minPrice=&amp;categoryId=25573&amp;storeId=10601","name":"Moulin Can","count":"1","className":""},{"url":"http://shop.coles.com.au/online/SearchDisplay?searchTermScope=&amp;multiSearch=&amp;searchType=2&amp;maxPrice=&amp;showResultsPage=true&amp;langId=-1&amp;beginIndex=0&amp;sType=SimpleSearch&amp;metaData=&amp;browseView=true&amp;manufacturer=&amp;resultCatEntryType=&amp;catalogId=10576&amp;pageView=image&amp;facet=mfName_ntk_cs%253AMovietime&amp;minPrice=&amp;categoryId=25573&amp;storeId=10601","name":"Movietime","count":"1","className":""},{"url":"http://shop.coles.com.au/online/SearchDisplay?searchTermScope=&amp;multiSearch=&amp;searchType=2&amp;maxPrice=&amp;showResultsPage=true&amp;langId=-1&amp;beginIndex=0&amp;sType=SimpleSearch&amp;metaData=&amp;browseView=true&amp;manufacturer=&amp;resultCatEntryType=&amp;catalogId=10576&amp;pageView=image&amp;facet=mfName_ntk_cs%253AMrs%2BMay%2527s%2BNatural&amp;minPrice=&amp;categoryId=25573&amp;storeId=10601","name":"Mrs May&#039;s Natural","count":"2","className":""},{"url":"http://shop.coles.com.au/online/SearchDisplay?searchTermScope=&amp;multiSearch=&amp;searchType=2&amp;maxPrice=&amp;showResultsPage=true&amp;langId=-1&amp;beginIndex=0&amp;sType=SimpleSearch&amp;metaData=&amp;browseView=true&amp;manufacturer=&amp;resultCatEntryType=&amp;catalogId=10576&amp;pageView=image&amp;facet=mfName_ntk_cs%253AMrs.%2BMay%2527s&amp;minPrice=&amp;categoryId=25573&amp;storeId=10601","name":"Mrs. May&#039;s","count":"1","className":""},{"url":"http://shop.coles.com.au/online/SearchDisplay?searchTermScope=&amp;multiSearch=&amp;searchType=2&amp;maxPrice=&amp;showResultsPage=true&amp;langId=-1&amp;beginIndex=0&amp;sType=SimpleSearch&amp;metaData=&amp;browseView=true&amp;manufacturer=&amp;resultCatEntryType=&amp;catalogId=10576&amp;pageView=image&amp;facet=mfName_ntk_cs%253AMt%2BAdams&amp;minPrice=&amp;categoryId=25573&amp;storeId=10601","name":"Mt Adams","count":"1","className":""},{"url":"http://shop.coles.com.au/online/SearchDisplay?searchTermScope=&amp;multiSearch=&amp;searchType=2&amp;maxPrice=&amp;showResultsPage=true&amp;langId=-1&amp;beginIndex=0&amp;sType=SimpleSearch&amp;metaData=&amp;browseView=true&amp;manufacturer=&amp;resultCatEntryType=&amp;catalogId=10576&amp;pageView=image&amp;facet=mfName_ntk_cs%253AMug%2BShot&amp;minPrice=&amp;categoryId=25573&amp;storeId=10601","name":"Mug Shot","count":"6","className":""},{"url":"http://shop.coles.com.au/online/SearchDisplay?searchTermScope=&amp;multiSearch=&amp;searchType=2&amp;maxPrice=&amp;showResultsPage=true&amp;langId=-1&amp;beginIndex=0&amp;sType=SimpleSearch&amp;metaData=&amp;browseView=true&amp;manufacturer=&amp;resultCatEntryType=&amp;catalogId=10576&amp;pageView=image&amp;facet=mfName_ntk_cs%253AMusashi&amp;minPrice=&amp;categoryId=25573&amp;storeId=10601","name":"Musashi","count":"5","className":""},{"url":"http://shop.coles.com.au/online/SearchDisplay?searchTermScope=&amp;multiSearch=&amp;searchType=2&amp;maxPrice=&amp;showResultsPage=true&amp;langId=-1&amp;beginIndex=0&amp;sType=SimpleSearch&amp;metaData=&amp;browseView=true&amp;manufacturer=&amp;resultCatEntryType=&amp;catalogId=10576&amp;pageView=image&amp;facet=mfName_ntk_cs%253AMutti&amp;minPrice=&amp;categoryId=25573&amp;storeId=10601","name":"Mutti","count":"10","className":""},{"url":"http://shop.coles.com.au/online/SearchDisplay?searchTermScope=&amp;multiSearch=&amp;searchType=2&amp;maxPrice=&amp;showResultsPage=true&amp;langId=-1&amp;beginIndex=0&amp;sType=SimpleSearch&amp;metaData=&amp;browseView=true&amp;manufacturer=&amp;resultCatEntryType=&amp;catalogId=10576&amp;pageView=image&amp;facet=mfName_ntk_cs%253AMy%2BYummy%2BLunchbox&amp;minPrice=&amp;categoryId=25573&amp;storeId=10601","name":"My Yummy Lunchbox","count":"21","className":""},{"url":"http://shop.coles.com.au/online/SearchDisplay?searchTermScope=&amp;multiSearch=&amp;searchType=2&amp;maxPrice=&amp;showResultsPage=true&amp;langId=-1&amp;beginIndex=0&amp;sType=SimpleSearch&amp;metaData=&amp;browseView=true&amp;manufacturer=&amp;resultCatEntryType=&amp;catalogId=10576&amp;pageView=image&amp;facet=mfName_ntk_cs%253ANSM&amp;minPrice=&amp;categoryId=25573&amp;storeId=10601","name":"NSM","count":"1","className":""},{"url":"http://shop.coles.com.au/online/SearchDisplay?searchTermScope=&amp;multiSearch=&amp;searchType=2&amp;maxPrice=&amp;showResultsPage=true&amp;langId=-1&amp;beginIndex=0&amp;sType=SimpleSearch&amp;metaData=&amp;browseView=true&amp;manufacturer=&amp;resultCatEntryType=&amp;catalogId=10576&amp;pageView=image&amp;facet=mfName_ntk_cs%253ANabisco&amp;minPrice=&amp;categoryId=25573&amp;storeId=10601","name":"Nabisco","count":"9","className":""},{"url":"http://shop.coles.com.au/online/SearchDisplay?searchTermScope=&amp;multiSearch=&amp;searchType=2&amp;maxPrice=&amp;showResultsPage=true&amp;langId=-1&amp;beginIndex=0&amp;sType=SimpleSearch&amp;metaData=&amp;browseView=true&amp;manufacturer=&amp;resultCatEntryType=&amp;catalogId=10576&amp;pageView=image&amp;facet=mfName_ntk_cs%253ANando%2527s&amp;minPrice=&amp;categoryId=25573&amp;storeId=10601","name":"Nando&#039;s","count":"13","className":""},{"url":"http://shop.coles.com.au/online/SearchDisplay?searchTermScope=&amp;multiSearch=&amp;searchType=2&amp;maxPrice=&amp;showResultsPage=true&amp;langId=-1&amp;beginIndex=0&amp;sType=SimpleSearch&amp;metaData=&amp;browseView=true&amp;manufacturer=&amp;resultCatEntryType=&amp;catalogId=10576&amp;pageView=image&amp;facet=mfName_ntk_cs%253ANatural&amp;minPrice=&amp;categoryId=25573&amp;storeId=10601","name":"Natural","count":"2","className":""},{"url":"http://shop.coles.com.au/online/SearchDisplay?searchTermScope=&amp;multiSearch=&amp;searchType=2&amp;maxPrice=&amp;showResultsPage=true&amp;langId=-1&amp;beginIndex=0&amp;sType=SimpleSearch&amp;metaData=&amp;browseView=true&amp;manufacturer=&amp;resultCatEntryType=&amp;catalogId=10576&amp;pageView=image&amp;facet=mfName_ntk_cs%253ANatural%2BChip%2BCompany&amp;minPrice=&amp;categoryId=25573&amp;storeId=10601","name":"Natural Chip Company","count":"9","className":""},{"url":"http://shop.coles.com.au/online/SearchDisplay?searchTermScope=&amp;multiSearch=&amp;searchType=2&amp;maxPrice=&amp;showResultsPage=true&amp;langId=-1&amp;beginIndex=0&amp;sType=SimpleSearch&amp;metaData=&amp;browseView=true&amp;manufacturer=&amp;resultCatEntryType=&amp;catalogId=10576&amp;pageView=image&amp;facet=mfName_ntk_cs%253ANatural%2BRemedies&amp;minPrice=&amp;categoryId=25573&amp;storeId=10601","name":"Natural Remedies","count":"3","className":""},{"url":"http://shop.coles.com.au/online/SearchDisplay?searchTermScope=&amp;multiSearch=&amp;searchType=2&amp;maxPrice=&amp;showResultsPage=true&amp;langId=-1&amp;beginIndex=0&amp;sType=SimpleSearch&amp;metaData=&amp;browseView=true&amp;manufacturer=&amp;resultCatEntryType=&amp;catalogId=10576&amp;pageView=image&amp;facet=mfName_ntk_cs%253ANaturally%2BGood&amp;minPrice=&amp;categoryId=25573&amp;storeId=10601","name":"Naturally Good","count":"3","className":""},{"url":"http://shop.coles.com.au/online/SearchDisplay?searchTermScope=&amp;multiSearch=&amp;searchType=2&amp;maxPrice=&amp;showResultsPage=true&amp;langId=-1&amp;beginIndex=0&amp;sType=SimpleSearch&amp;metaData=&amp;browseView=true&amp;manufacturer=&amp;resultCatEntryType=&amp;catalogId=10576&amp;pageView=image&amp;facet=mfName_ntk_cs%253ANature%2BValley&amp;minPrice=&amp;categoryId=25573&amp;storeId=10601","name":"Nature Valley","count":"7","className":""},{"url":"http://shop.coles.com.au/online/SearchDisplay?searchTermScope=&amp;multiSearch=&amp;searchType=2&amp;maxPrice=&amp;showResultsPage=true&amp;langId=-1&amp;beginIndex=0&amp;sType=SimpleSearch&amp;metaData=&amp;browseView=true&amp;manufacturer=&amp;resultCatEntryType=&amp;catalogId=10576&amp;pageView=image&amp;facet=mfName_ntk_cs%253ANature%2527s%2BBlend&amp;minPrice=&amp;categoryId=25573&amp;storeId=10601","name":"Nature&#039;s Blend","count":"1","className":""},{"url":"http://shop.coles.com.au/online/SearchDisplay?searchTermScope=&amp;multiSearch=&amp;searchType=2&amp;maxPrice=&amp;showResultsPage=true&amp;langId=-1&amp;beginIndex=0&amp;sType=SimpleSearch&amp;metaData=&amp;browseView=true&amp;manufacturer=&amp;resultCatEntryType=&amp;catalogId=10576&amp;pageView=image&amp;facet=mfName_ntk_cs%253ANature%2527s%2BOwn&amp;minPrice=&amp;categoryId=25573&amp;storeId=10601","name":"Nature&#039;s Own","count":"12","className":""},{"url":"http://shop.coles.com.au/online/SearchDisplay?searchTermScope=&amp;multiSearch=&amp;searchType=2&amp;maxPrice=&amp;showResultsPage=true&amp;langId=-1&amp;beginIndex=0&amp;sType=SimpleSearch&amp;metaData=&amp;browseView=true&amp;manufacturer=&amp;resultCatEntryType=&amp;catalogId=10576&amp;pageView=image&amp;facet=mfName_ntk_cs%253ANature%2527s%2BWay&amp;minPrice=&amp;categoryId=25573&amp;storeId=10601","name":"Nature&#039;s Way","count":"5","className":""},{"url":"http://shop.coles.com.au/online/SearchDisplay?searchTermScope=&amp;multiSearch=&amp;searchType=2&amp;maxPrice=&amp;showResultsPage=true&amp;langId=-1&amp;beginIndex=0&amp;sType=SimpleSearch&amp;metaData=&amp;browseView=true&amp;manufacturer=&amp;resultCatEntryType=&amp;catalogId=10576&amp;pageView=image&amp;facet=mfName_ntk_cs%253ANatures%2BCuppa&amp;minPrice=&amp;categoryId=25573&amp;storeId=10601","name":"Natures Cuppa","count":"1","className":""},{"url":"http://shop.coles.com.au/online/SearchDisplay?searchTermScope=&amp;multiSearch=&amp;searchType=2&amp;maxPrice=&amp;showResultsPage=true&amp;langId=-1&amp;beginIndex=0&amp;sType=SimpleSearch&amp;metaData=&amp;browseView=true&amp;manufacturer=&amp;resultCatEntryType=&amp;catalogId=10576&amp;pageView=image&amp;facet=mfName_ntk_cs%253ANatures%2BFirst&amp;minPrice=&amp;categoryId=25573&amp;storeId=10601","name":"Natures First","count":"3","className":""},{"url":"http://shop.coles.com.au/online/SearchDisplay?searchTermScope=&amp;multiSearch=&amp;searchType=2&amp;maxPrice=&amp;showResultsPage=true&amp;langId=-1&amp;beginIndex=0&amp;sType=SimpleSearch&amp;metaData=&amp;browseView=true&amp;manufacturer=&amp;resultCatEntryType=&amp;catalogId=10576&amp;pageView=image&amp;facet=mfName_ntk_cs%253ANatvia&amp;minPrice=&amp;categoryId=25573&amp;storeId=10601","name":"Natvia","count":"6","className":""},{"url":"http://shop.coles.com.au/online/SearchDisplay?searchTermScope=&amp;multiSearch=&amp;searchType=2&amp;maxPrice=&amp;showResultsPage=true&amp;langId=-1&amp;beginIndex=0&amp;sType=SimpleSearch&amp;metaData=&amp;browseView=true&amp;manufacturer=&amp;resultCatEntryType=&amp;catalogId=10576&amp;pageView=image&amp;facet=mfName_ntk_cs%253ANemar&amp;minPrice=&amp;categoryId=25573&amp;storeId=10601","name":"Nemar","count":"1","className":""},{"url":"http://shop.coles.com.au/online/SearchDisplay?searchTermScope=&amp;multiSearch=&amp;searchType=2&amp;maxPrice=&amp;showResultsPage=true&amp;langId=-1&amp;beginIndex=0&amp;sType=SimpleSearch&amp;metaData=&amp;browseView=true&amp;manufacturer=&amp;resultCatEntryType=&amp;catalogId=10576&amp;pageView=image&amp;facet=mfName_ntk_cs%253ANerada&amp;minPrice=&amp;categoryId=25573&amp;storeId=10601","name":"Nerada","count":"12","className":""},{"url":"http://shop.coles.com.au/online/SearchDisplay?searchTermScope=&amp;multiSearch=&amp;searchType=2&amp;maxPrice=&amp;showResultsPage=true&amp;langId=-1&amp;beginIndex=0&amp;sType=SimpleSearch&amp;metaData=&amp;browseView=true&amp;manufacturer=&amp;resultCatEntryType=&amp;catalogId=10576&amp;pageView=image&amp;facet=mfName_ntk_cs%253ANescafe&amp;minPrice=&amp;categoryId=25573&amp;storeId=10601","name":"Nescafe","count":"50","className":""},{"url":"http://shop.coles.com.au/online/SearchDisplay?searchTermScope=&amp;multiSearch=&amp;searchType=2&amp;maxPrice=&amp;showResultsPage=true&amp;langId=-1&amp;beginIndex=0&amp;sType=SimpleSearch&amp;metaData=&amp;browseView=true&amp;manufacturer=&amp;resultCatEntryType=&amp;catalogId=10576&amp;pageView=image&amp;facet=mfName_ntk_cs%253ANestle&amp;minPrice=&amp;categoryId=25573&amp;storeId=10601","name":"Nestle","count":"59","className":""},{"url":"http://shop.coles.com.au/online/SearchDisplay?searchTermScope=&amp;multiSearch=&amp;searchType=2&amp;maxPrice=&amp;showResultsPage=true&amp;langId=-1&amp;beginIndex=0&amp;sType=SimpleSearch&amp;metaData=&amp;browseView=true&amp;manufacturer=&amp;resultCatEntryType=&amp;catalogId=10576&amp;pageView=image&amp;facet=mfName_ntk_cs%253ANexba&amp;minPrice=&amp;categoryId=25573&amp;storeId=10601","name":"Nexba","count":"2","className":""},{"url":"http://shop.coles.com.au/online/SearchDisplay?searchTermScope=&amp;multiSearch=&amp;searchType=2&amp;maxPrice=&amp;showResultsPage=true&amp;langId=-1&amp;beginIndex=0&amp;sType=SimpleSearch&amp;metaData=&amp;browseView=true&amp;manufacturer=&amp;resultCatEntryType=&amp;catalogId=10576&amp;pageView=image&amp;facet=mfName_ntk_cs%253ANice%2B%2526%2BNatural&amp;minPrice=&amp;categoryId=25573&amp;storeId=10601","name":"Nice &amp; Natural","count":"17","className":""},{"url":"http://shop.coles.com.au/online/SearchDisplay?searchTermScope=&amp;multiSearch=&amp;searchType=2&amp;maxPrice=&amp;showResultsPage=true&amp;langId=-1&amp;beginIndex=0&amp;sType=SimpleSearch&amp;metaData=&amp;browseView=true&amp;manufacturer=&amp;resultCatEntryType=&amp;catalogId=10576&amp;pageView=image&amp;facet=mfName_ntk_cs%253ANice%2BAnd%2BNatural&amp;minPrice=&amp;categoryId=25573&amp;storeId=10601","name":"Nice And Natural","count":"1","className":""},{"url":"http://shop.coles.com.au/online/SearchDisplay?searchTermScope=&amp;multiSearch=&amp;searchType=2&amp;maxPrice=&amp;showResultsPage=true&amp;langId=-1&amp;beginIndex=0&amp;sType=SimpleSearch&amp;metaData=&amp;browseView=true&amp;manufacturer=&amp;resultCatEntryType=&amp;catalogId=10576&amp;pageView=image&amp;facet=mfName_ntk_cs%253ANice%2BN%2527%2BTasty&amp;minPrice=&amp;categoryId=25573&amp;storeId=10601","name":"Nice N&#039; Tasty","count":"2","className":""},{"url":"http://shop.coles.com.au/online/SearchDisplay?searchTermScope=&amp;multiSearch=&amp;searchType=2&amp;maxPrice=&amp;showResultsPage=true&amp;langId=-1&amp;beginIndex=0&amp;sType=SimpleSearch&amp;metaData=&amp;browseView=true&amp;manufacturer=&amp;resultCatEntryType=&amp;catalogId=10576&amp;pageView=image&amp;facet=mfName_ntk_cs%253ANirvana%2BXylitol&amp;minPrice=&amp;categoryId=25573&amp;storeId=10601","name":"Nirvana Xylitol","count":"1","className":""},{"url":"http://shop.coles.com.au/online/SearchDisplay?searchTermScope=&amp;multiSearch=&amp;searchType=2&amp;maxPrice=&amp;showResultsPage=true&amp;langId=-1&amp;beginIndex=0&amp;sType=SimpleSearch&amp;metaData=&amp;browseView=true&amp;manufacturer=&amp;resultCatEntryType=&amp;catalogId=10576&amp;pageView=image&amp;facet=mfName_ntk_cs%253ANisshin&amp;minPrice=&amp;categoryId=25573&amp;storeId=10601","name":"Nisshin","count":"1","className":""},{"url":"http://shop.coles.com.au/online/SearchDisplay?searchTermScope=&amp;multiSearch=&amp;searchType=2&amp;maxPrice=&amp;showResultsPage=true&amp;langId=-1&amp;beginIndex=0&amp;sType=SimpleSearch&amp;metaData=&amp;browseView=true&amp;manufacturer=&amp;resultCatEntryType=&amp;catalogId=10576&amp;pageView=image&amp;facet=mfName_ntk_cs%253ANobby%2527s&amp;minPrice=&amp;categoryId=25573&amp;storeId=10601","name":"Nobby&#039;s","count":"4","className":""},{"url":"http://shop.coles.com.au/online/SearchDisplay?searchTermScope=&amp;multiSearch=&amp;searchType=2&amp;maxPrice=&amp;showResultsPage=true&amp;langId=-1&amp;beginIndex=0&amp;sType=SimpleSearch&amp;metaData=&amp;browseView=true&amp;manufacturer=&amp;resultCatEntryType=&amp;catalogId=10576&amp;pageView=image&amp;facet=mfName_ntk_cs%253ANoble%2BChoice&amp;minPrice=&amp;categoryId=25573&amp;storeId=10601","name":"Noble Choice","count":"2","className":""},{"url":"http://shop.coles.com.au/online/SearchDisplay?searchTermScope=&amp;multiSearch=&amp;searchType=2&amp;maxPrice=&amp;showResultsPage=true&amp;langId=-1&amp;beginIndex=0&amp;sType=SimpleSearch&amp;metaData=&amp;browseView=true&amp;manufacturer=&amp;resultCatEntryType=&amp;catalogId=10576&amp;pageView=image&amp;facet=mfName_ntk_cs%253ANoodle%2BPartners&amp;minPrice=&amp;categoryId=25573&amp;storeId=10601","name":"Noodle Partners","count":"2","className":""},{"url":"http://shop.coles.com.au/online/SearchDisplay?searchTermScope=&amp;multiSearch=&amp;searchType=2&amp;maxPrice=&amp;showResultsPage=true&amp;langId=-1&amp;beginIndex=0&amp;sType=SimpleSearch&amp;metaData=&amp;browseView=true&amp;manufacturer=&amp;resultCatEntryType=&amp;catalogId=10576&amp;pageView=image&amp;facet=mfName_ntk_cs%253ANoodles%2BPartner&amp;minPrice=&amp;categoryId=25573&amp;storeId=10601","name":"Noodles Partner","count":"1","className":""},{"url":"http://shop.coles.com.au/online/SearchDisplay?searchTermScope=&amp;multiSearch=&amp;searchType=2&amp;maxPrice=&amp;showResultsPage=true&amp;langId=-1&amp;beginIndex=0&amp;sType=SimpleSearch&amp;metaData=&amp;browseView=true&amp;manufacturer=&amp;resultCatEntryType=&amp;catalogId=10576&amp;pageView=image&amp;facet=mfName_ntk_cs%253ANorbu&amp;minPrice=&amp;categoryId=25573&amp;storeId=10601","name":"Norbu","count":"3","className":""},{"url":"http://shop.coles.com.au/online/SearchDisplay?searchTermScope=&amp;multiSearch=&amp;searchType=2&amp;maxPrice=&amp;showResultsPage=true&amp;langId=-1&amp;beginIndex=0&amp;sType=SimpleSearch&amp;metaData=&amp;browseView=true&amp;manufacturer=&amp;resultCatEntryType=&amp;catalogId=10576&amp;pageView=image&amp;facet=mfName_ntk_cs%253ANorganic&amp;minPrice=&amp;categoryId=25573&amp;storeId=10601","name":"Norganic","count":"3","className":""},{"url":"http://shop.coles.com.au/online/SearchDisplay?searchTermScope=&amp;multiSearch=&amp;searchType=2&amp;maxPrice=&amp;showResultsPage=true&amp;langId=-1&amp;beginIndex=0&amp;sType=SimpleSearch&amp;metaData=&amp;browseView=true&amp;manufacturer=&amp;resultCatEntryType=&amp;catalogId=10576&amp;pageView=image&amp;facet=mfName_ntk_cs%253ANu%2BVit&amp;minPrice=&amp;categoryId=25573&amp;storeId=10601","name":"Nu Vit","count":"5","className":""},{"url":"http://shop.coles.com.au/online/SearchDisplay?searchTermScope=&amp;multiSearch=&amp;searchType=2&amp;maxPrice=&amp;showResultsPage=true&amp;langId=-1&amp;beginIndex=0&amp;sType=SimpleSearch&amp;metaData=&amp;browseView=true&amp;manufacturer=&amp;resultCatEntryType=&amp;catalogId=10576&amp;pageView=image&amp;facet=mfName_ntk_cs%253ANutella&amp;minPrice=&amp;categoryId=25573&amp;storeId=10601","name":"Nutella","count":"4","className":""},{"url":"http://shop.coles.com.au/online/SearchDisplay?searchTermScope=&amp;multiSearch=&amp;searchType=2&amp;maxPrice=&amp;showResultsPage=true&amp;langId=-1&amp;beginIndex=0&amp;sType=SimpleSearch&amp;metaData=&amp;browseView=true&amp;manufacturer=&amp;resultCatEntryType=&amp;catalogId=10576&amp;pageView=image&amp;facet=mfName_ntk_cs%253ANutino&amp;minPrice=&amp;categoryId=25573&amp;storeId=10601","name":"Nutino","count":"3","className":""},{"url":"http://shop.coles.com.au/online/SearchDisplay?searchTermScope=&amp;multiSearch=&amp;searchType=2&amp;maxPrice=&amp;showResultsPage=true&amp;langId=-1&amp;beginIndex=0&amp;sType=SimpleSearch&amp;metaData=&amp;browseView=true&amp;manufacturer=&amp;resultCatEntryType=&amp;catalogId=10576&amp;pageView=image&amp;facet=mfName_ntk_cs%253AOMG&amp;minPrice=&amp;categoryId=25573&amp;storeId=10601","name":"OMG","count":"1","className":""},{"url":"http://shop.coles.com.au/online/SearchDisplay?searchTermScope=&amp;multiSearch=&amp;searchType=2&amp;maxPrice=&amp;showResultsPage=true&amp;langId=-1&amp;beginIndex=0&amp;sType=SimpleSearch&amp;metaData=&amp;browseView=true&amp;manufacturer=&amp;resultCatEntryType=&amp;catalogId=10576&amp;pageView=image&amp;facet=mfName_ntk_cs%253AOasis&amp;minPrice=&amp;categoryId=25573&amp;storeId=10601","name":"Oasis","count":"1","className":""},{"url":"http://shop.coles.com.au/online/SearchDisplay?searchTermScope=&amp;multiSearch=&amp;searchType=2&amp;maxPrice=&amp;showResultsPage=true&amp;langId=-1&amp;beginIndex=0&amp;sType=SimpleSearch&amp;metaData=&amp;browseView=true&amp;manufacturer=&amp;resultCatEntryType=&amp;catalogId=10576&amp;pageView=image&amp;facet=mfName_ntk_cs%253AOat%2BBurst&amp;minPrice=&amp;categoryId=25573&amp;storeId=10601","name":"Oat Burst","count":"3","className":""},{"url":"http://shop.coles.com.au/online/SearchDisplay?searchTermScope=&amp;multiSearch=&amp;searchType=2&amp;maxPrice=&amp;showResultsPage=true&amp;langId=-1&amp;beginIndex=0&amp;sType=SimpleSearch&amp;metaData=&amp;browseView=true&amp;manufacturer=&amp;resultCatEntryType=&amp;catalogId=10576&amp;pageView=image&amp;facet=mfName_ntk_cs%253AObap&amp;minPrice=&amp;categoryId=25573&amp;storeId=10601","name":"Obap","count":"3","className":""},{"url":"http://shop.coles.com.au/online/SearchDisplay?searchTermScope=&amp;multiSearch=&amp;searchType=2&amp;maxPrice=&amp;showResultsPage=true&amp;langId=-1&amp;beginIndex=0&amp;sType=SimpleSearch&amp;metaData=&amp;browseView=true&amp;manufacturer=&amp;resultCatEntryType=&amp;catalogId=10576&amp;pageView=image&amp;facet=mfName_ntk_cs%253AObento&amp;minPrice=&amp;categoryId=25573&amp;storeId=10601","name":"Obento","count":"12","className":""},{"url":"http://shop.coles.com.au/online/SearchDisplay?searchTermScope=&amp;multiSearch=&amp;searchType=2&amp;maxPrice=&amp;showResultsPage=true&amp;langId=-1&amp;beginIndex=0&amp;sType=SimpleSearch&amp;metaData=&amp;browseView=true&amp;manufacturer=&amp;resultCatEntryType=&amp;catalogId=10576&amp;pageView=image&amp;facet=mfName_ntk_cs%253AObento%2BBowl&amp;minPrice=&amp;categoryId=25573&amp;storeId=10601","name":"Obento Bowl","count":"1","className":""},{"url":"http://shop.coles.com.au/online/SearchDisplay?searchTermScope=&amp;multiSearch=&amp;searchType=2&amp;maxPrice=&amp;showResultsPage=true&amp;langId=-1&amp;beginIndex=0&amp;sType=SimpleSearch&amp;metaData=&amp;browseView=true&amp;manufacturer=&amp;resultCatEntryType=&amp;catalogId=10576&amp;pageView=image&amp;facet=mfName_ntk_cs%253AOcean%2BSpray&amp;minPrice=&amp;categoryId=25573&amp;storeId=10601","name":"Ocean Spray","count":"5","className":""},{"url":"http://shop.coles.com.au/online/SearchDisplay?searchTermScope=&amp;multiSearch=&amp;searchType=2&amp;maxPrice=&amp;showResultsPage=true&amp;langId=-1&amp;beginIndex=0&amp;sType=SimpleSearch&amp;metaData=&amp;browseView=true&amp;manufacturer=&amp;resultCatEntryType=&amp;catalogId=10576&amp;pageView=image&amp;facet=mfName_ntk_cs%253AOld%2BEl%2BPaso&amp;minPrice=&amp;categoryId=25573&amp;storeId=10601","name":"Old El Paso","count":"2","className":""},{"url":"http://shop.coles.com.au/online/SearchDisplay?searchTermScope=&amp;multiSearch=&amp;searchType=2&amp;maxPrice=&amp;showResultsPage=true&amp;langId=-1&amp;beginIndex=0&amp;sType=SimpleSearch&amp;metaData=&amp;browseView=true&amp;manufacturer=&amp;resultCatEntryType=&amp;catalogId=10576&amp;pageView=image&amp;facet=mfName_ntk_cs%253AOllo&amp;minPrice=&amp;categoryId=25573&amp;storeId=10601","name":"Ollo","count":"2","className":""},{"url":"http://shop.coles.com.au/online/SearchDisplay?searchTermScope=&amp;multiSearch=&amp;searchType=2&amp;maxPrice=&amp;showResultsPage=true&amp;langId=-1&amp;beginIndex=0&amp;sType=SimpleSearch&amp;metaData=&amp;browseView=true&amp;manufacturer=&amp;resultCatEntryType=&amp;catalogId=10576&amp;pageView=image&amp;facet=mfName_ntk_cs%253AOn%2BThe%2BGo%2BFusion%2BSnack&amp;minPrice=&amp;categoryId=25573&amp;storeId=10601","name":"On The Go Fusion Snack","count":"2","className":""},{"url":"http://shop.coles.com.au/online/SearchDisplay?searchTermScope=&amp;multiSearch=&amp;searchType=2&amp;maxPrice=&amp;showResultsPage=true&amp;langId=-1&amp;beginIndex=0&amp;sType=SimpleSearch&amp;metaData=&amp;browseView=true&amp;manufacturer=&amp;resultCatEntryType=&amp;catalogId=10576&amp;pageView=image&amp;facet=mfName_ntk_cs%253AOngs&amp;minPrice=&amp;categoryId=25573&amp;storeId=10601","name":"Ongs","count":"2","className":""},{"url":"http://shop.coles.com.au/online/SearchDisplay?searchTermScope=&amp;multiSearch=&amp;searchType=2&amp;maxPrice=&amp;showResultsPage=true&amp;langId=-1&amp;beginIndex=0&amp;sType=SimpleSearch&amp;metaData=&amp;browseView=true&amp;manufacturer=&amp;resultCatEntryType=&amp;catalogId=10576&amp;pageView=image&amp;facet=mfName_ntk_cs%253AOrchard&amp;minPrice=&amp;categoryId=25573&amp;storeId=10601","name":"Orchard","count":"2","className":""},{"url":"http://shop.coles.com.au/online/SearchDisplay?searchTermScope=&amp;multiSearch=&amp;searchType=2&amp;maxPrice=&amp;showResultsPage=true&amp;langId=-1&amp;beginIndex=0&amp;sType=SimpleSearch&amp;metaData=&amp;browseView=true&amp;manufacturer=&amp;resultCatEntryType=&amp;catalogId=10576&amp;pageView=image&amp;facet=mfName_ntk_cs%253AOrgran&amp;minPrice=&amp;categoryId=25573&amp;storeId=10601","name":"Orgran","count":"17","className":""},{"url":"http://shop.coles.com.au/online/SearchDisplay?searchTermScope=&amp;multiSearch=&amp;searchType=2&amp;maxPrice=&amp;showResultsPage=true&amp;langId=-1&amp;beginIndex=0&amp;sType=SimpleSearch&amp;metaData=&amp;browseView=true&amp;manufacturer=&amp;resultCatEntryType=&amp;catalogId=10576&amp;pageView=image&amp;facet=mfName_ntk_cs%253AOutback%2BSpirit&amp;minPrice=&amp;categoryId=25573&amp;storeId=10601","name":"Outback Spirit","count":"9","className":""},{"url":"http://shop.coles.com.au/online/SearchDisplay?searchTermScope=&amp;multiSearch=&amp;searchType=2&amp;maxPrice=&amp;showResultsPage=true&amp;langId=-1&amp;beginIndex=0&amp;sType=SimpleSearch&amp;metaData=&amp;browseView=true&amp;manufacturer=&amp;resultCatEntryType=&amp;catalogId=10576&amp;pageView=image&amp;facet=mfName_ntk_cs%253AOxfam&amp;minPrice=&amp;categoryId=25573&amp;storeId=10601","name":"Oxfam","count":"2","className":""},{"url":"http://shop.coles.com.au/online/SearchDisplay?searchTermScope=&amp;multiSearch=&amp;searchType=2&amp;maxPrice=&amp;showResultsPage=true&amp;langId=-1&amp;beginIndex=0&amp;sType=SimpleSearch&amp;metaData=&amp;browseView=true&amp;manufacturer=&amp;resultCatEntryType=&amp;catalogId=10576&amp;pageView=image&amp;facet=mfName_ntk_cs%253AOxo&amp;minPrice=&amp;categoryId=25573&amp;storeId=10601","name":"Oxo","count":"2","className":""},{"url":"http://shop.coles.com.au/online/SearchDisplay?searchTermScope=&amp;multiSearch=&amp;searchType=2&amp;maxPrice=&amp;showResultsPage=true&amp;langId=-1&amp;beginIndex=0&amp;sType=SimpleSearch&amp;metaData=&amp;browseView=true&amp;manufacturer=&amp;resultCatEntryType=&amp;catalogId=10576&amp;pageView=image&amp;facet=mfName_ntk_cs%253AOzmo&amp;minPrice=&amp;categoryId=25573&amp;storeId=10601","name":"Ozmo","count":"2","className":""},{"url":"http://shop.coles.com.au/online/SearchDisplay?searchTermScope=&amp;multiSearch=&amp;searchType=2&amp;maxPrice=&amp;showResultsPage=true&amp;langId=-1&amp;beginIndex=0&amp;sType=SimpleSearch&amp;metaData=&amp;browseView=true&amp;manufacturer=&amp;resultCatEntryType=&amp;catalogId=10576&amp;pageView=image&amp;facet=mfName_ntk_cs%253APG%2BTips&amp;minPrice=&amp;categoryId=25573&amp;storeId=10601","name":"PG Tips","count":"1","className":""},{"url":"http://shop.coles.com.au/online/SearchDisplay?searchTermScope=&amp;multiSearch=&amp;searchType=2&amp;maxPrice=&amp;showResultsPage=true&amp;langId=-1&amp;beginIndex=0&amp;sType=SimpleSearch&amp;metaData=&amp;browseView=true&amp;manufacturer=&amp;resultCatEntryType=&amp;catalogId=10576&amp;pageView=image&amp;facet=mfName_ntk_cs%253APancake%2BParlour&amp;minPrice=&amp;categoryId=25573&amp;storeId=10601","name":"Pancake Parlour","count":"1","className":""},{"url":"http://shop.coles.com.au/online/SearchDisplay?searchTermScope=&amp;multiSearch=&amp;searchType=2&amp;maxPrice=&amp;showResultsPage=true&amp;langId=-1&amp;beginIndex=0&amp;sType=SimpleSearch&amp;metaData=&amp;browseView=true&amp;manufacturer=&amp;resultCatEntryType=&amp;catalogId=10576&amp;pageView=image&amp;facet=mfName_ntk_cs%253APandaroo&amp;minPrice=&amp;categoryId=25573&amp;storeId=10601","name":"Pandaroo","count":"1","className":""},{"url":"http://shop.coles.com.au/online/SearchDisplay?searchTermScope=&amp;multiSearch=&amp;searchType=2&amp;maxPrice=&amp;showResultsPage=true&amp;langId=-1&amp;beginIndex=0&amp;sType=SimpleSearch&amp;metaData=&amp;browseView=true&amp;manufacturer=&amp;resultCatEntryType=&amp;catalogId=10576&amp;pageView=image&amp;facet=mfName_ntk_cs%253APapadimitriou&amp;minPrice=&amp;categoryId=25573&amp;storeId=10601","name":"Papadimitriou","count":"2","className":""},{"url":"http://shop.coles.com.au/online/SearchDisplay?searchTermScope=&amp;multiSearch=&amp;searchType=2&amp;maxPrice=&amp;showResultsPage=true&amp;langId=-1&amp;beginIndex=0&amp;sType=SimpleSearch&amp;metaData=&amp;browseView=true&amp;manufacturer=&amp;resultCatEntryType=&amp;catalogId=10576&amp;pageView=image&amp;facet=mfName_ntk_cs%253AParadise&amp;minPrice=&amp;categoryId=25573&amp;storeId=10601","name":"Paradise","count":"4","className":""},{"url":"http://shop.coles.com.au/online/SearchDisplay?searchTermScope=&amp;multiSearch=&amp;searchType=2&amp;maxPrice=&amp;showResultsPage=true&amp;langId=-1&amp;beginIndex=0&amp;sType=SimpleSearch&amp;metaData=&amp;browseView=true&amp;manufacturer=&amp;resultCatEntryType=&amp;catalogId=10576&amp;pageView=image&amp;facet=mfName_ntk_cs%253APark%2BAvenue%2BLicensed&amp;minPrice=&amp;categoryId=25573&amp;storeId=10601","name":"Park Avenue Licensed","count":"1","className":""},{"url":"http://shop.coles.com.au/online/SearchDisplay?searchTermScope=&amp;multiSearch=&amp;searchType=2&amp;maxPrice=&amp;showResultsPage=true&amp;langId=-1&amp;beginIndex=0&amp;sType=SimpleSearch&amp;metaData=&amp;browseView=true&amp;manufacturer=&amp;resultCatEntryType=&amp;catalogId=10576&amp;pageView=image&amp;facet=mfName_ntk_cs%253AParkers&amp;minPrice=&amp;categoryId=25573&amp;storeId=10601","name":"Parkers","count":"3","className":""},{"url":"http://shop.coles.com.au/online/SearchDisplay?searchTermScope=&amp;multiSearch=&amp;searchType=2&amp;maxPrice=&amp;showResultsPage=true&amp;langId=-1&amp;beginIndex=0&amp;sType=SimpleSearch&amp;metaData=&amp;browseView=true&amp;manufacturer=&amp;resultCatEntryType=&amp;catalogId=10576&amp;pageView=image&amp;facet=mfName_ntk_cs%253AParsons&amp;minPrice=&amp;categoryId=25573&amp;storeId=10601","name":"Parsons","count":"1","className":""},{"url":"http://shop.coles.com.au/online/SearchDisplay?searchTermScope=&amp;multiSearch=&amp;searchType=2&amp;maxPrice=&amp;showResultsPage=true&amp;langId=-1&amp;beginIndex=0&amp;sType=SimpleSearch&amp;metaData=&amp;browseView=true&amp;manufacturer=&amp;resultCatEntryType=&amp;catalogId=10576&amp;pageView=image&amp;facet=mfName_ntk_cs%253APascall&amp;minPrice=&amp;categoryId=25573&amp;storeId=10601","name":"Pascall","count":"15","className":""},{"url":"http://shop.coles.com.au/online/SearchDisplay?searchTermScope=&amp;multiSearch=&amp;searchType=2&amp;maxPrice=&amp;showResultsPage=true&amp;langId=-1&amp;beginIndex=0&amp;sType=SimpleSearch&amp;metaData=&amp;browseView=true&amp;manufacturer=&amp;resultCatEntryType=&amp;catalogId=10576&amp;pageView=image&amp;facet=mfName_ntk_cs%253APassage%2BFoods&amp;minPrice=&amp;categoryId=25573&amp;storeId=10601","name":"Passage Foods","count":"11","className":""},{"url":"http://shop.coles.com.au/online/SearchDisplay?searchTermScope=&amp;multiSearch=&amp;searchType=2&amp;maxPrice=&amp;showResultsPage=true&amp;langId=-1&amp;beginIndex=0&amp;sType=SimpleSearch&amp;metaData=&amp;browseView=true&amp;manufacturer=&amp;resultCatEntryType=&amp;catalogId=10576&amp;pageView=image&amp;facet=mfName_ntk_cs%253APassage%2BTo%2BThailand&amp;minPrice=&amp;categoryId=25573&amp;storeId=10601","name":"Passage To Thailand","count":"1","className":""},{"url":"http://shop.coles.com.au/online/SearchDisplay?searchTermScope=&amp;multiSearch=&amp;searchType=2&amp;maxPrice=&amp;showResultsPage=true&amp;langId=-1&amp;beginIndex=0&amp;sType=SimpleSearch&amp;metaData=&amp;browseView=true&amp;manufacturer=&amp;resultCatEntryType=&amp;catalogId=10576&amp;pageView=image&amp;facet=mfName_ntk_cs%253APataks&amp;minPrice=&amp;categoryId=25573&amp;storeId=10601","name":"Pataks","count":"12","className":""},{"url":"http://shop.coles.com.au/online/SearchDisplay?searchTermScope=&amp;multiSearch=&amp;searchType=2&amp;maxPrice=&amp;showResultsPage=true&amp;langId=-1&amp;beginIndex=0&amp;sType=SimpleSearch&amp;metaData=&amp;browseView=true&amp;manufacturer=&amp;resultCatEntryType=&amp;catalogId=10576&amp;pageView=image&amp;facet=mfName_ntk_cs%253APaul%2BNewman%2527s%2BOwn&amp;minPrice=&amp;categoryId=25573&amp;storeId=10601","name":"Paul Newman&#039;s Own","count":"11","className":""},{"url":"http://shop.coles.com.au/online/SearchDisplay?searchTermScope=&amp;multiSearch=&amp;searchType=2&amp;maxPrice=&amp;showResultsPage=true&amp;langId=-1&amp;beginIndex=0&amp;sType=SimpleSearch&amp;metaData=&amp;browseView=true&amp;manufacturer=&amp;resultCatEntryType=&amp;catalogId=10576&amp;pageView=image&amp;facet=mfName_ntk_cs%253APavlova%2BPantry&amp;minPrice=&amp;categoryId=25573&amp;storeId=10601","name":"Pavlova Pantry","count":"1","className":""},{"url":"http://shop.coles.com.au/online/SearchDisplay?searchTermScope=&amp;multiSearch=&amp;searchType=2&amp;maxPrice=&amp;showResultsPage=true&amp;langId=-1&amp;beginIndex=0&amp;sType=SimpleSearch&amp;metaData=&amp;browseView=true&amp;manufacturer=&amp;resultCatEntryType=&amp;catalogId=10576&amp;pageView=image&amp;facet=mfName_ntk_cs%253APaxo&amp;minPrice=&amp;categoryId=25573&amp;storeId=10601","name":"Paxo","count":"1","className":""},{"url":"http://shop.coles.com.au/online/SearchDisplay?searchTermScope=&amp;multiSearch=&amp;searchType=2&amp;maxPrice=&amp;showResultsPage=true&amp;langId=-1&amp;beginIndex=0&amp;sType=SimpleSearch&amp;metaData=&amp;browseView=true&amp;manufacturer=&amp;resultCatEntryType=&amp;catalogId=10576&amp;pageView=image&amp;facet=mfName_ntk_cs%253APearl%2BRiver%2BBridge&amp;minPrice=&amp;categoryId=25573&amp;storeId=10601","name":"Pearl River Bridge","count":"2","className":""},{"url":"http://shop.coles.com.au/online/SearchDisplay?searchTermScope=&amp;multiSearch=&amp;searchType=2&amp;maxPrice=&amp;showResultsPage=true&amp;langId=-1&amp;beginIndex=0&amp;sType=SimpleSearch&amp;metaData=&amp;browseView=true&amp;manufacturer=&amp;resultCatEntryType=&amp;catalogId=10576&amp;pageView=image&amp;facet=mfName_ntk_cs%253APeckish&amp;minPrice=&amp;categoryId=25573&amp;storeId=10601","name":"Peckish","count":"15","className":""},{"url":"http://shop.coles.com.au/online/SearchDisplay?searchTermScope=&amp;multiSearch=&amp;searchType=2&amp;maxPrice=&amp;showResultsPage=true&amp;langId=-1&amp;beginIndex=0&amp;sType=SimpleSearch&amp;metaData=&amp;browseView=true&amp;manufacturer=&amp;resultCatEntryType=&amp;catalogId=10576&amp;pageView=image&amp;facet=mfName_ntk_cs%253APecks&amp;minPrice=&amp;categoryId=25573&amp;storeId=10601","name":"Pecks","count":"4","className":""},{"url":"http://shop.coles.com.au/online/SearchDisplay?searchTermScope=&amp;multiSearch=&amp;searchType=2&amp;maxPrice=&amp;showResultsPage=true&amp;langId=-1&amp;beginIndex=0&amp;sType=SimpleSearch&amp;metaData=&amp;browseView=true&amp;manufacturer=&amp;resultCatEntryType=&amp;catalogId=10576&amp;pageView=image&amp;facet=mfName_ntk_cs%253APeppa%2BPig&amp;minPrice=&amp;categoryId=25573&amp;storeId=10601","name":"Peppa Pig","count":"6","className":""},{"url":"http://shop.coles.com.au/online/SearchDisplay?searchTermScope=&amp;multiSearch=&amp;searchType=2&amp;maxPrice=&amp;showResultsPage=true&amp;langId=-1&amp;beginIndex=0&amp;sType=SimpleSearch&amp;metaData=&amp;browseView=true&amp;manufacturer=&amp;resultCatEntryType=&amp;catalogId=10576&amp;pageView=image&amp;facet=mfName_ntk_cs%253APetit%2BBeurre&amp;minPrice=&amp;categoryId=25573&amp;storeId=10601","name":"Petit Beurre","count":"3","className":""},{"url":"http://shop.coles.com.au/online/SearchDisplay?searchTermScope=&amp;multiSearch=&amp;searchType=2&amp;maxPrice=&amp;showResultsPage=true&amp;langId=-1&amp;beginIndex=0&amp;sType=SimpleSearch&amp;metaData=&amp;browseView=true&amp;manufacturer=&amp;resultCatEntryType=&amp;catalogId=10576&amp;pageView=image&amp;facet=mfName_ntk_cs%253APez&amp;minPrice=&amp;categoryId=25573&amp;storeId=10601","name":"Pez","count":"2","className":""},{"url":"http://shop.coles.com.au/online/SearchDisplay?searchTermScope=&amp;multiSearch=&amp;searchType=2&amp;maxPrice=&amp;showResultsPage=true&amp;langId=-1&amp;beginIndex=0&amp;sType=SimpleSearch&amp;metaData=&amp;browseView=true&amp;manufacturer=&amp;resultCatEntryType=&amp;catalogId=10576&amp;pageView=image&amp;facet=mfName_ntk_cs%253APic%2527s&amp;minPrice=&amp;categoryId=25573&amp;storeId=10601","name":"Pic&#039;s","count":"2","className":""},{"url":"http://shop.coles.com.au/online/SearchDisplay?searchTermScope=&amp;multiSearch=&amp;searchType=2&amp;maxPrice=&amp;showResultsPage=true&amp;langId=-1&amp;beginIndex=0&amp;sType=SimpleSearch&amp;metaData=&amp;browseView=true&amp;manufacturer=&amp;resultCatEntryType=&amp;catalogId=10576&amp;pageView=image&amp;facet=mfName_ntk_cs%253APiranha%2BGrills&amp;minPrice=&amp;categoryId=25573&amp;storeId=10601","name":"Piranha Grills","count":"2","className":""},{"url":"http://shop.coles.com.au/online/SearchDisplay?searchTermScope=&amp;multiSearch=&amp;searchType=2&amp;maxPrice=&amp;showResultsPage=true&amp;langId=-1&amp;beginIndex=0&amp;sType=SimpleSearch&amp;metaData=&amp;browseView=true&amp;manufacturer=&amp;resultCatEntryType=&amp;catalogId=10576&amp;pageView=image&amp;facet=mfName_ntk_cs%253APlanet%2BFood&amp;minPrice=&amp;categoryId=25573&amp;storeId=10601","name":"Planet Food","count":"3","className":""},{"url":"http://shop.coles.com.au/online/SearchDisplay?searchTermScope=&amp;multiSearch=&amp;searchType=2&amp;maxPrice=&amp;showResultsPage=true&amp;langId=-1&amp;beginIndex=0&amp;sType=SimpleSearch&amp;metaData=&amp;browseView=true&amp;manufacturer=&amp;resultCatEntryType=&amp;catalogId=10576&amp;pageView=image&amp;facet=mfName_ntk_cs%253APlumrose&amp;minPrice=&amp;categoryId=25573&amp;storeId=10601","name":"Plumrose","count":"11","className":""},{"url":"http://shop.coles.com.au/online/SearchDisplay?searchTermScope=&amp;multiSearch=&amp;searchType=2&amp;maxPrice=&amp;showResultsPage=true&amp;langId=-1&amp;beginIndex=0&amp;sType=SimpleSearch&amp;metaData=&amp;browseView=true&amp;manufacturer=&amp;resultCatEntryType=&amp;catalogId=10576&amp;pageView=image&amp;facet=mfName_ntk_cs%253APodista&amp;minPrice=&amp;categoryId=25573&amp;storeId=10601","name":"Podista","count":"3","className":""},{"url":"http://shop.coles.com.au/online/SearchDisplay?searchTermScope=&amp;multiSearch=&amp;searchType=2&amp;maxPrice=&amp;showResultsPage=true&amp;langId=-1&amp;beginIndex=0&amp;sType=SimpleSearch&amp;metaData=&amp;browseView=true&amp;manufacturer=&amp;resultCatEntryType=&amp;catalogId=10576&amp;pageView=image&amp;facet=mfName_ntk_cs%253APodravka&amp;minPrice=&amp;categoryId=25573&amp;storeId=10601","name":"Podravka","count":"8","className":""},{"url":"http://shop.coles.com.au/online/SearchDisplay?searchTermScope=&amp;multiSearch=&amp;searchType=2&amp;maxPrice=&amp;showResultsPage=true&amp;langId=-1&amp;beginIndex=0&amp;sType=SimpleSearch&amp;metaData=&amp;browseView=true&amp;manufacturer=&amp;resultCatEntryType=&amp;catalogId=10576&amp;pageView=image&amp;facet=mfName_ntk_cs%253APoonsin&amp;minPrice=&amp;categoryId=25573&amp;storeId=10601","name":"Poonsin","count":"2","className":""},{"url":"http://shop.coles.com.au/online/SearchDisplay?searchTermScope=&amp;multiSearch=&amp;searchType=2&amp;maxPrice=&amp;showResultsPage=true&amp;langId=-1&amp;beginIndex=0&amp;sType=SimpleSearch&amp;metaData=&amp;browseView=true&amp;manufacturer=&amp;resultCatEntryType=&amp;catalogId=10576&amp;pageView=image&amp;facet=mfName_ntk_cs%253APops&amp;minPrice=&amp;categoryId=25573&amp;storeId=10601","name":"Pops","count":"1","className":""},{"url":"http://shop.coles.com.au/online/SearchDisplay?searchTermScope=&amp;multiSearch=&amp;searchType=2&amp;maxPrice=&amp;showResultsPage=true&amp;langId=-1&amp;beginIndex=0&amp;sType=SimpleSearch&amp;metaData=&amp;browseView=true&amp;manufacturer=&amp;resultCatEntryType=&amp;catalogId=10576&amp;pageView=image&amp;facet=mfName_ntk_cs%253APot&amp;minPrice=&amp;categoryId=25573&amp;storeId=10601","name":"Pot","count":"1","className":""},{"url":"http://shop.coles.com.au/online/SearchDisplay?searchTermScope=&amp;multiSearch=&amp;searchType=2&amp;maxPrice=&amp;showResultsPage=true&amp;langId=-1&amp;beginIndex=0&amp;sType=SimpleSearch&amp;metaData=&amp;browseView=true&amp;manufacturer=&amp;resultCatEntryType=&amp;catalogId=10576&amp;pageView=image&amp;facet=mfName_ntk_cs%253APower%2BBar&amp;minPrice=&amp;categoryId=25573&amp;storeId=10601","name":"Power Bar","count":"2","className":""},{"url":"http://shop.coles.com.au/online/SearchDisplay?searchTermScope=&amp;multiSearch=&amp;searchType=2&amp;maxPrice=&amp;showResultsPage=true&amp;langId=-1&amp;beginIndex=0&amp;sType=SimpleSearch&amp;metaData=&amp;browseView=true&amp;manufacturer=&amp;resultCatEntryType=&amp;catalogId=10576&amp;pageView=image&amp;facet=mfName_ntk_cs%253APraise&amp;minPrice=&amp;categoryId=25573&amp;storeId=10601","name":"Praise","count":"42","className":""},{"url":"http://shop.coles.com.au/online/SearchDisplay?searchTermScope=&amp;multiSearch=&amp;searchType=2&amp;maxPrice=&amp;showResultsPage=true&amp;langId=-1&amp;beginIndex=0&amp;sType=SimpleSearch&amp;metaData=&amp;browseView=true&amp;manufacturer=&amp;resultCatEntryType=&amp;catalogId=10576&amp;pageView=image&amp;facet=mfName_ntk_cs%253APrima%2BScelta&amp;minPrice=&amp;categoryId=25573&amp;storeId=10601","name":"Prima Scelta","count":"3","className":""},{"url":"http://shop.coles.com.au/online/SearchDisplay?searchTermScope=&amp;multiSearch=&amp;searchType=2&amp;maxPrice=&amp;showResultsPage=true&amp;langId=-1&amp;beginIndex=0&amp;sType=SimpleSearch&amp;metaData=&amp;browseView=true&amp;manufacturer=&amp;resultCatEntryType=&amp;catalogId=10576&amp;pageView=image&amp;facet=mfName_ntk_cs%253APringles&amp;minPrice=&amp;categoryId=25573&amp;storeId=10601","name":"Pringles","count":"6","className":""},{"url":"http://shop.coles.com.au/online/SearchDisplay?searchTermScope=&amp;multiSearch=&amp;searchType=2&amp;maxPrice=&amp;showResultsPage=true&amp;langId=-1&amp;beginIndex=0&amp;sType=SimpleSearch&amp;metaData=&amp;browseView=true&amp;manufacturer=&amp;resultCatEntryType=&amp;catalogId=10576&amp;pageView=image&amp;facet=mfName_ntk_cs%253APro%2BTrim&amp;minPrice=&amp;categoryId=25573&amp;storeId=10601","name":"Pro Trim","count":"2","className":""},{"url":"http://shop.coles.com.au/online/SearchDisplay?searchTermScope=&amp;multiSearch=&amp;searchType=2&amp;maxPrice=&amp;showResultsPage=true&amp;langId=-1&amp;beginIndex=0&amp;sType=SimpleSearch&amp;metaData=&amp;browseView=true&amp;manufacturer=&amp;resultCatEntryType=&amp;catalogId=10576&amp;pageView=image&amp;facet=mfName_ntk_cs%253AProTrim&amp;minPrice=&amp;categoryId=25573&amp;storeId=10601","name":"ProTrim","count":"5","className":""},{"url":"http://shop.coles.com.au/online/SearchDisplay?searchTermScope=&amp;multiSearch=&amp;searchType=2&amp;maxPrice=&amp;showResultsPage=true&amp;langId=-1&amp;beginIndex=0&amp;sType=SimpleSearch&amp;metaData=&amp;browseView=true&amp;manufacturer=&amp;resultCatEntryType=&amp;catalogId=10576&amp;pageView=image&amp;facet=mfName_ntk_cs%253AProchef&amp;minPrice=&amp;categoryId=25573&amp;storeId=10601","name":"Prochef","count":"5","className":""},{"url":"http://shop.coles.com.au/online/SearchDisplay?searchTermScope=&amp;multiSearch=&amp;searchType=2&amp;maxPrice=&amp;showResultsPage=true&amp;langId=-1&amp;beginIndex=0&amp;sType=SimpleSearch&amp;metaData=&amp;browseView=true&amp;manufacturer=&amp;resultCatEntryType=&amp;catalogId=10576&amp;pageView=image&amp;facet=mfName_ntk_cs%253APure%2BOrganic%2BBar&amp;minPrice=&amp;categoryId=25573&amp;storeId=10601","name":"Pure Organic Bar","count":"3","className":""},{"url":"http://shop.coles.com.au/online/SearchDisplay?searchTermScope=&amp;multiSearch=&amp;searchType=2&amp;maxPrice=&amp;showResultsPage=true&amp;langId=-1&amp;beginIndex=0&amp;sType=SimpleSearch&amp;metaData=&amp;browseView=true&amp;manufacturer=&amp;resultCatEntryType=&amp;catalogId=10576&amp;pageView=image&amp;facet=mfName_ntk_cs%253APuregg&amp;minPrice=&amp;categoryId=25573&amp;storeId=10601","name":"Puregg","count":"2","className":""},{"url":"http://shop.coles.com.au/online/SearchDisplay?searchTermScope=&amp;multiSearch=&amp;searchType=2&amp;maxPrice=&amp;showResultsPage=true&amp;langId=-1&amp;beginIndex=0&amp;sType=SimpleSearch&amp;metaData=&amp;browseView=true&amp;manufacturer=&amp;resultCatEntryType=&amp;catalogId=10576&amp;pageView=image&amp;facet=mfName_ntk_cs%253APureharvest&amp;minPrice=&amp;categoryId=25573&amp;storeId=10601","name":"Pureharvest","count":"6","className":""},{"url":"http://shop.coles.com.au/online/SearchDisplay?searchTermScope=&amp;multiSearch=&amp;searchType=2&amp;maxPrice=&amp;showResultsPage=true&amp;langId=-1&amp;beginIndex=0&amp;sType=SimpleSearch&amp;metaData=&amp;browseView=true&amp;manufacturer=&amp;resultCatEntryType=&amp;catalogId=10576&amp;pageView=image&amp;facet=mfName_ntk_cs%253APush%2BPop&amp;minPrice=&amp;categoryId=25573&amp;storeId=10601","name":"Push Pop","count":"1","className":""},{"url":"http://shop.coles.com.au/online/SearchDisplay?searchTermScope=&amp;multiSearch=&amp;searchType=2&amp;maxPrice=&amp;showResultsPage=true&amp;langId=-1&amp;beginIndex=0&amp;sType=SimpleSearch&amp;metaData=&amp;browseView=true&amp;manufacturer=&amp;resultCatEntryType=&amp;catalogId=10576&amp;pageView=image&amp;facet=mfName_ntk_cs%253AQueen&amp;minPrice=&amp;categoryId=25573&amp;storeId=10601","name":"Queen","count":"34","className":""},{"url":"http://shop.coles.com.au/online/SearchDisplay?searchTermScope=&amp;multiSearch=&amp;searchType=2&amp;maxPrice=&amp;showResultsPage=true&amp;langId=-1&amp;beginIndex=0&amp;sType=SimpleSearch&amp;metaData=&amp;browseView=true&amp;manufacturer=&amp;resultCatEntryType=&amp;catalogId=10576&amp;pageView=image&amp;facet=mfName_ntk_cs%253AQuick-Eze&amp;minPrice=&amp;categoryId=25573&amp;storeId=10601","name":"Quick-Eze","count":"2","className":""},{"url":"http://shop.coles.com.au/online/SearchDisplay?searchTermScope=&amp;multiSearch=&amp;searchType=2&amp;maxPrice=&amp;showResultsPage=true&amp;langId=-1&amp;beginIndex=0&amp;sType=SimpleSearch&amp;metaData=&amp;browseView=true&amp;manufacturer=&amp;resultCatEntryType=&amp;catalogId=10576&amp;pageView=image&amp;facet=mfName_ntk_cs%253ARW%2BGarcia&amp;minPrice=&amp;categoryId=25573&amp;storeId=10601","name":"RW Garcia","count":"3","className":""},{"url":"http://shop.coles.com.au/online/SearchDisplay?searchTermScope=&amp;multiSearch=&amp;searchType=2&amp;maxPrice=&amp;showResultsPage=true&amp;langId=-1&amp;beginIndex=0&amp;sType=SimpleSearch&amp;metaData=&amp;browseView=true&amp;manufacturer=&amp;resultCatEntryType=&amp;catalogId=10576&amp;pageView=image&amp;facet=mfName_ntk_cs%253ARafferty%2527s%2BGarden&amp;minPrice=&amp;categoryId=25573&amp;storeId=10601","name":"Rafferty&#039;s Garden","count":"4","className":""},{"url":"http://shop.coles.com.au/online/SearchDisplay?searchTermScope=&amp;multiSearch=&amp;searchType=2&amp;maxPrice=&amp;showResultsPage=true&amp;langId=-1&amp;beginIndex=0&amp;sType=SimpleSearch&amp;metaData=&amp;browseView=true&amp;manufacturer=&amp;resultCatEntryType=&amp;catalogId=10576&amp;pageView=image&amp;facet=mfName_ntk_cs%253ARaguletto&amp;minPrice=&amp;categoryId=25573&amp;storeId=10601","name":"Raguletto","count":"7","className":""},{"url":"http://shop.coles.com.au/online/SearchDisplay?searchTermScope=&amp;multiSearch=&amp;searchType=2&amp;maxPrice=&amp;showResultsPage=true&amp;langId=-1&amp;beginIndex=0&amp;sType=SimpleSearch&amp;metaData=&amp;browseView=true&amp;manufacturer=&amp;resultCatEntryType=&amp;catalogId=10576&amp;pageView=image&amp;facet=mfName_ntk_cs%253AReal%2BFoods&amp;minPrice=&amp;categoryId=25573&amp;storeId=10601","name":"Real Foods","count":"5","className":""},{"url":"http://shop.coles.com.au/online/SearchDisplay?searchTermScope=&amp;multiSearch=&amp;searchType=2&amp;maxPrice=&amp;showResultsPage=true&amp;langId=-1&amp;beginIndex=0&amp;sType=SimpleSearch&amp;metaData=&amp;browseView=true&amp;manufacturer=&amp;resultCatEntryType=&amp;catalogId=10576&amp;pageView=image&amp;facet=mfName_ntk_cs%253AReal%2BIce%2BTea%2BCompany&amp;minPrice=&amp;categoryId=25573&amp;storeId=10601","name":"Real Ice Tea Company","count":"2","className":""},{"url":"http://shop.coles.com.au/online/SearchDisplay?searchTermScope=&amp;multiSearch=&amp;searchType=2&amp;maxPrice=&amp;showResultsPage=true&amp;langId=-1&amp;beginIndex=0&amp;sType=SimpleSearch&amp;metaData=&amp;browseView=true&amp;manufacturer=&amp;resultCatEntryType=&amp;catalogId=10576&amp;pageView=image&amp;facet=mfName_ntk_cs%253ARed%2BAnt&amp;minPrice=&amp;categoryId=25573&amp;storeId=10601","name":"Red Ant","count":"1","className":""},{"url":"http://shop.coles.com.au/online/SearchDisplay?searchTermScope=&amp;multiSearch=&amp;searchType=2&amp;maxPrice=&amp;showResultsPage=true&amp;langId=-1&amp;beginIndex=0&amp;sType=SimpleSearch&amp;metaData=&amp;browseView=true&amp;manufacturer=&amp;resultCatEntryType=&amp;catalogId=10576&amp;pageView=image&amp;facet=mfName_ntk_cs%253ARed%2BIsland&amp;minPrice=&amp;categoryId=25573&amp;storeId=10601","name":"Red Island","count":"2","className":""},{"url":"http://shop.coles.com.au/online/SearchDisplay?searchTermScope=&amp;multiSearch=&amp;searchType=2&amp;maxPrice=&amp;showResultsPage=true&amp;langId=-1&amp;beginIndex=0&amp;sType=SimpleSearch&amp;metaData=&amp;browseView=true&amp;manufacturer=&amp;resultCatEntryType=&amp;catalogId=10576&amp;pageView=image&amp;facet=mfName_ntk_cs%253ARed%2BKelly%2527s&amp;minPrice=&amp;categoryId=25573&amp;storeId=10601","name":"Red Kelly&#039;s","count":"3","className":""},{"url":"http://shop.coles.com.au/online/SearchDisplay?searchTermScope=&amp;multiSearch=&amp;searchType=2&amp;maxPrice=&amp;showResultsPage=true&amp;langId=-1&amp;beginIndex=0&amp;sType=SimpleSearch&amp;metaData=&amp;browseView=true&amp;manufacturer=&amp;resultCatEntryType=&amp;catalogId=10576&amp;pageView=image&amp;facet=mfName_ntk_cs%253ARed%2BRock%2BDeli&amp;minPrice=&amp;categoryId=25573&amp;storeId=10601","name":"Red Rock Deli","count":"12","className":""},{"url":"http://shop.coles.com.au/online/SearchDisplay?searchTermScope=&amp;multiSearch=&amp;searchType=2&amp;maxPrice=&amp;showResultsPage=true&amp;langId=-1&amp;beginIndex=0&amp;sType=SimpleSearch&amp;metaData=&amp;browseView=true&amp;manufacturer=&amp;resultCatEntryType=&amp;catalogId=10576&amp;pageView=image&amp;facet=mfName_ntk_cs%253ARed%2BSeal&amp;minPrice=&amp;categoryId=25573&amp;storeId=10601","name":"Red Seal","count":"1","className":""},{"url":"http://shop.coles.com.au/online/SearchDisplay?searchTermScope=&amp;multiSearch=&amp;searchType=2&amp;maxPrice=&amp;showResultsPage=true&amp;langId=-1&amp;beginIndex=0&amp;sType=SimpleSearch&amp;metaData=&amp;browseView=true&amp;manufacturer=&amp;resultCatEntryType=&amp;catalogId=10576&amp;pageView=image&amp;facet=mfName_ntk_cs%253ARed%2BTractor&amp;minPrice=&amp;categoryId=25573&amp;storeId=10601","name":"Red Tractor","count":"9","className":""},{"url":"http://shop.coles.com.au/online/SearchDisplay?searchTermScope=&amp;multiSearch=&amp;searchType=2&amp;maxPrice=&amp;showResultsPage=true&amp;langId=-1&amp;beginIndex=0&amp;sType=SimpleSearch&amp;metaData=&amp;browseView=true&amp;manufacturer=&amp;resultCatEntryType=&amp;catalogId=10576&amp;pageView=image&amp;facet=mfName_ntk_cs%253ARed%2BTulip&amp;minPrice=&amp;categoryId=25573&amp;storeId=10601","name":"Red Tulip","count":"1","className":""},{"url":"http://shop.coles.com.au/online/SearchDisplay?searchTermScope=&amp;multiSearch=&amp;searchType=2&amp;maxPrice=&amp;showResultsPage=true&amp;langId=-1&amp;beginIndex=0&amp;sType=SimpleSearch&amp;metaData=&amp;browseView=true&amp;manufacturer=&amp;resultCatEntryType=&amp;catalogId=10576&amp;pageView=image&amp;facet=mfName_ntk_cs%253ARepublica&amp;minPrice=&amp;categoryId=25573&amp;storeId=10601","name":"Republica","count":"7","className":""},{"url":"http://shop.coles.com.au/online/SearchDisplay?searchTermScope=&amp;multiSearch=&amp;searchType=2&amp;maxPrice=&amp;showResultsPage=true&amp;langId=-1&amp;beginIndex=0&amp;sType=SimpleSearch&amp;metaData=&amp;browseView=true&amp;manufacturer=&amp;resultCatEntryType=&amp;catalogId=10576&amp;pageView=image&amp;facet=mfName_ntk_cs%253ARhodes&amp;minPrice=&amp;categoryId=25573&amp;storeId=10601","name":"Rhodes","count":"4","className":""},{"url":"http://shop.coles.com.au/online/SearchDisplay?searchTermScope=&amp;multiSearch=&amp;searchType=2&amp;maxPrice=&amp;showResultsPage=true&amp;langId=-1&amp;beginIndex=0&amp;sType=SimpleSearch&amp;metaData=&amp;browseView=true&amp;manufacturer=&amp;resultCatEntryType=&amp;catalogId=10576&amp;pageView=image&amp;facet=mfName_ntk_cs%253ARhythm&amp;minPrice=&amp;categoryId=25573&amp;storeId=10601","name":"Rhythm","count":"1","className":""},{"url":"http://shop.coles.com.au/online/SearchDisplay?searchTermScope=&amp;multiSearch=&amp;searchType=2&amp;maxPrice=&amp;showResultsPage=true&amp;langId=-1&amp;beginIndex=0&amp;sType=SimpleSearch&amp;metaData=&amp;browseView=true&amp;manufacturer=&amp;resultCatEntryType=&amp;catalogId=10576&amp;pageView=image&amp;facet=mfName_ntk_cs%253ARiccis%2BBikkies&amp;minPrice=&amp;categoryId=25573&amp;storeId=10601","name":"Riccis Bikkies","count":"2","className":""},{"url":"http://shop.coles.com.au/online/SearchDisplay?searchTermScope=&amp;multiSearch=&amp;searchType=2&amp;maxPrice=&amp;showResultsPage=true&amp;langId=-1&amp;beginIndex=0&amp;sType=SimpleSearch&amp;metaData=&amp;browseView=true&amp;manufacturer=&amp;resultCatEntryType=&amp;catalogId=10576&amp;pageView=image&amp;facet=mfName_ntk_cs%253ARice%2BA%2BRiso&amp;minPrice=&amp;categoryId=25573&amp;storeId=10601","name":"Rice A Riso","count":"1","className":""},{"url":"http://shop.coles.com.au/online/SearchDisplay?searchTermScope=&amp;multiSearch=&amp;searchType=2&amp;maxPrice=&amp;showResultsPage=true&amp;langId=-1&amp;beginIndex=0&amp;sType=SimpleSearch&amp;metaData=&amp;browseView=true&amp;manufacturer=&amp;resultCatEntryType=&amp;catalogId=10576&amp;pageView=image&amp;facet=mfName_ntk_cs%253ARice-A-Riso&amp;minPrice=&amp;categoryId=25573&amp;storeId=10601","name":"Rice-A-Riso","count":"1","className":""},{"url":"http://shop.coles.com.au/online/SearchDisplay?searchTermScope=&amp;multiSearch=&amp;searchType=2&amp;maxPrice=&amp;showResultsPage=true&amp;langId=-1&amp;beginIndex=0&amp;sType=SimpleSearch&amp;metaData=&amp;browseView=true&amp;manufacturer=&amp;resultCatEntryType=&amp;catalogId=10576&amp;pageView=image&amp;facet=mfName_ntk_cs%253ARiverside%2BAustralian&amp;minPrice=&amp;categoryId=25573&amp;storeId=10601","name":"Riverside Australian","count":"3","className":""},{"url":"http://shop.coles.com.au/online/SearchDisplay?searchTermScope=&amp;multiSearch=&amp;searchType=2&amp;maxPrice=&amp;showResultsPage=true&amp;langId=-1&amp;beginIndex=0&amp;sType=SimpleSearch&amp;metaData=&amp;browseView=true&amp;manufacturer=&amp;resultCatEntryType=&amp;catalogId=10576&amp;pageView=image&amp;facet=mfName_ntk_cs%253ARiviana&amp;minPrice=&amp;categoryId=25573&amp;storeId=10601","name":"Riviana","count":"5","className":""},{"url":"http://shop.coles.com.au/online/SearchDisplay?searchTermScope=&amp;multiSearch=&amp;searchType=2&amp;maxPrice=&amp;showResultsPage=true&amp;langId=-1&amp;beginIndex=0&amp;sType=SimpleSearch&amp;metaData=&amp;browseView=true&amp;manufacturer=&amp;resultCatEntryType=&amp;catalogId=10576&amp;pageView=image&amp;facet=mfName_ntk_cs%253ARobern&amp;minPrice=&amp;categoryId=25573&amp;storeId=10601","name":"Robern","count":"3","className":""},{"url":"http://shop.coles.com.au/online/SearchDisplay?searchTermScope=&amp;multiSearch=&amp;searchType=2&amp;maxPrice=&amp;showResultsPage=true&amp;langId=-1&amp;beginIndex=0&amp;sType=SimpleSearch&amp;metaData=&amp;browseView=true&amp;manufacturer=&amp;resultCatEntryType=&amp;catalogId=10576&amp;pageView=image&amp;facet=mfName_ntk_cs%253ARobern%2BMenz&amp;minPrice=&amp;categoryId=25573&amp;storeId=10601","name":"Robern Menz","count":"3","className":""},{"url":"http://shop.coles.com.au/online/SearchDisplay?searchTermScope=&amp;multiSearch=&amp;searchType=2&amp;maxPrice=&amp;showResultsPage=true&amp;langId=-1&amp;beginIndex=0&amp;sType=SimpleSearch&amp;metaData=&amp;browseView=true&amp;manufacturer=&amp;resultCatEntryType=&amp;catalogId=10576&amp;pageView=image&amp;facet=mfName_ntk_cs%253ARobert%2BTimms&amp;minPrice=&amp;categoryId=25573&amp;storeId=10601","name":"Robert Timms","count":"9","className":""},{"url":"http://shop.coles.com.au/online/SearchDisplay?searchTermScope=&amp;multiSearch=&amp;searchType=2&amp;maxPrice=&amp;showResultsPage=true&amp;langId=-1&amp;beginIndex=0&amp;sType=SimpleSearch&amp;metaData=&amp;browseView=true&amp;manufacturer=&amp;resultCatEntryType=&amp;catalogId=10576&amp;pageView=image&amp;facet=mfName_ntk_cs%253ARobertsons&amp;minPrice=&amp;categoryId=25573&amp;storeId=10601","name":"Robertsons","count":"1","className":""},{"url":"http://shop.coles.com.au/online/SearchDisplay?searchTermScope=&amp;multiSearch=&amp;searchType=2&amp;maxPrice=&amp;showResultsPage=true&amp;langId=-1&amp;beginIndex=0&amp;sType=SimpleSearch&amp;metaData=&amp;browseView=true&amp;manufacturer=&amp;resultCatEntryType=&amp;catalogId=10576&amp;pageView=image&amp;facet=mfName_ntk_cs%253ARobs%2BPure%2BLife&amp;minPrice=&amp;categoryId=25573&amp;storeId=10601","name":"Robs Pure Life","count":"2","className":""},{"url":"http://shop.coles.com.au/online/SearchDisplay?searchTermScope=&amp;multiSearch=&amp;searchType=2&amp;maxPrice=&amp;showResultsPage=true&amp;langId=-1&amp;beginIndex=0&amp;sType=SimpleSearch&amp;metaData=&amp;browseView=true&amp;manufacturer=&amp;resultCatEntryType=&amp;catalogId=10576&amp;pageView=image&amp;facet=mfName_ntk_cs%253ARomanella&amp;minPrice=&amp;categoryId=25573&amp;storeId=10601","name":"Romanella","count":"1","className":""},{"url":"http://shop.coles.com.au/online/SearchDisplay?searchTermScope=&amp;multiSearch=&amp;searchType=2&amp;maxPrice=&amp;showResultsPage=true&amp;langId=-1&amp;beginIndex=0&amp;sType=SimpleSearch&amp;metaData=&amp;browseView=true&amp;manufacturer=&amp;resultCatEntryType=&amp;catalogId=10576&amp;pageView=image&amp;facet=mfName_ntk_cs%253ARose%2527s&amp;minPrice=&amp;categoryId=25573&amp;storeId=10601","name":"Rose&#039;s","count":"6","className":""},{"url":"http://shop.coles.com.au/online/SearchDisplay?searchTermScope=&amp;multiSearch=&amp;searchType=2&amp;maxPrice=&amp;showResultsPage=true&amp;langId=-1&amp;beginIndex=0&amp;sType=SimpleSearch&amp;metaData=&amp;browseView=true&amp;manufacturer=&amp;resultCatEntryType=&amp;catalogId=10576&amp;pageView=image&amp;facet=mfName_ntk_cs%253ARosella&amp;minPrice=&amp;categoryId=25573&amp;storeId=10601","name":"Rosella","count":"10","className":""},{"url":"http://shop.coles.com.au/online/SearchDisplay?searchTermScope=&amp;multiSearch=&amp;searchType=2&amp;maxPrice=&amp;showResultsPage=true&amp;langId=-1&amp;beginIndex=0&amp;sType=SimpleSearch&amp;metaData=&amp;browseView=true&amp;manufacturer=&amp;resultCatEntryType=&amp;catalogId=10576&amp;pageView=image&amp;facet=mfName_ntk_cs%253ARowntree&amp;minPrice=&amp;categoryId=25573&amp;storeId=10601","name":"Rowntree","count":"1","className":""},{"url":"http://shop.coles.com.au/online/SearchDisplay?searchTermScope=&amp;multiSearch=&amp;searchType=2&amp;maxPrice=&amp;showResultsPage=true&amp;langId=-1&amp;beginIndex=0&amp;sType=SimpleSearch&amp;metaData=&amp;browseView=true&amp;manufacturer=&amp;resultCatEntryType=&amp;catalogId=10576&amp;pageView=image&amp;facet=mfName_ntk_cs%253ARoyal%2BFields&amp;minPrice=&amp;categoryId=25573&amp;storeId=10601","name":"Royal Fields","count":"6","className":""},{"url":"http://shop.coles.com.au/online/SearchDisplay?searchTermScope=&amp;multiSearch=&amp;searchType=2&amp;maxPrice=&amp;showResultsPage=true&amp;langId=-1&amp;beginIndex=0&amp;sType=SimpleSearch&amp;metaData=&amp;browseView=true&amp;manufacturer=&amp;resultCatEntryType=&amp;catalogId=10576&amp;pageView=image&amp;facet=mfName_ntk_cs%253ARyvita&amp;minPrice=&amp;categoryId=25573&amp;storeId=10601","name":"Ryvita","count":"2","className":""},{"url":"http://shop.coles.com.au/online/SearchDisplay?searchTermScope=&amp;multiSearch=&amp;searchType=2&amp;maxPrice=&amp;showResultsPage=true&amp;langId=-1&amp;beginIndex=0&amp;sType=SimpleSearch&amp;metaData=&amp;browseView=true&amp;manufacturer=&amp;resultCatEntryType=&amp;catalogId=10576&amp;pageView=image&amp;facet=mfName_ntk_cs%253AS%2B%2526%2BB&amp;minPrice=&amp;categoryId=25573&amp;storeId=10601","name":"S &amp; B","count":"4","className":""},{"url":"http://shop.coles.com.au/online/SearchDisplay?searchTermScope=&amp;multiSearch=&amp;searchType=2&amp;maxPrice=&amp;showResultsPage=true&amp;langId=-1&amp;beginIndex=0&amp;sType=SimpleSearch&amp;metaData=&amp;browseView=true&amp;manufacturer=&amp;resultCatEntryType=&amp;catalogId=10576&amp;pageView=image&amp;facet=mfName_ntk_cs%253AS%2B%2526%2BW&amp;minPrice=&amp;categoryId=25573&amp;storeId=10601","name":"S &amp; W","count":"5","className":""},{"url":"http://shop.coles.com.au/online/SearchDisplay?searchTermScope=&amp;multiSearch=&amp;searchType=2&amp;maxPrice=&amp;showResultsPage=true&amp;langId=-1&amp;beginIndex=0&amp;sType=SimpleSearch&amp;metaData=&amp;browseView=true&amp;manufacturer=&amp;resultCatEntryType=&amp;catalogId=10576&amp;pageView=image&amp;facet=mfName_ntk_cs%253ASPC&amp;minPrice=&amp;categoryId=25573&amp;storeId=10601","name":"SPC","count":"35","className":""},{"url":"http://shop.coles.com.au/online/SearchDisplay?searchTermScope=&amp;multiSearch=&amp;searchType=2&amp;maxPrice=&amp;showResultsPage=true&amp;langId=-1&amp;beginIndex=0&amp;sType=SimpleSearch&amp;metaData=&amp;browseView=true&amp;manufacturer=&amp;resultCatEntryType=&amp;catalogId=10576&amp;pageView=image&amp;facet=mfName_ntk_cs%253ASacla&amp;minPrice=&amp;categoryId=25573&amp;storeId=10601","name":"Sacla","count":"7","className":""},{"url":"http://shop.coles.com.au/online/SearchDisplay?searchTermScope=&amp;multiSearch=&amp;searchType=2&amp;maxPrice=&amp;showResultsPage=true&amp;langId=-1&amp;beginIndex=0&amp;sType=SimpleSearch&amp;metaData=&amp;browseView=true&amp;manufacturer=&amp;resultCatEntryType=&amp;catalogId=10576&amp;pageView=image&amp;facet=mfName_ntk_cs%253ASafcol&amp;minPrice=&amp;categoryId=25573&amp;storeId=10601","name":"Safcol","count":"5","className":""},{"url":"http://shop.coles.com.au/online/SearchDisplay?searchTermScope=&amp;multiSearch=&amp;searchType=2&amp;maxPrice=&amp;showResultsPage=true&amp;langId=-1&amp;beginIndex=0&amp;sType=SimpleSearch&amp;metaData=&amp;browseView=true&amp;manufacturer=&amp;resultCatEntryType=&amp;catalogId=10576&amp;pageView=image&amp;facet=mfName_ntk_cs%253ASakata&amp;minPrice=&amp;categoryId=25573&amp;storeId=10601","name":"Sakata","count":"9","className":""},{"url":"http://shop.coles.com.au/online/SearchDisplay?searchTermScope=&amp;multiSearch=&amp;searchType=2&amp;maxPrice=&amp;showResultsPage=true&amp;langId=-1&amp;beginIndex=0&amp;sType=SimpleSearch&amp;metaData=&amp;browseView=true&amp;manufacturer=&amp;resultCatEntryType=&amp;catalogId=10576&amp;pageView=image&amp;facet=mfName_ntk_cs%253ASamboy&amp;minPrice=&amp;categoryId=25573&amp;storeId=10601","name":"Samboy","count":"1","className":""},{"url":"http://shop.coles.com.au/online/SearchDisplay?searchTermScope=&amp;multiSearch=&amp;searchType=2&amp;maxPrice=&amp;showResultsPage=true&amp;langId=-1&amp;beginIndex=0&amp;sType=SimpleSearch&amp;metaData=&amp;browseView=true&amp;manufacturer=&amp;resultCatEntryType=&amp;catalogId=10576&amp;pageView=image&amp;facet=mfName_ntk_cs%253ASan%2BRemo&amp;minPrice=&amp;categoryId=25573&amp;storeId=10601","name":"San Remo","count":"73","className":""},{"url":"http://shop.coles.com.au/online/SearchDisplay?searchTermScope=&amp;multiSearch=&amp;searchType=2&amp;maxPrice=&amp;showResultsPage=true&amp;langId=-1&amp;beginIndex=0&amp;sType=SimpleSearch&amp;metaData=&amp;browseView=true&amp;manufacturer=&amp;resultCatEntryType=&amp;catalogId=10576&amp;pageView=image&amp;facet=mfName_ntk_cs%253ASandhurst&amp;minPrice=&amp;categoryId=25573&amp;storeId=10601","name":"Sandhurst","count":"14","className":""},{"url":"http://shop.coles.com.au/online/SearchDisplay?searchTermScope=&amp;multiSearch=&amp;searchType=2&amp;maxPrice=&amp;showResultsPage=true&amp;langId=-1&amp;beginIndex=0&amp;sType=SimpleSearch&amp;metaData=&amp;browseView=true&amp;manufacturer=&amp;resultCatEntryType=&amp;catalogId=10576&amp;pageView=image&amp;facet=mfName_ntk_cs%253ASanitarium&amp;minPrice=&amp;categoryId=25573&amp;storeId=10601","name":"Sanitarium","count":"56","className":""},{"url":"http://shop.coles.com.au/online/SearchDisplay?searchTermScope=&amp;multiSearch=&amp;searchType=2&amp;maxPrice=&amp;showResultsPage=true&amp;langId=-1&amp;beginIndex=0&amp;sType=SimpleSearch&amp;metaData=&amp;browseView=true&amp;manufacturer=&amp;resultCatEntryType=&amp;catalogId=10576&amp;pageView=image&amp;facet=mfName_ntk_cs%253ASaunders&amp;minPrice=&amp;categoryId=25573&amp;storeId=10601","name":"Saunders","count":"1","className":""},{"url":"http://shop.coles.com.au/online/SearchDisplay?searchTermScope=&amp;multiSearch=&amp;searchType=2&amp;maxPrice=&amp;showResultsPage=true&amp;langId=-1&amp;beginIndex=0&amp;sType=SimpleSearch&amp;metaData=&amp;browseView=true&amp;manufacturer=&amp;resultCatEntryType=&amp;catalogId=10576&amp;pageView=image&amp;facet=mfName_ntk_cs%253ASaxa&amp;minPrice=&amp;categoryId=25573&amp;storeId=10601","name":"Saxa","count":"22","className":""},{"url":"http://shop.coles.com.au/online/SearchDisplay?searchTermScope=&amp;multiSearch=&amp;searchType=2&amp;maxPrice=&amp;showResultsPage=true&amp;langId=-1&amp;beginIndex=0&amp;sType=SimpleSearch&amp;metaData=&amp;browseView=true&amp;manufacturer=&amp;resultCatEntryType=&amp;catalogId=10576&amp;pageView=image&amp;facet=mfName_ntk_cs%253ASempio&amp;minPrice=&amp;categoryId=25573&amp;storeId=10601","name":"Sempio","count":"3","className":""},{"url":"http://shop.coles.com.au/online/SearchDisplay?searchTermScope=&amp;multiSearch=&amp;searchType=2&amp;maxPrice=&amp;showResultsPage=true&amp;langId=-1&amp;beginIndex=0&amp;sType=SimpleSearch&amp;metaData=&amp;browseView=true&amp;manufacturer=&amp;resultCatEntryType=&amp;catalogId=10576&amp;pageView=image&amp;facet=mfName_ntk_cs%253ASeven%2BSundays&amp;minPrice=&amp;categoryId=25573&amp;storeId=10601","name":"Seven Sundays","count":"4","className":""},{"url":"http://shop.coles.com.au/online/SearchDisplay?searchTermScope=&amp;multiSearch=&amp;searchType=2&amp;maxPrice=&amp;showResultsPage=true&amp;langId=-1&amp;beginIndex=0&amp;sType=SimpleSearch&amp;metaData=&amp;browseView=true&amp;manufacturer=&amp;resultCatEntryType=&amp;catalogId=10576&amp;pageView=image&amp;facet=mfName_ntk_cs%253ASharwood%2527s&amp;minPrice=&amp;categoryId=25573&amp;storeId=10601","name":"Sharwood&#039;s","count":"6","className":""},{"url":"http://shop.coles.com.au/online/SearchDisplay?searchTermScope=&amp;multiSearch=&amp;searchType=2&amp;maxPrice=&amp;showResultsPage=true&amp;langId=-1&amp;beginIndex=0&amp;sType=SimpleSearch&amp;metaData=&amp;browseView=true&amp;manufacturer=&amp;resultCatEntryType=&amp;catalogId=10576&amp;pageView=image&amp;facet=mfName_ntk_cs%253ASimply%2B7&amp;minPrice=&amp;categoryId=25573&amp;storeId=10601","name":"Simply 7","count":"2","className":""},{"url":"http://shop.coles.com.au/online/SearchDisplay?searchTermScope=&amp;multiSearch=&amp;searchType=2&amp;maxPrice=&amp;showResultsPage=true&amp;langId=-1&amp;beginIndex=0&amp;sType=SimpleSearch&amp;metaData=&amp;browseView=true&amp;manufacturer=&amp;resultCatEntryType=&amp;catalogId=10576&amp;pageView=image&amp;facet=mfName_ntk_cs%253ASimply%2BWize&amp;minPrice=&amp;categoryId=25573&amp;storeId=10601","name":"Simply Wize","count":"4","className":""},{"url":"http://shop.coles.com.au/online/SearchDisplay?searchTermScope=&amp;multiSearch=&amp;searchType=2&amp;maxPrice=&amp;showResultsPage=true&amp;langId=-1&amp;beginIndex=0&amp;sType=SimpleSearch&amp;metaData=&amp;browseView=true&amp;manufacturer=&amp;resultCatEntryType=&amp;catalogId=10576&amp;pageView=image&amp;facet=mfName_ntk_cs%253ASimsek&amp;minPrice=&amp;categoryId=25573&amp;storeId=10601","name":"Simsek","count":"1","className":""},{"url":"http://shop.coles.com.au/online/SearchDisplay?searchTermScope=&amp;multiSearch=&amp;searchType=2&amp;maxPrice=&amp;showResultsPage=true&amp;langId=-1&amp;beginIndex=0&amp;sType=SimpleSearch&amp;metaData=&amp;browseView=true&amp;manufacturer=&amp;resultCatEntryType=&amp;catalogId=10576&amp;pageView=image&amp;facet=mfName_ntk_cs%253ASinga-me&amp;minPrice=&amp;categoryId=25573&amp;storeId=10601","name":"Singa-me","count":"4","className":""},{"url":"http://shop.coles.com.au/online/SearchDisplay?searchTermScope=&amp;multiSearch=&amp;searchType=2&amp;maxPrice=&amp;showResultsPage=true&amp;langId=-1&amp;beginIndex=0&amp;sType=SimpleSearch&amp;metaData=&amp;browseView=true&amp;manufacturer=&amp;resultCatEntryType=&amp;catalogId=10576&amp;pageView=image&amp;facet=mfName_ntk_cs%253ASirena&amp;minPrice=&amp;categoryId=25573&amp;storeId=10601","name":"Sirena","count":"29","className":""},{"url":"http://shop.coles.com.au/online/SearchDisplay?searchTermScope=&amp;multiSearch=&amp;searchType=2&amp;maxPrice=&amp;showResultsPage=true&amp;langId=-1&amp;beginIndex=0&amp;sType=SimpleSearch&amp;metaData=&amp;browseView=true&amp;manufacturer=&amp;resultCatEntryType=&amp;catalogId=10576&amp;pageView=image&amp;facet=mfName_ntk_cs%253ASkittles&amp;minPrice=&amp;categoryId=25573&amp;storeId=10601","name":"Skittles","count":"5","className":""},{"url":"http://shop.coles.com.au/online/SearchDisplay?searchTermScope=&amp;multiSearch=&amp;searchType=2&amp;maxPrice=&amp;showResultsPage=true&amp;langId=-1&amp;beginIndex=0&amp;sType=SimpleSearch&amp;metaData=&amp;browseView=true&amp;manufacturer=&amp;resultCatEntryType=&amp;catalogId=10576&amp;pageView=image&amp;facet=mfName_ntk_cs%253ASlendier&amp;minPrice=&amp;categoryId=25573&amp;storeId=10601","name":"Slendier","count":"5","className":""},{"url":"http://shop.coles.com.au/online/SearchDisplay?searchTermScope=&amp;multiSearch=&amp;searchType=2&amp;maxPrice=&amp;showResultsPage=true&amp;langId=-1&amp;beginIndex=0&amp;sType=SimpleSearch&amp;metaData=&amp;browseView=true&amp;manufacturer=&amp;resultCatEntryType=&amp;catalogId=10576&amp;pageView=image&amp;facet=mfName_ntk_cs%253ASlim%2BSecrets&amp;minPrice=&amp;categoryId=25573&amp;storeId=10601","name":"Slim Secrets","count":"2","className":""},{"url":"http://shop.coles.com.au/online/SearchDisplay?searchTermScope=&amp;multiSearch=&amp;searchType=2&amp;maxPrice=&amp;showResultsPage=true&amp;langId=-1&amp;beginIndex=0&amp;sType=SimpleSearch&amp;metaData=&amp;browseView=true&amp;manufacturer=&amp;resultCatEntryType=&amp;catalogId=10576&amp;pageView=image&amp;facet=mfName_ntk_cs%253ASmith%2527s&amp;minPrice=&amp;categoryId=25573&amp;storeId=10601","name":"Smith&#039;s","count":"31","className":""},{"url":"http://shop.coles.com.au/online/SearchDisplay?searchTermScope=&amp;multiSearch=&amp;searchType=2&amp;maxPrice=&amp;showResultsPage=true&amp;langId=-1&amp;beginIndex=0&amp;sType=SimpleSearch&amp;metaData=&amp;browseView=true&amp;manufacturer=&amp;resultCatEntryType=&amp;catalogId=10576&amp;pageView=image&amp;facet=mfName_ntk_cs%253ASmiths&amp;minPrice=&amp;categoryId=25573&amp;storeId=10601","name":"Smiths","count":"7","className":""},{"url":"http://shop.coles.com.au/online/SearchDisplay?searchTermScope=&amp;multiSearch=&amp;searchType=2&amp;maxPrice=&amp;showResultsPage=true&amp;langId=-1&amp;beginIndex=0&amp;sType=SimpleSearch&amp;metaData=&amp;browseView=true&amp;manufacturer=&amp;resultCatEntryType=&amp;catalogId=10576&amp;pageView=image&amp;facet=mfName_ntk_cs%253ASnapple&amp;minPrice=&amp;categoryId=25573&amp;storeId=10601","name":"Snapple","count":"3","className":""},{"url":"http://shop.coles.com.au/online/SearchDisplay?searchTermScope=&amp;multiSearch=&amp;searchType=2&amp;maxPrice=&amp;showResultsPage=true&amp;langId=-1&amp;beginIndex=0&amp;sType=SimpleSearch&amp;metaData=&amp;browseView=true&amp;manufacturer=&amp;resultCatEntryType=&amp;catalogId=10576&amp;pageView=image&amp;facet=mfName_ntk_cs%253ASnappy&amp;minPrice=&amp;categoryId=25573&amp;storeId=10601","name":"Snappy","count":"2","className":""},{"url":"http://shop.coles.com.au/online/SearchDisplay?searchTermScope=&amp;multiSearch=&amp;searchType=2&amp;maxPrice=&amp;showResultsPage=true&amp;langId=-1&amp;beginIndex=0&amp;sType=SimpleSearch&amp;metaData=&amp;browseView=true&amp;manufacturer=&amp;resultCatEntryType=&amp;catalogId=10576&amp;pageView=image&amp;facet=mfName_ntk_cs%253ASnickers&amp;minPrice=&amp;categoryId=25573&amp;storeId=10601","name":"Snickers","count":"3","className":""},{"url":"http://shop.coles.com.au/online/SearchDisplay?searchTermScope=&amp;multiSearch=&amp;searchType=2&amp;maxPrice=&amp;showResultsPage=true&amp;langId=-1&amp;beginIndex=0&amp;sType=SimpleSearch&amp;metaData=&amp;browseView=true&amp;manufacturer=&amp;resultCatEntryType=&amp;catalogId=10576&amp;pageView=image&amp;facet=mfName_ntk_cs%253ASoletti&amp;minPrice=&amp;categoryId=25573&amp;storeId=10601","name":"Soletti","count":"2","className":""},{"url":"http://shop.coles.com.au/online/SearchDisplay?searchTermScope=&amp;multiSearch=&amp;searchType=2&amp;maxPrice=&amp;showResultsPage=true&amp;langId=-1&amp;beginIndex=0&amp;sType=SimpleSearch&amp;metaData=&amp;browseView=true&amp;manufacturer=&amp;resultCatEntryType=&amp;catalogId=10576&amp;pageView=image&amp;facet=mfName_ntk_cs%253ASoothers&amp;minPrice=&amp;categoryId=25573&amp;storeId=10601","name":"Soothers","count":"6","className":""},{"url":"http://shop.coles.com.au/online/SearchDisplay?searchTermScope=&amp;multiSearch=&amp;searchType=2&amp;maxPrice=&amp;showResultsPage=true&amp;langId=-1&amp;beginIndex=0&amp;sType=SimpleSearch&amp;metaData=&amp;browseView=true&amp;manufacturer=&amp;resultCatEntryType=&amp;catalogId=10576&amp;pageView=image&amp;facet=mfName_ntk_cs%253ASostanza&amp;minPrice=&amp;categoryId=25573&amp;storeId=10601","name":"Sostanza","count":"2","className":""},{"url":"http://shop.coles.com.au/online/SearchDisplay?searchTermScope=&amp;multiSearch=&amp;searchType=2&amp;maxPrice=&amp;showResultsPage=true&amp;langId=-1&amp;beginIndex=0&amp;sType=SimpleSearch&amp;metaData=&amp;browseView=true&amp;manufacturer=&amp;resultCatEntryType=&amp;catalogId=10576&amp;pageView=image&amp;facet=mfName_ntk_cs%253ASour%2BPatch&amp;minPrice=&amp;categoryId=25573&amp;storeId=10601","name":"Sour Patch","count":"1","className":""},{"url":"http://shop.coles.com.au/online/SearchDisplay?searchTermScope=&amp;multiSearch=&amp;searchType=2&amp;maxPrice=&amp;showResultsPage=true&amp;langId=-1&amp;beginIndex=0&amp;sType=SimpleSearch&amp;metaData=&amp;browseView=true&amp;manufacturer=&amp;resultCatEntryType=&amp;catalogId=10576&amp;pageView=image&amp;facet=mfName_ntk_cs%253ASpam&amp;minPrice=&amp;categoryId=25573&amp;storeId=10601","name":"Spam","count":"8","className":""},{"url":"http://shop.coles.com.au/online/SearchDisplay?searchTermScope=&amp;multiSearch=&amp;searchType=2&amp;maxPrice=&amp;showResultsPage=true&amp;langId=-1&amp;beginIndex=0&amp;sType=SimpleSearch&amp;metaData=&amp;browseView=true&amp;manufacturer=&amp;resultCatEntryType=&amp;catalogId=10576&amp;pageView=image&amp;facet=mfName_ntk_cs%253ASpencers&amp;minPrice=&amp;categoryId=25573&amp;storeId=10601","name":"Spencers","count":"3","className":""},{"url":"http://shop.coles.com.au/online/SearchDisplay?searchTermScope=&amp;multiSearch=&amp;searchType=2&amp;maxPrice=&amp;showResultsPage=true&amp;langId=-1&amp;beginIndex=0&amp;sType=SimpleSearch&amp;metaData=&amp;browseView=true&amp;manufacturer=&amp;resultCatEntryType=&amp;catalogId=10576&amp;pageView=image&amp;facet=mfName_ntk_cs%253ASplenda&amp;minPrice=&amp;categoryId=25573&amp;storeId=10601","name":"Splenda","count":"3","className":""},{"url":"http://shop.coles.com.au/online/SearchDisplay?searchTermScope=&amp;multiSearch=&amp;searchType=2&amp;maxPrice=&amp;showResultsPage=true&amp;langId=-1&amp;beginIndex=0&amp;sType=SimpleSearch&amp;metaData=&amp;browseView=true&amp;manufacturer=&amp;resultCatEntryType=&amp;catalogId=10576&amp;pageView=image&amp;facet=mfName_ntk_cs%253ASpring%2BGully&amp;minPrice=&amp;categoryId=25573&amp;storeId=10601","name":"Spring Gully","count":"2","className":""},{"url":"http://shop.coles.com.au/online/SearchDisplay?searchTermScope=&amp;multiSearch=&amp;searchType=2&amp;maxPrice=&amp;showResultsPage=true&amp;langId=-1&amp;beginIndex=0&amp;sType=SimpleSearch&amp;metaData=&amp;browseView=true&amp;manufacturer=&amp;resultCatEntryType=&amp;catalogId=10576&amp;pageView=image&amp;facet=mfName_ntk_cs%253ASqueaky%2BGate&amp;minPrice=&amp;categoryId=25573&amp;storeId=10601","name":"Squeaky Gate","count":"4","className":""},{"url":"http://shop.coles.com.au/online/SearchDisplay?searchTermScope=&amp;multiSearch=&amp;searchType=2&amp;maxPrice=&amp;showResultsPage=true&amp;langId=-1&amp;beginIndex=0&amp;sType=SimpleSearch&amp;metaData=&amp;browseView=true&amp;manufacturer=&amp;resultCatEntryType=&amp;catalogId=10576&amp;pageView=image&amp;facet=mfName_ntk_cs%253ASquid&amp;minPrice=&amp;categoryId=25573&amp;storeId=10601","name":"Squid","count":"1","className":""},{"url":"http://shop.coles.com.au/online/SearchDisplay?searchTermScope=&amp;multiSearch=&amp;searchType=2&amp;maxPrice=&amp;showResultsPage=true&amp;langId=-1&amp;beginIndex=0&amp;sType=SimpleSearch&amp;metaData=&amp;browseView=true&amp;manufacturer=&amp;resultCatEntryType=&amp;catalogId=10576&amp;pageView=image&amp;facet=mfName_ntk_cs%253ASt%2BDalfour&amp;minPrice=&amp;categoryId=25573&amp;storeId=10601","name":"St Dalfour","count":"10","className":""},{"url":"http://shop.coles.com.au/online/SearchDisplay?searchTermScope=&amp;multiSearch=&amp;searchType=2&amp;maxPrice=&amp;showResultsPage=true&amp;langId=-1&amp;beginIndex=0&amp;sType=SimpleSearch&amp;metaData=&amp;browseView=true&amp;manufacturer=&amp;resultCatEntryType=&amp;catalogId=10576&amp;pageView=image&amp;facet=mfName_ntk_cs%253AStagg&amp;minPrice=&amp;categoryId=25573&amp;storeId=10601","name":"Stagg","count":"4","className":""},{"url":"http://shop.coles.com.au/online/SearchDisplay?searchTermScope=&amp;multiSearch=&amp;searchType=2&amp;maxPrice=&amp;showResultsPage=true&amp;langId=-1&amp;beginIndex=0&amp;sType=SimpleSearch&amp;metaData=&amp;browseView=true&amp;manufacturer=&amp;resultCatEntryType=&amp;catalogId=10576&amp;pageView=image&amp;facet=mfName_ntk_cs%253AStarburst&amp;minPrice=&amp;categoryId=25573&amp;storeId=10601","name":"Starburst","count":"9","className":""},{"url":"http://shop.coles.com.au/online/SearchDisplay?searchTermScope=&amp;multiSearch=&amp;searchType=2&amp;maxPrice=&amp;showResultsPage=true&amp;langId=-1&amp;beginIndex=0&amp;sType=SimpleSearch&amp;metaData=&amp;browseView=true&amp;manufacturer=&amp;resultCatEntryType=&amp;catalogId=10576&amp;pageView=image&amp;facet=mfName_ntk_cs%253ASterns&amp;minPrice=&amp;categoryId=25573&amp;storeId=10601","name":"Sterns","count":"1","className":""},{"url":"http://shop.coles.com.au/online/SearchDisplay?searchTermScope=&amp;multiSearch=&amp;searchType=2&amp;maxPrice=&amp;showResultsPage=true&amp;langId=-1&amp;beginIndex=0&amp;sType=SimpleSearch&amp;metaData=&amp;browseView=true&amp;manufacturer=&amp;resultCatEntryType=&amp;catalogId=10576&amp;pageView=image&amp;facet=mfName_ntk_cs%253AStrepsils&amp;minPrice=&amp;categoryId=25573&amp;storeId=10601","name":"Strepsils","count":"8","className":""},{"url":"http://shop.coles.com.au/online/SearchDisplay?searchTermScope=&amp;multiSearch=&amp;searchType=2&amp;maxPrice=&amp;showResultsPage=true&amp;langId=-1&amp;beginIndex=0&amp;sType=SimpleSearch&amp;metaData=&amp;browseView=true&amp;manufacturer=&amp;resultCatEntryType=&amp;catalogId=10576&amp;pageView=image&amp;facet=mfName_ntk_cs%253ASue%2BShepherd&amp;minPrice=&amp;categoryId=25573&amp;storeId=10601","name":"Sue Shepherd","count":"9","className":""},{"url":"http://shop.coles.com.au/online/SearchDisplay?searchTermScope=&amp;multiSearch=&amp;searchType=2&amp;maxPrice=&amp;showResultsPage=true&amp;langId=-1&amp;beginIndex=0&amp;sType=SimpleSearch&amp;metaData=&amp;browseView=true&amp;manufacturer=&amp;resultCatEntryType=&amp;catalogId=10576&amp;pageView=image&amp;facet=mfName_ntk_cs%253ASue%2BShepherds&amp;minPrice=&amp;categoryId=25573&amp;storeId=10601","name":"Sue Shepherds","count":"3","className":""},{"url":"http://shop.coles.com.au/online/SearchDisplay?searchTermScope=&amp;multiSearch=&amp;searchType=2&amp;maxPrice=&amp;showResultsPage=true&amp;langId=-1&amp;beginIndex=0&amp;sType=SimpleSearch&amp;metaData=&amp;browseView=true&amp;manufacturer=&amp;resultCatEntryType=&amp;catalogId=10576&amp;pageView=image&amp;facet=mfName_ntk_cs%253ASugarella&amp;minPrice=&amp;categoryId=25573&amp;storeId=10601","name":"Sugarella","count":"1","className":""},{"url":"http://shop.coles.com.au/online/SearchDisplay?searchTermScope=&amp;multiSearch=&amp;searchType=2&amp;maxPrice=&amp;showResultsPage=true&amp;langId=-1&amp;beginIndex=0&amp;sType=SimpleSearch&amp;metaData=&amp;browseView=true&amp;manufacturer=&amp;resultCatEntryType=&amp;catalogId=10576&amp;pageView=image&amp;facet=mfName_ntk_cs%253ASugarine&amp;minPrice=&amp;categoryId=25573&amp;storeId=10601","name":"Sugarine","count":"1","className":""},{"url":"http://shop.coles.com.au/online/SearchDisplay?searchTermScope=&amp;multiSearch=&amp;searchType=2&amp;maxPrice=&amp;showResultsPage=true&amp;langId=-1&amp;beginIndex=0&amp;sType=SimpleSearch&amp;metaData=&amp;browseView=true&amp;manufacturer=&amp;resultCatEntryType=&amp;catalogId=10576&amp;pageView=image&amp;facet=mfName_ntk_cs%253ASugarless&amp;minPrice=&amp;categoryId=25573&amp;storeId=10601","name":"Sugarless","count":"4","className":""},{"url":"http://shop.coles.com.au/online/SearchDisplay?searchTermScope=&amp;multiSearch=&amp;searchType=2&amp;maxPrice=&amp;showResultsPage=true&amp;langId=-1&amp;beginIndex=0&amp;sType=SimpleSearch&amp;metaData=&amp;browseView=true&amp;manufacturer=&amp;resultCatEntryType=&amp;catalogId=10576&amp;pageView=image&amp;facet=mfName_ntk_cs%253ASuimin&amp;minPrice=&amp;categoryId=25573&amp;storeId=10601","name":"Suimin","count":"9","className":""},{"url":"http://shop.coles.com.au/online/SearchDisplay?searchTermScope=&amp;multiSearch=&amp;searchType=2&amp;maxPrice=&amp;showResultsPage=true&amp;langId=-1&amp;beginIndex=0&amp;sType=SimpleSearch&amp;metaData=&amp;browseView=true&amp;manufacturer=&amp;resultCatEntryType=&amp;catalogId=10576&amp;pageView=image&amp;facet=mfName_ntk_cs%253ASun%2BHealth&amp;minPrice=&amp;categoryId=25573&amp;storeId=10601","name":"Sun Health","count":"1","className":""},{"url":"http://shop.coles.com.au/online/SearchDisplay?searchTermScope=&amp;multiSearch=&amp;searchType=2&amp;maxPrice=&amp;showResultsPage=true&amp;langId=-1&amp;beginIndex=0&amp;sType=SimpleSearch&amp;metaData=&amp;browseView=true&amp;manufacturer=&amp;resultCatEntryType=&amp;catalogId=10576&amp;pageView=image&amp;facet=mfName_ntk_cs%253ASun%2BValley&amp;minPrice=&amp;categoryId=25573&amp;storeId=10601","name":"Sun Valley","count":"2","className":""},{"url":"http://shop.coles.com.au/online/SearchDisplay?searchTermScope=&amp;multiSearch=&amp;searchType=2&amp;maxPrice=&amp;showResultsPage=true&amp;langId=-1&amp;beginIndex=0&amp;sType=SimpleSearch&amp;metaData=&amp;browseView=true&amp;manufacturer=&amp;resultCatEntryType=&amp;catalogId=10576&amp;pageView=image&amp;facet=mfName_ntk_cs%253ASunbeam&amp;minPrice=&amp;categoryId=25573&amp;storeId=10601","name":"Sunbeam","count":"19","className":""},{"url":"http://shop.coles.com.au/online/SearchDisplay?searchTermScope=&amp;multiSearch=&amp;searchType=2&amp;maxPrice=&amp;showResultsPage=true&amp;langId=-1&amp;beginIndex=0&amp;sType=SimpleSearch&amp;metaData=&amp;browseView=true&amp;manufacturer=&amp;resultCatEntryType=&amp;catalogId=10576&amp;pageView=image&amp;facet=mfName_ntk_cs%253ASunbites&amp;minPrice=&amp;categoryId=25573&amp;storeId=10601","name":"Sunbites","count":"2","className":""},{"url":"http://shop.coles.com.au/online/SearchDisplay?searchTermScope=&amp;multiSearch=&amp;searchType=2&amp;maxPrice=&amp;showResultsPage=true&amp;langId=-1&amp;beginIndex=0&amp;sType=SimpleSearch&amp;metaData=&amp;browseView=true&amp;manufacturer=&amp;resultCatEntryType=&amp;catalogId=10576&amp;pageView=image&amp;facet=mfName_ntk_cs%253ASuncoast%2BGold&amp;minPrice=&amp;categoryId=25573&amp;storeId=10601","name":"Suncoast Gold","count":"1","className":""},{"url":"http://shop.coles.com.au/online/SearchDisplay?searchTermScope=&amp;multiSearch=&amp;searchType=2&amp;maxPrice=&amp;showResultsPage=true&amp;langId=-1&amp;beginIndex=0&amp;sType=SimpleSearch&amp;metaData=&amp;browseView=true&amp;manufacturer=&amp;resultCatEntryType=&amp;catalogId=10576&amp;pageView=image&amp;facet=mfName_ntk_cs%253ASunrice&amp;minPrice=&amp;categoryId=25573&amp;storeId=10601","name":"Sunrice","count":"75","className":""},{"url":"http://shop.coles.com.au/online/SearchDisplay?searchTermScope=&amp;multiSearch=&amp;searchType=2&amp;maxPrice=&amp;showResultsPage=true&amp;langId=-1&amp;beginIndex=0&amp;sType=SimpleSearch&amp;metaData=&amp;browseView=true&amp;manufacturer=&amp;resultCatEntryType=&amp;catalogId=10576&amp;pageView=image&amp;facet=mfName_ntk_cs%253ASunrise&amp;minPrice=&amp;categoryId=25573&amp;storeId=10601","name":"Sunrise","count":"1","className":""},{"url":"http://shop.coles.com.au/online/SearchDisplay?searchTermScope=&amp;multiSearch=&amp;searchType=2&amp;maxPrice=&amp;showResultsPage=true&amp;langId=-1&amp;beginIndex=0&amp;sType=SimpleSearch&amp;metaData=&amp;browseView=true&amp;manufacturer=&amp;resultCatEntryType=&amp;catalogId=10576&amp;pageView=image&amp;facet=mfName_ntk_cs%253ASunsol&amp;minPrice=&amp;categoryId=25573&amp;storeId=10601","name":"Sunsol","count":"2","className":""},{"url":"http://shop.coles.com.au/online/SearchDisplay?searchTermScope=&amp;multiSearch=&amp;searchType=2&amp;maxPrice=&amp;showResultsPage=true&amp;langId=-1&amp;beginIndex=0&amp;sType=SimpleSearch&amp;metaData=&amp;browseView=true&amp;manufacturer=&amp;resultCatEntryType=&amp;catalogId=10576&amp;pageView=image&amp;facet=mfName_ntk_cs%253ASunsweet&amp;minPrice=&amp;categoryId=25573&amp;storeId=10601","name":"Sunsweet","count":"2","className":""},{"url":"http://shop.coles.com.au/online/SearchDisplay?searchTermScope=&amp;multiSearch=&amp;searchType=2&amp;maxPrice=&amp;showResultsPage=true&amp;langId=-1&amp;beginIndex=0&amp;sType=SimpleSearch&amp;metaData=&amp;browseView=true&amp;manufacturer=&amp;resultCatEntryType=&amp;catalogId=10576&amp;pageView=image&amp;facet=mfName_ntk_cs%253ASunwarrior&amp;minPrice=&amp;categoryId=25573&amp;storeId=10601","name":"Sunwarrior","count":"1","className":""},{"url":"http://shop.coles.com.au/online/SearchDisplay?searchTermScope=&amp;multiSearch=&amp;searchType=2&amp;maxPrice=&amp;showResultsPage=true&amp;langId=-1&amp;beginIndex=0&amp;sType=SimpleSearch&amp;metaData=&amp;browseView=true&amp;manufacturer=&amp;resultCatEntryType=&amp;catalogId=10576&amp;pageView=image&amp;facet=mfName_ntk_cs%253ASurprise&amp;minPrice=&amp;categoryId=25573&amp;storeId=10601","name":"Surprise","count":"2","className":""},{"url":"http://shop.coles.com.au/online/SearchDisplay?searchTermScope=&amp;multiSearch=&amp;searchType=2&amp;maxPrice=&amp;showResultsPage=true&amp;langId=-1&amp;beginIndex=0&amp;sType=SimpleSearch&amp;metaData=&amp;browseView=true&amp;manufacturer=&amp;resultCatEntryType=&amp;catalogId=10576&amp;pageView=image&amp;facet=mfName_ntk_cs%253ASweet%2BBaby%2BRay%2527s&amp;minPrice=&amp;categoryId=25573&amp;storeId=10601","name":"Sweet Baby Ray&#039;s","count":"1","className":""},{"url":"http://shop.coles.com.au/online/SearchDisplay?searchTermScope=&amp;multiSearch=&amp;searchType=2&amp;maxPrice=&amp;showResultsPage=true&amp;langId=-1&amp;beginIndex=0&amp;sType=SimpleSearch&amp;metaData=&amp;browseView=true&amp;manufacturer=&amp;resultCatEntryType=&amp;catalogId=10576&amp;pageView=image&amp;facet=mfName_ntk_cs%253ASweet%2BWilliam&amp;minPrice=&amp;categoryId=25573&amp;storeId=10601","name":"Sweet William","count":"7","className":""},{"url":"http://shop.coles.com.au/online/SearchDisplay?searchTermScope=&amp;multiSearch=&amp;searchType=2&amp;maxPrice=&amp;showResultsPage=true&amp;langId=-1&amp;beginIndex=0&amp;sType=SimpleSearch&amp;metaData=&amp;browseView=true&amp;manufacturer=&amp;resultCatEntryType=&amp;catalogId=10576&amp;pageView=image&amp;facet=mfName_ntk_cs%253ASweetworld&amp;minPrice=&amp;categoryId=25573&amp;storeId=10601","name":"Sweetworld","count":"2","className":""},{"url":"http://shop.coles.com.au/online/SearchDisplay?searchTermScope=&amp;multiSearch=&amp;searchType=2&amp;maxPrice=&amp;showResultsPage=true&amp;langId=-1&amp;beginIndex=0&amp;sType=SimpleSearch&amp;metaData=&amp;browseView=true&amp;manufacturer=&amp;resultCatEntryType=&amp;catalogId=10576&amp;pageView=image&amp;facet=mfName_ntk_cs%253ASwisse&amp;minPrice=&amp;categoryId=25573&amp;storeId=10601","name":"Swisse","count":"3","className":""},{"url":"http://shop.coles.com.au/online/SearchDisplay?searchTermScope=&amp;multiSearch=&amp;searchType=2&amp;maxPrice=&amp;showResultsPage=true&amp;langId=-1&amp;beginIndex=0&amp;sType=SimpleSearch&amp;metaData=&amp;browseView=true&amp;manufacturer=&amp;resultCatEntryType=&amp;catalogId=10576&amp;pageView=image&amp;facet=mfName_ntk_cs%253ASymintons&amp;minPrice=&amp;categoryId=25573&amp;storeId=10601","name":"Symintons","count":"1","className":""},{"url":"http://shop.coles.com.au/online/SearchDisplay?searchTermScope=&amp;multiSearch=&amp;searchType=2&amp;maxPrice=&amp;showResultsPage=true&amp;langId=-1&amp;beginIndex=0&amp;sType=SimpleSearch&amp;metaData=&amp;browseView=true&amp;manufacturer=&amp;resultCatEntryType=&amp;catalogId=10576&amp;pageView=image&amp;facet=mfName_ntk_cs%253ASystemax&amp;minPrice=&amp;categoryId=25573&amp;storeId=10601","name":"Systemax","count":"5","className":""},{"url":"http://shop.coles.com.au/online/SearchDisplay?searchTermScope=&amp;multiSearch=&amp;searchType=2&amp;maxPrice=&amp;showResultsPage=true&amp;langId=-1&amp;beginIndex=0&amp;sType=SimpleSearch&amp;metaData=&amp;browseView=true&amp;manufacturer=&amp;resultCatEntryType=&amp;catalogId=10576&amp;pageView=image&amp;facet=mfName_ntk_cs%253ASystemax%2BHplc%2B4pk&amp;minPrice=&amp;categoryId=25573&amp;storeId=10601","name":"Systemax Hplc 4pk","count":"1","className":""},{"url":"http://shop.coles.com.au/online/SearchDisplay?searchTermScope=&amp;multiSearch=&amp;searchType=2&amp;maxPrice=&amp;showResultsPage=true&amp;langId=-1&amp;beginIndex=0&amp;sType=SimpleSearch&amp;metaData=&amp;browseView=true&amp;manufacturer=&amp;resultCatEntryType=&amp;catalogId=10576&amp;pageView=image&amp;facet=mfName_ntk_cs%253ATable%2BOf%2BPlenty&amp;minPrice=&amp;categoryId=25573&amp;storeId=10601","name":"Table Of Plenty","count":"9","className":""},{"url":"http://shop.coles.com.au/online/SearchDisplay?searchTermScope=&amp;multiSearch=&amp;searchType=2&amp;maxPrice=&amp;showResultsPage=true&amp;langId=-1&amp;beginIndex=0&amp;sType=SimpleSearch&amp;metaData=&amp;browseView=true&amp;manufacturer=&amp;resultCatEntryType=&amp;catalogId=10576&amp;pageView=image&amp;facet=mfName_ntk_cs%253ATable%2Bof%2BPlenty&amp;minPrice=&amp;categoryId=25573&amp;storeId=10601","name":"Table of Plenty","count":"2","className":""},{"url":"http://shop.coles.com.au/online/SearchDisplay?searchTermScope=&amp;multiSearch=&amp;searchType=2&amp;maxPrice=&amp;showResultsPage=true&amp;langId=-1&amp;beginIndex=0&amp;sType=SimpleSearch&amp;metaData=&amp;browseView=true&amp;manufacturer=&amp;resultCatEntryType=&amp;catalogId=10576&amp;pageView=image&amp;facet=mfName_ntk_cs%253ATamtad&amp;minPrice=&amp;categoryId=25573&amp;storeId=10601","name":"Tamtad","count":"6","className":""},{"url":"http://shop.coles.com.au/online/SearchDisplay?searchTermScope=&amp;multiSearch=&amp;searchType=2&amp;maxPrice=&amp;showResultsPage=true&amp;langId=-1&amp;beginIndex=0&amp;sType=SimpleSearch&amp;metaData=&amp;browseView=true&amp;manufacturer=&amp;resultCatEntryType=&amp;catalogId=10576&amp;pageView=image&amp;facet=mfName_ntk_cs%253ATandaco&amp;minPrice=&amp;categoryId=25573&amp;storeId=10601","name":"Tandaco","count":"13","className":""},{"url":"http://shop.coles.com.au/online/SearchDisplay?searchTermScope=&amp;multiSearch=&amp;searchType=2&amp;maxPrice=&amp;showResultsPage=true&amp;langId=-1&amp;beginIndex=0&amp;sType=SimpleSearch&amp;metaData=&amp;browseView=true&amp;manufacturer=&amp;resultCatEntryType=&amp;catalogId=10576&amp;pageView=image&amp;facet=mfName_ntk_cs%253ATassal&amp;minPrice=&amp;categoryId=25573&amp;storeId=10601","name":"Tassal","count":"6","className":""},{"url":"http://shop.coles.com.au/online/SearchDisplay?searchTermScope=&amp;multiSearch=&amp;searchType=2&amp;maxPrice=&amp;showResultsPage=true&amp;langId=-1&amp;beginIndex=0&amp;sType=SimpleSearch&amp;metaData=&amp;browseView=true&amp;manufacturer=&amp;resultCatEntryType=&amp;catalogId=10576&amp;pageView=image&amp;facet=mfName_ntk_cs%253ATasti&amp;minPrice=&amp;categoryId=25573&amp;storeId=10601","name":"Tasti","count":"1","className":""},{"url":"http://shop.coles.com.au/online/SearchDisplay?searchTermScope=&amp;multiSearch=&amp;searchType=2&amp;maxPrice=&amp;showResultsPage=true&amp;langId=-1&amp;beginIndex=0&amp;sType=SimpleSearch&amp;metaData=&amp;browseView=true&amp;manufacturer=&amp;resultCatEntryType=&amp;catalogId=10576&amp;pageView=image&amp;facet=mfName_ntk_cs%253ATasti%2BMeganuts&amp;minPrice=&amp;categoryId=25573&amp;storeId=10601","name":"Tasti Meganuts","count":"2","className":""},{"url":"http://shop.coles.com.au/online/SearchDisplay?searchTermScope=&amp;multiSearch=&amp;searchType=2&amp;maxPrice=&amp;showResultsPage=true&amp;langId=-1&amp;beginIndex=0&amp;sType=SimpleSearch&amp;metaData=&amp;browseView=true&amp;manufacturer=&amp;resultCatEntryType=&amp;catalogId=10576&amp;pageView=image&amp;facet=mfName_ntk_cs%253ATasty&amp;minPrice=&amp;categoryId=25573&amp;storeId=10601","name":"Tasty","count":"4","className":""},{"url":"http://shop.coles.com.au/online/SearchDisplay?searchTermScope=&amp;multiSearch=&amp;searchType=2&amp;maxPrice=&amp;showResultsPage=true&amp;langId=-1&amp;beginIndex=0&amp;sType=SimpleSearch&amp;metaData=&amp;browseView=true&amp;manufacturer=&amp;resultCatEntryType=&amp;catalogId=10576&amp;pageView=image&amp;facet=mfName_ntk_cs%253ATaylor%2527s&amp;minPrice=&amp;categoryId=25573&amp;storeId=10601","name":"Taylor&#039;s","count":"4","className":""},{"url":"http://shop.coles.com.au/online/SearchDisplay?searchTermScope=&amp;multiSearch=&amp;searchType=2&amp;maxPrice=&amp;showResultsPage=true&amp;langId=-1&amp;beginIndex=0&amp;sType=SimpleSearch&amp;metaData=&amp;browseView=true&amp;manufacturer=&amp;resultCatEntryType=&amp;catalogId=10576&amp;pageView=image&amp;facet=mfName_ntk_cs%253ATaylors&amp;minPrice=&amp;categoryId=25573&amp;storeId=10601","name":"Taylors","count":"5","className":""},{"url":"http://shop.coles.com.au/online/SearchDisplay?searchTermScope=&amp;multiSearch=&amp;searchType=2&amp;maxPrice=&amp;showResultsPage=true&amp;langId=-1&amp;beginIndex=0&amp;sType=SimpleSearch&amp;metaData=&amp;browseView=true&amp;manufacturer=&amp;resultCatEntryType=&amp;catalogId=10576&amp;pageView=image&amp;facet=mfName_ntk_cs%253ATaylors%2BHarrogates&amp;minPrice=&amp;categoryId=25573&amp;storeId=10601","name":"Taylors Harrogates","count":"2","className":""},{"url":"http://shop.coles.com.au/online/SearchDisplay?searchTermScope=&amp;multiSearch=&amp;searchType=2&amp;maxPrice=&amp;showResultsPage=true&amp;langId=-1&amp;beginIndex=0&amp;sType=SimpleSearch&amp;metaData=&amp;browseView=true&amp;manufacturer=&amp;resultCatEntryType=&amp;catalogId=10576&amp;pageView=image&amp;facet=mfName_ntk_cs%253ATayto&amp;minPrice=&amp;categoryId=25573&amp;storeId=10601","name":"Tayto","count":"2","className":""},{"url":"http://shop.coles.com.au/online/SearchDisplay?searchTermScope=&amp;multiSearch=&amp;searchType=2&amp;maxPrice=&amp;showResultsPage=true&amp;langId=-1&amp;beginIndex=0&amp;sType=SimpleSearch&amp;metaData=&amp;browseView=true&amp;manufacturer=&amp;resultCatEntryType=&amp;catalogId=10576&amp;pageView=image&amp;facet=mfName_ntk_cs%253ATerry%2527s&amp;minPrice=&amp;categoryId=25573&amp;storeId=10601","name":"Terry&#039;s","count":"1","className":""},{"url":"http://shop.coles.com.au/online/SearchDisplay?searchTermScope=&amp;multiSearch=&amp;searchType=2&amp;maxPrice=&amp;showResultsPage=true&amp;langId=-1&amp;beginIndex=0&amp;sType=SimpleSearch&amp;metaData=&amp;browseView=true&amp;manufacturer=&amp;resultCatEntryType=&amp;catalogId=10576&amp;pageView=image&amp;facet=mfName_ntk_cs%253ATetley&amp;minPrice=&amp;categoryId=25573&amp;storeId=10601","name":"Tetley","count":"20","className":""},{"url":"http://shop.coles.com.au/online/SearchDisplay?searchTermScope=&amp;multiSearch=&amp;searchType=2&amp;maxPrice=&amp;showResultsPage=true&amp;langId=-1&amp;beginIndex=0&amp;sType=SimpleSearch&amp;metaData=&amp;browseView=true&amp;manufacturer=&amp;resultCatEntryType=&amp;catalogId=10576&amp;pageView=image&amp;facet=mfName_ntk_cs%253AThai%2BGourmet&amp;minPrice=&amp;categoryId=25573&amp;storeId=10601","name":"Thai Gourmet","count":"3","className":""},{"url":"http://shop.coles.com.au/online/SearchDisplay?searchTermScope=&amp;multiSearch=&amp;searchType=2&amp;maxPrice=&amp;showResultsPage=true&amp;langId=-1&amp;beginIndex=0&amp;sType=SimpleSearch&amp;metaData=&amp;browseView=true&amp;manufacturer=&amp;resultCatEntryType=&amp;catalogId=10576&amp;pageView=image&amp;facet=mfName_ntk_cs%253AThankyou&amp;minPrice=&amp;categoryId=25573&amp;storeId=10601","name":"Thankyou","count":"6","className":""},{"url":"http://shop.coles.com.au/online/SearchDisplay?searchTermScope=&amp;multiSearch=&amp;searchType=2&amp;maxPrice=&amp;showResultsPage=true&amp;langId=-1&amp;beginIndex=0&amp;sType=SimpleSearch&amp;metaData=&amp;browseView=true&amp;manufacturer=&amp;resultCatEntryType=&amp;catalogId=10576&amp;pageView=image&amp;facet=mfName_ntk_cs%253AThe%2BBar%2BCounter&amp;minPrice=&amp;categoryId=25573&amp;storeId=10601","name":"The Bar Counter","count":"22","className":""},{"url":"http://shop.coles.com.au/online/SearchDisplay?searchTermScope=&amp;multiSearch=&amp;searchType=2&amp;maxPrice=&amp;showResultsPage=true&amp;langId=-1&amp;beginIndex=0&amp;sType=SimpleSearch&amp;metaData=&amp;browseView=true&amp;manufacturer=&amp;resultCatEntryType=&amp;catalogId=10576&amp;pageView=image&amp;facet=mfName_ntk_cs%253AThe%2BChia%2BCo&amp;minPrice=&amp;categoryId=25573&amp;storeId=10601","name":"The Chia Co","count":"3","className":""},{"url":"http://shop.coles.com.au/online/SearchDisplay?searchTermScope=&amp;multiSearch=&amp;searchType=2&amp;maxPrice=&amp;showResultsPage=true&amp;langId=-1&amp;beginIndex=0&amp;sType=SimpleSearch&amp;metaData=&amp;browseView=true&amp;manufacturer=&amp;resultCatEntryType=&amp;catalogId=10576&amp;pageView=image&amp;facet=mfName_ntk_cs%253AThe%2BFood%2BCompany&amp;minPrice=&amp;categoryId=25573&amp;storeId=10601","name":"The Food Company","count":"1","className":""},{"url":"http://shop.coles.com.au/online/SearchDisplay?searchTermScope=&amp;multiSearch=&amp;searchType=2&amp;maxPrice=&amp;showResultsPage=true&amp;langId=-1&amp;beginIndex=0&amp;sType=SimpleSearch&amp;metaData=&amp;browseView=true&amp;manufacturer=&amp;resultCatEntryType=&amp;catalogId=10576&amp;pageView=image&amp;facet=mfName_ntk_cs%253AThe%2BFood%2BDoctor&amp;minPrice=&amp;categoryId=25573&amp;storeId=10601","name":"The Food Doctor","count":"2","className":""},{"url":"http://shop.coles.com.au/online/SearchDisplay?searchTermScope=&amp;multiSearch=&amp;searchType=2&amp;maxPrice=&amp;showResultsPage=true&amp;langId=-1&amp;beginIndex=0&amp;sType=SimpleSearch&amp;metaData=&amp;browseView=true&amp;manufacturer=&amp;resultCatEntryType=&amp;catalogId=10576&amp;pageView=image&amp;facet=mfName_ntk_cs%253AThe%2BGrove&amp;minPrice=&amp;categoryId=25573&amp;storeId=10601","name":"The Grove","count":"1","className":""},{"url":"http://shop.coles.com.au/online/SearchDisplay?searchTermScope=&amp;multiSearch=&amp;searchType=2&amp;maxPrice=&amp;showResultsPage=true&amp;langId=-1&amp;beginIndex=0&amp;sType=SimpleSearch&amp;metaData=&amp;browseView=true&amp;manufacturer=&amp;resultCatEntryType=&amp;catalogId=10576&amp;pageView=image&amp;facet=mfName_ntk_cs%253AThe%2BLittle%2BBrownie%2BCo&amp;minPrice=&amp;categoryId=25573&amp;storeId=10601","name":"The Little Brownie Co","count":"3","className":""},{"url":"http://shop.coles.com.au/online/SearchDisplay?searchTermScope=&amp;multiSearch=&amp;searchType=2&amp;maxPrice=&amp;showResultsPage=true&amp;langId=-1&amp;beginIndex=0&amp;sType=SimpleSearch&amp;metaData=&amp;browseView=true&amp;manufacturer=&amp;resultCatEntryType=&amp;catalogId=10576&amp;pageView=image&amp;facet=mfName_ntk_cs%253AThe%2BMuesli%2BCompany&amp;minPrice=&amp;categoryId=25573&amp;storeId=10601","name":"The Muesli Company","count":"1","className":""},{"url":"http://shop.coles.com.au/online/SearchDisplay?searchTermScope=&amp;multiSearch=&amp;searchType=2&amp;maxPrice=&amp;showResultsPage=true&amp;langId=-1&amp;beginIndex=0&amp;sType=SimpleSearch&amp;metaData=&amp;browseView=true&amp;manufacturer=&amp;resultCatEntryType=&amp;catalogId=10576&amp;pageView=image&amp;facet=mfName_ntk_cs%253AThe%2BNatural%2BConfectionary%2BCo.&amp;minPrice=&amp;categoryId=25573&amp;storeId=10601","name":"The Natural Confectionary Co.","count":"17","className":""},{"url":"http://shop.coles.com.au/online/SearchDisplay?searchTermScope=&amp;multiSearch=&amp;searchType=2&amp;maxPrice=&amp;showResultsPage=true&amp;langId=-1&amp;beginIndex=0&amp;sType=SimpleSearch&amp;metaData=&amp;browseView=true&amp;manufacturer=&amp;resultCatEntryType=&amp;catalogId=10576&amp;pageView=image&amp;facet=mfName_ntk_cs%253AThe%2BSpice%2BTailor&amp;minPrice=&amp;categoryId=25573&amp;storeId=10601","name":"The Spice Tailor","count":"8","className":""},{"url":"http://shop.coles.com.au/online/SearchDisplay?searchTermScope=&amp;multiSearch=&amp;searchType=2&amp;maxPrice=&amp;showResultsPage=true&amp;langId=-1&amp;beginIndex=0&amp;sType=SimpleSearch&amp;metaData=&amp;browseView=true&amp;manufacturer=&amp;resultCatEntryType=&amp;catalogId=10576&amp;pageView=image&amp;facet=mfName_ntk_cs%253AThins&amp;minPrice=&amp;categoryId=25573&amp;storeId=10601","name":"Thins","count":"11","className":""},{"url":"http://shop.coles.com.au/online/SearchDisplay?searchTermScope=&amp;multiSearch=&amp;searchType=2&amp;maxPrice=&amp;showResultsPage=true&amp;langId=-1&amp;beginIndex=0&amp;sType=SimpleSearch&amp;metaData=&amp;browseView=true&amp;manufacturer=&amp;resultCatEntryType=&amp;catalogId=10576&amp;pageView=image&amp;facet=mfName_ntk_cs%253AThomy&amp;minPrice=&amp;categoryId=25573&amp;storeId=10601","name":"Thomy","count":"1","className":""},{"url":"http://shop.coles.com.au/online/SearchDisplay?searchTermScope=&amp;multiSearch=&amp;searchType=2&amp;maxPrice=&amp;showResultsPage=true&amp;langId=-1&amp;beginIndex=0&amp;sType=SimpleSearch&amp;metaData=&amp;browseView=true&amp;manufacturer=&amp;resultCatEntryType=&amp;catalogId=10576&amp;pageView=image&amp;facet=mfName_ntk_cs%253AThree%2BThrees&amp;minPrice=&amp;categoryId=25573&amp;storeId=10601","name":"Three Threes","count":"16","className":""},{"url":"http://shop.coles.com.au/online/SearchDisplay?searchTermScope=&amp;multiSearch=&amp;searchType=2&amp;maxPrice=&amp;showResultsPage=true&amp;langId=-1&amp;beginIndex=0&amp;sType=SimpleSearch&amp;metaData=&amp;browseView=true&amp;manufacturer=&amp;resultCatEntryType=&amp;catalogId=10576&amp;pageView=image&amp;facet=mfName_ntk_cs%253ATic%2BTac&amp;minPrice=&amp;categoryId=25573&amp;storeId=10601","name":"Tic Tac","count":"8","className":""},{"url":"http://shop.coles.com.au/online/SearchDisplay?searchTermScope=&amp;multiSearch=&amp;searchType=2&amp;maxPrice=&amp;showResultsPage=true&amp;langId=-1&amp;beginIndex=0&amp;sType=SimpleSearch&amp;metaData=&amp;browseView=true&amp;manufacturer=&amp;resultCatEntryType=&amp;catalogId=10576&amp;pageView=image&amp;facet=mfName_ntk_cs%253ATick%2BTock&amp;minPrice=&amp;categoryId=25573&amp;storeId=10601","name":"Tick Tock","count":"1","className":""},{"url":"http://shop.coles.com.au/online/SearchDisplay?searchTermScope=&amp;multiSearch=&amp;searchType=2&amp;maxPrice=&amp;showResultsPage=true&amp;langId=-1&amp;beginIndex=0&amp;sType=SimpleSearch&amp;metaData=&amp;browseView=true&amp;manufacturer=&amp;resultCatEntryType=&amp;catalogId=10576&amp;pageView=image&amp;facet=mfName_ntk_cs%253ATilda&amp;minPrice=&amp;categoryId=25573&amp;storeId=10601","name":"Tilda","count":"4","className":""},{"url":"http://shop.coles.com.au/online/SearchDisplay?searchTermScope=&amp;multiSearch=&amp;searchType=2&amp;maxPrice=&amp;showResultsPage=true&amp;langId=-1&amp;beginIndex=0&amp;sType=SimpleSearch&amp;metaData=&amp;browseView=true&amp;manufacturer=&amp;resultCatEntryType=&amp;catalogId=10576&amp;pageView=image&amp;facet=mfName_ntk_cs%253ATip%2BTop&amp;minPrice=&amp;categoryId=25573&amp;storeId=10601","name":"Tip Top","count":"2","className":""},{"url":"http://shop.coles.com.au/online/SearchDisplay?searchTermScope=&amp;multiSearch=&amp;searchType=2&amp;maxPrice=&amp;showResultsPage=true&amp;langId=-1&amp;beginIndex=0&amp;sType=SimpleSearch&amp;metaData=&amp;browseView=true&amp;manufacturer=&amp;resultCatEntryType=&amp;catalogId=10576&amp;pageView=image&amp;facet=mfName_ntk_cs%253AToblerone&amp;minPrice=&amp;categoryId=25573&amp;storeId=10601","name":"Toblerone","count":"2","className":""},{"url":"http://shop.coles.com.au/online/SearchDisplay?searchTermScope=&amp;multiSearch=&amp;searchType=2&amp;maxPrice=&amp;showResultsPage=true&amp;langId=-1&amp;beginIndex=0&amp;sType=SimpleSearch&amp;metaData=&amp;browseView=true&amp;manufacturer=&amp;resultCatEntryType=&amp;catalogId=10576&amp;pageView=image&amp;facet=mfName_ntk_cs%253AToffifee&amp;minPrice=&amp;categoryId=25573&amp;storeId=10601","name":"Toffifee","count":"1","className":""},{"url":"http://shop.coles.com.au/online/SearchDisplay?searchTermScope=&amp;multiSearch=&amp;searchType=2&amp;maxPrice=&amp;showResultsPage=true&amp;langId=-1&amp;beginIndex=0&amp;sType=SimpleSearch&amp;metaData=&amp;browseView=true&amp;manufacturer=&amp;resultCatEntryType=&amp;catalogId=10576&amp;pageView=image&amp;facet=mfName_ntk_cs%253ATonight&amp;minPrice=&amp;categoryId=25573&amp;storeId=10601","name":"Tonight","count":"4","className":""},{"url":"http://shop.coles.com.au/online/SearchDisplay?searchTermScope=&amp;multiSearch=&amp;searchType=2&amp;maxPrice=&amp;showResultsPage=true&amp;langId=-1&amp;beginIndex=0&amp;sType=SimpleSearch&amp;metaData=&amp;browseView=true&amp;manufacturer=&amp;resultCatEntryType=&amp;catalogId=10576&amp;pageView=image&amp;facet=mfName_ntk_cs%253ATop%2B20&amp;minPrice=&amp;categoryId=25573&amp;storeId=10601","name":"Top 20","count":"1","className":""},{"url":"http://shop.coles.com.au/online/SearchDisplay?searchTermScope=&amp;multiSearch=&amp;searchType=2&amp;maxPrice=&amp;showResultsPage=true&amp;langId=-1&amp;beginIndex=0&amp;sType=SimpleSearch&amp;metaData=&amp;browseView=true&amp;manufacturer=&amp;resultCatEntryType=&amp;catalogId=10576&amp;pageView=image&amp;facet=mfName_ntk_cs%253ATrident&amp;minPrice=&amp;categoryId=25573&amp;storeId=10601","name":"Trident","count":"14","className":""},{"url":"http://shop.coles.com.au/online/SearchDisplay?searchTermScope=&amp;multiSearch=&amp;searchType=2&amp;maxPrice=&amp;showResultsPage=true&amp;langId=-1&amp;beginIndex=0&amp;sType=SimpleSearch&amp;metaData=&amp;browseView=true&amp;manufacturer=&amp;resultCatEntryType=&amp;catalogId=10576&amp;pageView=image&amp;facet=mfName_ntk_cs%253ATrolli&amp;minPrice=&amp;categoryId=25573&amp;storeId=10601","name":"Trolli","count":"2","className":""},{"url":"http://shop.coles.com.au/online/SearchDisplay?searchTermScope=&amp;multiSearch=&amp;searchType=2&amp;maxPrice=&amp;showResultsPage=true&amp;langId=-1&amp;beginIndex=0&amp;sType=SimpleSearch&amp;metaData=&amp;browseView=true&amp;manufacturer=&amp;resultCatEntryType=&amp;catalogId=10576&amp;pageView=image&amp;facet=mfName_ntk_cs%253ATuckers&amp;minPrice=&amp;categoryId=25573&amp;storeId=10601","name":"Tuckers","count":"5","className":""},{"url":"http://shop.coles.com.au/online/SearchDisplay?searchTermScope=&amp;multiSearch=&amp;searchType=2&amp;maxPrice=&amp;showResultsPage=true&amp;langId=-1&amp;beginIndex=0&amp;sType=SimpleSearch&amp;metaData=&amp;browseView=true&amp;manufacturer=&amp;resultCatEntryType=&amp;catalogId=10576&amp;pageView=image&amp;facet=mfName_ntk_cs%253ATwinings&amp;minPrice=&amp;categoryId=25573&amp;storeId=10601","name":"Twinings","count":"54","className":""},{"url":"http://shop.coles.com.au/online/SearchDisplay?searchTermScope=&amp;multiSearch=&amp;searchType=2&amp;maxPrice=&amp;showResultsPage=true&amp;langId=-1&amp;beginIndex=0&amp;sType=SimpleSearch&amp;metaData=&amp;browseView=true&amp;manufacturer=&amp;resultCatEntryType=&amp;catalogId=10576&amp;pageView=image&amp;facet=mfName_ntk_cs%253ATwix&amp;minPrice=&amp;categoryId=25573&amp;storeId=10601","name":"Twix","count":"1","className":""},{"url":"http://shop.coles.com.au/online/SearchDisplay?searchTermScope=&amp;multiSearch=&amp;searchType=2&amp;maxPrice=&amp;showResultsPage=true&amp;langId=-1&amp;beginIndex=0&amp;sType=SimpleSearch&amp;metaData=&amp;browseView=true&amp;manufacturer=&amp;resultCatEntryType=&amp;catalogId=10576&amp;pageView=image&amp;facet=mfName_ntk_cs%253ATyrells&amp;minPrice=&amp;categoryId=25573&amp;storeId=10601","name":"Tyrells","count":"6","className":""},{"url":"http://shop.coles.com.au/online/SearchDisplay?searchTermScope=&amp;multiSearch=&amp;searchType=2&amp;maxPrice=&amp;showResultsPage=true&amp;langId=-1&amp;beginIndex=0&amp;sType=SimpleSearch&amp;metaData=&amp;browseView=true&amp;manufacturer=&amp;resultCatEntryType=&amp;catalogId=10576&amp;pageView=image&amp;facet=mfName_ntk_cs%253AUdi%2527s&amp;minPrice=&amp;categoryId=25573&amp;storeId=10601","name":"Udi&#039;s","count":"1","className":""},{"url":"http://shop.coles.com.au/online/SearchDisplay?searchTermScope=&amp;multiSearch=&amp;searchType=2&amp;maxPrice=&amp;showResultsPage=true&amp;langId=-1&amp;beginIndex=0&amp;sType=SimpleSearch&amp;metaData=&amp;browseView=true&amp;manufacturer=&amp;resultCatEntryType=&amp;catalogId=10576&amp;pageView=image&amp;facet=mfName_ntk_cs%253AUncle%2BBen%2527s&amp;minPrice=&amp;categoryId=25573&amp;storeId=10601","name":"Uncle Ben&#039;s","count":"14","className":""},{"url":"http://shop.coles.com.au/online/SearchDisplay?searchTermScope=&amp;multiSearch=&amp;searchType=2&amp;maxPrice=&amp;showResultsPage=true&amp;langId=-1&amp;beginIndex=0&amp;sType=SimpleSearch&amp;metaData=&amp;browseView=true&amp;manufacturer=&amp;resultCatEntryType=&amp;catalogId=10576&amp;pageView=image&amp;facet=mfName_ntk_cs%253AUncle%2BBens%2BExpress&amp;minPrice=&amp;categoryId=25573&amp;storeId=10601","name":"Uncle Bens Express","count":"1","className":""},{"url":"http://shop.coles.com.au/online/SearchDisplay?searchTermScope=&amp;multiSearch=&amp;searchType=2&amp;maxPrice=&amp;showResultsPage=true&amp;langId=-1&amp;beginIndex=0&amp;sType=SimpleSearch&amp;metaData=&amp;browseView=true&amp;manufacturer=&amp;resultCatEntryType=&amp;catalogId=10576&amp;pageView=image&amp;facet=mfName_ntk_cs%253AUncle%2BTobys&amp;minPrice=&amp;categoryId=25573&amp;storeId=10601","name":"Uncle Tobys","count":"82","className":""},{"url":"http://shop.coles.com.au/online/SearchDisplay?searchTermScope=&amp;multiSearch=&amp;searchType=2&amp;maxPrice=&amp;showResultsPage=true&amp;langId=-1&amp;beginIndex=0&amp;sType=SimpleSearch&amp;metaData=&amp;browseView=true&amp;manufacturer=&amp;resultCatEntryType=&amp;catalogId=10576&amp;pageView=image&amp;facet=mfName_ntk_cs%253AUnibic&amp;minPrice=&amp;categoryId=25573&amp;storeId=10601","name":"Unibic","count":"3","className":""},{"url":"http://shop.coles.com.au/online/SearchDisplay?searchTermScope=&amp;multiSearch=&amp;searchType=2&amp;maxPrice=&amp;showResultsPage=true&amp;langId=-1&amp;beginIndex=0&amp;sType=SimpleSearch&amp;metaData=&amp;browseView=true&amp;manufacturer=&amp;resultCatEntryType=&amp;catalogId=10576&amp;pageView=image&amp;facet=mfName_ntk_cs%253AVal%2BVerde&amp;minPrice=&amp;categoryId=25573&amp;storeId=10601","name":"Val Verde","count":"4","className":""},{"url":"http://shop.coles.com.au/online/SearchDisplay?searchTermScope=&amp;multiSearch=&amp;searchType=2&amp;maxPrice=&amp;showResultsPage=true&amp;langId=-1&amp;beginIndex=0&amp;sType=SimpleSearch&amp;metaData=&amp;browseView=true&amp;manufacturer=&amp;resultCatEntryType=&amp;catalogId=10576&amp;pageView=image&amp;facet=mfName_ntk_cs%253AValcom&amp;minPrice=&amp;categoryId=25573&amp;storeId=10601","name":"Valcom","count":"11","className":""},{"url":"http://shop.coles.com.au/online/SearchDisplay?searchTermScope=&amp;multiSearch=&amp;searchType=2&amp;maxPrice=&amp;showResultsPage=true&amp;langId=-1&amp;beginIndex=0&amp;sType=SimpleSearch&amp;metaData=&amp;browseView=true&amp;manufacturer=&amp;resultCatEntryType=&amp;catalogId=10576&amp;pageView=image&amp;facet=mfName_ntk_cs%253AValley%2BProduce%2BCo.&amp;minPrice=&amp;categoryId=25573&amp;storeId=10601","name":"Valley Produce Co.","count":"5","className":""},{"url":"http://shop.coles.com.au/online/SearchDisplay?searchTermScope=&amp;multiSearch=&amp;searchType=2&amp;maxPrice=&amp;showResultsPage=true&amp;langId=-1&amp;beginIndex=0&amp;sType=SimpleSearch&amp;metaData=&amp;browseView=true&amp;manufacturer=&amp;resultCatEntryType=&amp;catalogId=10576&amp;pageView=image&amp;facet=mfName_ntk_cs%253AVege&amp;minPrice=&amp;categoryId=25573&amp;storeId=10601","name":"Vege","count":"3","className":""},{"url":"http://shop.coles.com.au/online/SearchDisplay?searchTermScope=&amp;multiSearch=&amp;searchType=2&amp;maxPrice=&amp;showResultsPage=true&amp;langId=-1&amp;beginIndex=0&amp;sType=SimpleSearch&amp;metaData=&amp;browseView=true&amp;manufacturer=&amp;resultCatEntryType=&amp;catalogId=10576&amp;pageView=image&amp;facet=mfName_ntk_cs%253AVege%2BChips&amp;minPrice=&amp;categoryId=25573&amp;storeId=10601","name":"Vege Chips","count":"6","className":""},{"url":"http://shop.coles.com.au/online/SearchDisplay?searchTermScope=&amp;multiSearch=&amp;searchType=2&amp;maxPrice=&amp;showResultsPage=true&amp;langId=-1&amp;beginIndex=0&amp;sType=SimpleSearch&amp;metaData=&amp;browseView=true&amp;manufacturer=&amp;resultCatEntryType=&amp;catalogId=10576&amp;pageView=image&amp;facet=mfName_ntk_cs%253AVerity&amp;minPrice=&amp;categoryId=25573&amp;storeId=10601","name":"Verity","count":"1","className":""},{"url":"http://shop.coles.com.au/online/SearchDisplay?searchTermScope=&amp;multiSearch=&amp;searchType=2&amp;maxPrice=&amp;showResultsPage=true&amp;langId=-1&amp;beginIndex=0&amp;sType=SimpleSearch&amp;metaData=&amp;browseView=true&amp;manufacturer=&amp;resultCatEntryType=&amp;catalogId=10576&amp;pageView=image&amp;facet=mfName_ntk_cs%253AVetta&amp;minPrice=&amp;categoryId=25573&amp;storeId=10601","name":"Vetta","count":"10","className":""},{"url":"http://shop.coles.com.au/online/SearchDisplay?searchTermScope=&amp;multiSearch=&amp;searchType=2&amp;maxPrice=&amp;showResultsPage=true&amp;langId=-1&amp;beginIndex=0&amp;sType=SimpleSearch&amp;metaData=&amp;browseView=true&amp;manufacturer=&amp;resultCatEntryType=&amp;catalogId=10576&amp;pageView=image&amp;facet=mfName_ntk_cs%253AVicks&amp;minPrice=&amp;categoryId=25573&amp;storeId=10601","name":"Vicks","count":"3","className":""},{"url":"http://shop.coles.com.au/online/SearchDisplay?searchTermScope=&amp;multiSearch=&amp;searchType=2&amp;maxPrice=&amp;showResultsPage=true&amp;langId=-1&amp;beginIndex=0&amp;sType=SimpleSearch&amp;metaData=&amp;browseView=true&amp;manufacturer=&amp;resultCatEntryType=&amp;catalogId=10576&amp;pageView=image&amp;facet=mfName_ntk_cs%253AVirgin%2BGarden&amp;minPrice=&amp;categoryId=25573&amp;storeId=10601","name":"Virgin Garden","count":"1","className":""},{"url":"http://shop.coles.com.au/online/SearchDisplay?searchTermScope=&amp;multiSearch=&amp;searchType=2&amp;maxPrice=&amp;showResultsPage=true&amp;langId=-1&amp;beginIndex=0&amp;sType=SimpleSearch&amp;metaData=&amp;browseView=true&amp;manufacturer=&amp;resultCatEntryType=&amp;catalogId=10576&amp;pageView=image&amp;facet=mfName_ntk_cs%253AVita%2BVigor&amp;minPrice=&amp;categoryId=25573&amp;storeId=10601","name":"Vita Vigor","count":"3","className":""},{"url":"http://shop.coles.com.au/online/SearchDisplay?searchTermScope=&amp;multiSearch=&amp;searchType=2&amp;maxPrice=&amp;showResultsPage=true&amp;langId=-1&amp;beginIndex=0&amp;sType=SimpleSearch&amp;metaData=&amp;browseView=true&amp;manufacturer=&amp;resultCatEntryType=&amp;catalogId=10576&amp;pageView=image&amp;facet=mfName_ntk_cs%253AVital&amp;minPrice=&amp;categoryId=25573&amp;storeId=10601","name":"Vital","count":"1","className":""},{"url":"http://shop.coles.com.au/online/SearchDisplay?searchTermScope=&amp;multiSearch=&amp;searchType=2&amp;maxPrice=&amp;showResultsPage=true&amp;langId=-1&amp;beginIndex=0&amp;sType=SimpleSearch&amp;metaData=&amp;browseView=true&amp;manufacturer=&amp;resultCatEntryType=&amp;catalogId=10576&amp;pageView=image&amp;facet=mfName_ntk_cs%253AVitaminka&amp;minPrice=&amp;categoryId=25573&amp;storeId=10601","name":"Vitaminka","count":"1","className":""},{"url":"http://shop.coles.com.au/online/SearchDisplay?searchTermScope=&amp;multiSearch=&amp;searchType=2&amp;maxPrice=&amp;showResultsPage=true&amp;langId=-1&amp;beginIndex=0&amp;sType=SimpleSearch&amp;metaData=&amp;browseView=true&amp;manufacturer=&amp;resultCatEntryType=&amp;catalogId=10576&amp;pageView=image&amp;facet=mfName_ntk_cs%253AVittoria&amp;minPrice=&amp;categoryId=25573&amp;storeId=10601","name":"Vittoria","count":"14","className":""},{"url":"http://shop.coles.com.au/online/SearchDisplay?searchTermScope=&amp;multiSearch=&amp;searchType=2&amp;maxPrice=&amp;showResultsPage=true&amp;langId=-1&amp;beginIndex=0&amp;sType=SimpleSearch&amp;metaData=&amp;browseView=true&amp;manufacturer=&amp;resultCatEntryType=&amp;catalogId=10576&amp;pageView=image&amp;facet=mfName_ntk_cs%253AVogel%2527s&amp;minPrice=&amp;categoryId=25573&amp;storeId=10601","name":"Vogel&#039;s","count":"2","className":""},{"url":"http://shop.coles.com.au/online/SearchDisplay?searchTermScope=&amp;multiSearch=&amp;searchType=2&amp;maxPrice=&amp;showResultsPage=true&amp;langId=-1&amp;beginIndex=0&amp;sType=SimpleSearch&amp;metaData=&amp;browseView=true&amp;manufacturer=&amp;resultCatEntryType=&amp;catalogId=10576&amp;pageView=image&amp;facet=mfName_ntk_cs%253AWai%2BWai&amp;minPrice=&amp;categoryId=25573&amp;storeId=10601","name":"Wai Wai","count":"1","className":""},{"url":"http://shop.coles.com.au/online/SearchDisplay?searchTermScope=&amp;multiSearch=&amp;searchType=2&amp;maxPrice=&amp;showResultsPage=true&amp;langId=-1&amp;beginIndex=0&amp;sType=SimpleSearch&amp;metaData=&amp;browseView=true&amp;manufacturer=&amp;resultCatEntryType=&amp;catalogId=10576&amp;pageView=image&amp;facet=mfName_ntk_cs%253AWalco&amp;minPrice=&amp;categoryId=25573&amp;storeId=10601","name":"Walco","count":"1","className":""},{"url":"http://shop.coles.com.au/online/SearchDisplay?searchTermScope=&amp;multiSearch=&amp;searchType=2&amp;maxPrice=&amp;showResultsPage=true&amp;langId=-1&amp;beginIndex=0&amp;sType=SimpleSearch&amp;metaData=&amp;browseView=true&amp;manufacturer=&amp;resultCatEntryType=&amp;catalogId=10576&amp;pageView=image&amp;facet=mfName_ntk_cs%253AWalkers&amp;minPrice=&amp;categoryId=25573&amp;storeId=10601","name":"Walkers","count":"1","className":""},{"url":"http://shop.coles.com.au/online/SearchDisplay?searchTermScope=&amp;multiSearch=&amp;searchType=2&amp;maxPrice=&amp;showResultsPage=true&amp;langId=-1&amp;beginIndex=0&amp;sType=SimpleSearch&amp;metaData=&amp;browseView=true&amp;manufacturer=&amp;resultCatEntryType=&amp;catalogId=10576&amp;pageView=image&amp;facet=mfName_ntk_cs%253AWallaby&amp;minPrice=&amp;categoryId=25573&amp;storeId=10601","name":"Wallaby","count":"3","className":""},{"url":"http://shop.coles.com.au/online/SearchDisplay?searchTermScope=&amp;multiSearch=&amp;searchType=2&amp;maxPrice=&amp;showResultsPage=true&amp;langId=-1&amp;beginIndex=0&amp;sType=SimpleSearch&amp;metaData=&amp;browseView=true&amp;manufacturer=&amp;resultCatEntryType=&amp;catalogId=10576&amp;pageView=image&amp;facet=mfName_ntk_cs%253AWards&amp;minPrice=&amp;categoryId=25573&amp;storeId=10601","name":"Wards","count":"2","className":""},{"url":"http://shop.coles.com.au/online/SearchDisplay?searchTermScope=&amp;multiSearch=&amp;searchType=2&amp;maxPrice=&amp;showResultsPage=true&amp;langId=-1&amp;beginIndex=0&amp;sType=SimpleSearch&amp;metaData=&amp;browseView=true&amp;manufacturer=&amp;resultCatEntryType=&amp;catalogId=10576&amp;pageView=image&amp;facet=mfName_ntk_cs%253AWarheads&amp;minPrice=&amp;categoryId=25573&amp;storeId=10601","name":"Warheads","count":"2","className":""},{"url":"http://shop.coles.com.au/online/SearchDisplay?searchTermScope=&amp;multiSearch=&amp;searchType=2&amp;maxPrice=&amp;showResultsPage=true&amp;langId=-1&amp;beginIndex=0&amp;sType=SimpleSearch&amp;metaData=&amp;browseView=true&amp;manufacturer=&amp;resultCatEntryType=&amp;catalogId=10576&amp;pageView=image&amp;facet=mfName_ntk_cs%253AWater%2BThins&amp;minPrice=&amp;categoryId=25573&amp;storeId=10601","name":"Water Thins","count":"9","className":""},{"url":"http://shop.coles.com.au/online/SearchDisplay?searchTermScope=&amp;multiSearch=&amp;searchType=2&amp;maxPrice=&amp;showResultsPage=true&amp;langId=-1&amp;beginIndex=0&amp;sType=SimpleSearch&amp;metaData=&amp;browseView=true&amp;manufacturer=&amp;resultCatEntryType=&amp;catalogId=10576&amp;pageView=image&amp;facet=mfName_ntk_cs%253AWaterthins&amp;minPrice=&amp;categoryId=25573&amp;storeId=10601","name":"Waterthins","count":"1","className":""},{"url":"http://shop.coles.com.au/online/SearchDisplay?searchTermScope=&amp;multiSearch=&amp;searchType=2&amp;maxPrice=&amp;showResultsPage=true&amp;langId=-1&amp;beginIndex=0&amp;sType=SimpleSearch&amp;metaData=&amp;browseView=true&amp;manufacturer=&amp;resultCatEntryType=&amp;catalogId=10576&amp;pageView=image&amp;facet=mfName_ntk_cs%253AWatties&amp;minPrice=&amp;categoryId=25573&amp;storeId=10601","name":"Watties","count":"2","className":""},{"url":"http://shop.coles.com.au/online/SearchDisplay?searchTermScope=&amp;multiSearch=&amp;searchType=2&amp;maxPrice=&amp;showResultsPage=true&amp;langId=-1&amp;beginIndex=0&amp;sType=SimpleSearch&amp;metaData=&amp;browseView=true&amp;manufacturer=&amp;resultCatEntryType=&amp;catalogId=10576&amp;pageView=image&amp;facet=mfName_ntk_cs%253AWeight%2BWatchers&amp;minPrice=&amp;categoryId=25573&amp;storeId=10601","name":"Weight Watchers","count":"14","className":""},{"url":"http://shop.coles.com.au/online/SearchDisplay?searchTermScope=&amp;multiSearch=&amp;searchType=2&amp;maxPrice=&amp;showResultsPage=true&amp;langId=-1&amp;beginIndex=0&amp;sType=SimpleSearch&amp;metaData=&amp;browseView=true&amp;manufacturer=&amp;resultCatEntryType=&amp;catalogId=10576&amp;pageView=image&amp;facet=mfName_ntk_cs%253AWell%2B%2526%2BGood&amp;minPrice=&amp;categoryId=25573&amp;storeId=10601","name":"Well &amp; Good","count":"1","className":""},{"url":"http://shop.coles.com.au/online/SearchDisplay?searchTermScope=&amp;multiSearch=&amp;searchType=2&amp;maxPrice=&amp;showResultsPage=true&amp;langId=-1&amp;beginIndex=0&amp;sType=SimpleSearch&amp;metaData=&amp;browseView=true&amp;manufacturer=&amp;resultCatEntryType=&amp;catalogId=10576&amp;pageView=image&amp;facet=mfName_ntk_cs%253AWell%2BNaturally&amp;minPrice=&amp;categoryId=25573&amp;storeId=10601","name":"Well Naturally","count":"6","className":""},{"url":"http://shop.coles.com.au/online/SearchDisplay?searchTermScope=&amp;multiSearch=&amp;searchType=2&amp;maxPrice=&amp;showResultsPage=true&amp;langId=-1&amp;beginIndex=0&amp;sType=SimpleSearch&amp;metaData=&amp;browseView=true&amp;manufacturer=&amp;resultCatEntryType=&amp;catalogId=10576&amp;pageView=image&amp;facet=mfName_ntk_cs%253AWellaby%2527s&amp;minPrice=&amp;categoryId=25573&amp;storeId=10601","name":"Wellaby&#039;s","count":"3","className":""},{"url":"http://shop.coles.com.au/online/SearchDisplay?searchTermScope=&amp;multiSearch=&amp;searchType=2&amp;maxPrice=&amp;showResultsPage=true&amp;langId=-1&amp;beginIndex=0&amp;sType=SimpleSearch&amp;metaData=&amp;browseView=true&amp;manufacturer=&amp;resultCatEntryType=&amp;catalogId=10576&amp;pageView=image&amp;facet=mfName_ntk_cs%253AWerther%2527s&amp;minPrice=&amp;categoryId=25573&amp;storeId=10601","name":"Werther&#039;s","count":"1","className":""},{"url":"http://shop.coles.com.au/online/SearchDisplay?searchTermScope=&amp;multiSearch=&amp;searchType=2&amp;maxPrice=&amp;showResultsPage=true&amp;langId=-1&amp;beginIndex=0&amp;sType=SimpleSearch&amp;metaData=&amp;browseView=true&amp;manufacturer=&amp;resultCatEntryType=&amp;catalogId=10576&amp;pageView=image&amp;facet=mfName_ntk_cs%253AWerther%2527s%2BOriginal&amp;minPrice=&amp;categoryId=25573&amp;storeId=10601","name":"Werther&#039;s Original","count":"6","className":""},{"url":"http://shop.coles.com.au/online/SearchDisplay?searchTermScope=&amp;multiSearch=&amp;searchType=2&amp;maxPrice=&amp;showResultsPage=true&amp;langId=-1&amp;beginIndex=0&amp;sType=SimpleSearch&amp;metaData=&amp;browseView=true&amp;manufacturer=&amp;resultCatEntryType=&amp;catalogId=10576&amp;pageView=image&amp;facet=mfName_ntk_cs%253AWescobee&amp;minPrice=&amp;categoryId=25573&amp;storeId=10601","name":"Wescobee","count":"3","className":""},{"url":"http://shop.coles.com.au/online/SearchDisplay?searchTermScope=&amp;multiSearch=&amp;searchType=2&amp;maxPrice=&amp;showResultsPage=true&amp;langId=-1&amp;beginIndex=0&amp;sType=SimpleSearch&amp;metaData=&amp;browseView=true&amp;manufacturer=&amp;resultCatEntryType=&amp;catalogId=10576&amp;pageView=image&amp;facet=mfName_ntk_cs%253AWhite%2BOrchid&amp;minPrice=&amp;categoryId=25573&amp;storeId=10601","name":"White Orchid","count":"1","className":""},{"url":"http://shop.coles.com.au/online/SearchDisplay?searchTermScope=&amp;multiSearch=&amp;searchType=2&amp;maxPrice=&amp;showResultsPage=true&amp;langId=-1&amp;beginIndex=0&amp;sType=SimpleSearch&amp;metaData=&amp;browseView=true&amp;manufacturer=&amp;resultCatEntryType=&amp;catalogId=10576&amp;pageView=image&amp;facet=mfName_ntk_cs%253AWhite%2BWings&amp;minPrice=&amp;categoryId=25573&amp;storeId=10601","name":"White Wings","count":"56","className":""},{"url":"http://shop.coles.com.au/online/SearchDisplay?searchTermScope=&amp;multiSearch=&amp;searchType=2&amp;maxPrice=&amp;showResultsPage=true&amp;langId=-1&amp;beginIndex=0&amp;sType=SimpleSearch&amp;metaData=&amp;browseView=true&amp;manufacturer=&amp;resultCatEntryType=&amp;catalogId=10576&amp;pageView=image&amp;facet=mfName_ntk_cs%253AWhittakers&amp;minPrice=&amp;categoryId=25573&amp;storeId=10601","name":"Whittakers","count":"1","className":""},{"url":"http://shop.coles.com.au/online/SearchDisplay?searchTermScope=&amp;multiSearch=&amp;searchType=2&amp;maxPrice=&amp;showResultsPage=true&amp;langId=-1&amp;beginIndex=0&amp;sType=SimpleSearch&amp;metaData=&amp;browseView=true&amp;manufacturer=&amp;resultCatEntryType=&amp;catalogId=10576&amp;pageView=image&amp;facet=mfName_ntk_cs%253AWice&amp;minPrice=&amp;categoryId=25573&amp;storeId=10601","name":"Wice","count":"2","className":""},{"url":"http://shop.coles.com.au/online/SearchDisplay?searchTermScope=&amp;multiSearch=&amp;searchType=2&amp;maxPrice=&amp;showResultsPage=true&amp;langId=-1&amp;beginIndex=0&amp;sType=SimpleSearch&amp;metaData=&amp;browseView=true&amp;manufacturer=&amp;resultCatEntryType=&amp;catalogId=10576&amp;pageView=image&amp;facet=mfName_ntk_cs%253AWilds&amp;minPrice=&amp;categoryId=25573&amp;storeId=10601","name":"Wilds","count":"1","className":""},{"url":"http://shop.coles.com.au/online/SearchDisplay?searchTermScope=&amp;multiSearch=&amp;searchType=2&amp;maxPrice=&amp;showResultsPage=true&amp;langId=-1&amp;beginIndex=0&amp;sType=SimpleSearch&amp;metaData=&amp;browseView=true&amp;manufacturer=&amp;resultCatEntryType=&amp;catalogId=10576&amp;pageView=image&amp;facet=mfName_ntk_cs%253AWillie%2527s%2BCacao&amp;minPrice=&amp;categoryId=25573&amp;storeId=10601","name":"Willie&#039;s Cacao","count":"4","className":""},{"url":"http://shop.coles.com.au/online/SearchDisplay?searchTermScope=&amp;multiSearch=&amp;searchType=2&amp;maxPrice=&amp;showResultsPage=true&amp;langId=-1&amp;beginIndex=0&amp;sType=SimpleSearch&amp;metaData=&amp;browseView=true&amp;manufacturer=&amp;resultCatEntryType=&amp;catalogId=10576&amp;pageView=image&amp;facet=mfName_ntk_cs%253AWillies%2BCacao&amp;minPrice=&amp;categoryId=25573&amp;storeId=10601","name":"Willies Cacao","count":"2","className":""},{"url":"http://shop.coles.com.au/online/SearchDisplay?searchTermScope=&amp;multiSearch=&amp;searchType=2&amp;maxPrice=&amp;showResultsPage=true&amp;langId=-1&amp;beginIndex=0&amp;sType=SimpleSearch&amp;metaData=&amp;browseView=true&amp;manufacturer=&amp;resultCatEntryType=&amp;catalogId=10576&amp;pageView=image&amp;facet=mfName_ntk_cs%253AWing%2BHong&amp;minPrice=&amp;categoryId=25573&amp;storeId=10601","name":"Wing Hong","count":"1","className":""},{"url":"http://shop.coles.com.au/online/SearchDisplay?searchTermScope=&amp;multiSearch=&amp;searchType=2&amp;maxPrice=&amp;showResultsPage=true&amp;langId=-1&amp;beginIndex=0&amp;sType=SimpleSearch&amp;metaData=&amp;browseView=true&amp;manufacturer=&amp;resultCatEntryType=&amp;catalogId=10576&amp;pageView=image&amp;facet=mfName_ntk_cs%253AWinn&amp;minPrice=&amp;categoryId=25573&amp;storeId=10601","name":"Winn","count":"1","className":""},{"url":"http://shop.coles.com.au/online/SearchDisplay?searchTermScope=&amp;multiSearch=&amp;searchType=2&amp;maxPrice=&amp;showResultsPage=true&amp;langId=-1&amp;beginIndex=0&amp;sType=SimpleSearch&amp;metaData=&amp;browseView=true&amp;manufacturer=&amp;resultCatEntryType=&amp;catalogId=10576&amp;pageView=image&amp;facet=mfName_ntk_cs%253AWinners&amp;minPrice=&amp;categoryId=25573&amp;storeId=10601","name":"Winners","count":"6","className":""},{"url":"http://shop.coles.com.au/online/SearchDisplay?searchTermScope=&amp;multiSearch=&amp;searchType=2&amp;maxPrice=&amp;showResultsPage=true&amp;langId=-1&amp;beginIndex=0&amp;sType=SimpleSearch&amp;metaData=&amp;browseView=true&amp;manufacturer=&amp;resultCatEntryType=&amp;catalogId=10576&amp;pageView=image&amp;facet=mfName_ntk_cs%253AWokka&amp;minPrice=&amp;categoryId=25573&amp;storeId=10601","name":"Wokka","count":"8","className":""},{"url":"http://shop.coles.com.au/online/SearchDisplay?searchTermScope=&amp;multiSearch=&amp;searchType=2&amp;maxPrice=&amp;showResultsPage=true&amp;langId=-1&amp;beginIndex=0&amp;sType=SimpleSearch&amp;metaData=&amp;browseView=true&amp;manufacturer=&amp;resultCatEntryType=&amp;catalogId=10576&amp;pageView=image&amp;facet=mfName_ntk_cs%253AWonderful&amp;minPrice=&amp;categoryId=25573&amp;storeId=10601","name":"Wonderful","count":"3","className":""},{"url":"http://shop.coles.com.au/online/SearchDisplay?searchTermScope=&amp;multiSearch=&amp;searchType=2&amp;maxPrice=&amp;showResultsPage=true&amp;langId=-1&amp;beginIndex=0&amp;sType=SimpleSearch&amp;metaData=&amp;browseView=true&amp;manufacturer=&amp;resultCatEntryType=&amp;catalogId=10576&amp;pageView=image&amp;facet=mfName_ntk_cs%253AWonka&amp;minPrice=&amp;categoryId=25573&amp;storeId=10601","name":"Wonka","count":"1","className":""},{"url":"http://shop.coles.com.au/online/SearchDisplay?searchTermScope=&amp;multiSearch=&amp;searchType=2&amp;maxPrice=&amp;showResultsPage=true&amp;langId=-1&amp;beginIndex=0&amp;sType=SimpleSearch&amp;metaData=&amp;browseView=true&amp;manufacturer=&amp;resultCatEntryType=&amp;catalogId=10576&amp;pageView=image&amp;facet=mfName_ntk_cs%253AWow&amp;minPrice=&amp;categoryId=25573&amp;storeId=10601","name":"Wow","count":"8","className":""},{"url":"http://shop.coles.com.au/online/SearchDisplay?searchTermScope=&amp;multiSearch=&amp;searchType=2&amp;maxPrice=&amp;showResultsPage=true&amp;langId=-1&amp;beginIndex=0&amp;sType=SimpleSearch&amp;metaData=&amp;browseView=true&amp;manufacturer=&amp;resultCatEntryType=&amp;catalogId=10576&amp;pageView=image&amp;facet=mfName_ntk_cs%253AWriggley&amp;minPrice=&amp;categoryId=25573&amp;storeId=10601","name":"Wriggley","count":"1","className":""},{"url":"http://shop.coles.com.au/online/SearchDisplay?searchTermScope=&amp;multiSearch=&amp;searchType=2&amp;maxPrice=&amp;showResultsPage=true&amp;langId=-1&amp;beginIndex=0&amp;sType=SimpleSearch&amp;metaData=&amp;browseView=true&amp;manufacturer=&amp;resultCatEntryType=&amp;catalogId=10576&amp;pageView=image&amp;facet=mfName_ntk_cs%253AWrigley&amp;minPrice=&amp;categoryId=25573&amp;storeId=10601","name":"Wrigley","count":"50","className":""},{"url":"http://shop.coles.com.au/online/SearchDisplay?searchTermScope=&amp;multiSearch=&amp;searchType=2&amp;maxPrice=&amp;showResultsPage=true&amp;langId=-1&amp;beginIndex=0&amp;sType=SimpleSearch&amp;metaData=&amp;browseView=true&amp;manufacturer=&amp;resultCatEntryType=&amp;catalogId=10576&amp;pageView=image&amp;facet=mfName_ntk_cs%253AX-Treme&amp;minPrice=&amp;categoryId=25573&amp;storeId=10601","name":"X-Treme","count":"1","className":""},{"url":"http://shop.coles.com.au/online/SearchDisplay?searchTermScope=&amp;multiSearch=&amp;searchType=2&amp;maxPrice=&amp;showResultsPage=true&amp;langId=-1&amp;beginIndex=0&amp;sType=SimpleSearch&amp;metaData=&amp;browseView=true&amp;manufacturer=&amp;resultCatEntryType=&amp;catalogId=10576&amp;pageView=image&amp;facet=mfName_ntk_cs%253AYackandandah&amp;minPrice=&amp;categoryId=25573&amp;storeId=10601","name":"Yackandandah","count":"4","className":""},{"url":"http://shop.coles.com.au/online/SearchDisplay?searchTermScope=&amp;multiSearch=&amp;searchType=2&amp;maxPrice=&amp;showResultsPage=true&amp;langId=-1&amp;beginIndex=0&amp;sType=SimpleSearch&amp;metaData=&amp;browseView=true&amp;manufacturer=&amp;resultCatEntryType=&amp;catalogId=10576&amp;pageView=image&amp;facet=mfName_ntk_cs%253AYaru&amp;minPrice=&amp;categoryId=25573&amp;storeId=10601","name":"Yaru","count":"4","className":""},{"url":"http://shop.coles.com.au/online/SearchDisplay?searchTermScope=&amp;multiSearch=&amp;searchType=2&amp;maxPrice=&amp;showResultsPage=true&amp;langId=-1&amp;beginIndex=0&amp;sType=SimpleSearch&amp;metaData=&amp;browseView=true&amp;manufacturer=&amp;resultCatEntryType=&amp;catalogId=10576&amp;pageView=image&amp;facet=mfName_ntk_cs%253AYeo%2527s&amp;minPrice=&amp;categoryId=25573&amp;storeId=10601","name":"Yeo&#039;s","count":"6","className":""},{"url":"http://shop.coles.com.au/online/SearchDisplay?searchTermScope=&amp;multiSearch=&amp;searchType=2&amp;maxPrice=&amp;showResultsPage=true&amp;langId=-1&amp;beginIndex=0&amp;sType=SimpleSearch&amp;metaData=&amp;browseView=true&amp;manufacturer=&amp;resultCatEntryType=&amp;catalogId=10576&amp;pageView=image&amp;facet=mfName_ntk_cs%253AZafarelli&amp;minPrice=&amp;categoryId=25573&amp;storeId=10601","name":"Zafarelli","count":"9","className":""},{"url":"http://shop.coles.com.au/online/SearchDisplay?searchTermScope=&amp;multiSearch=&amp;searchType=2&amp;maxPrice=&amp;showResultsPage=true&amp;langId=-1&amp;beginIndex=0&amp;sType=SimpleSearch&amp;metaData=&amp;browseView=true&amp;manufacturer=&amp;resultCatEntryType=&amp;catalogId=10576&amp;pageView=image&amp;facet=mfName_ntk_cs%253AZhen&amp;minPrice=&amp;categoryId=25573&amp;storeId=10601","name":"Zhen","count":"1","className":""},{"url":"http://shop.coles.com.au/online/SearchDisplay?searchTermScope=&amp;multiSearch=&amp;searchType=2&amp;maxPrice=&amp;showResultsPage=true&amp;langId=-1&amp;beginIndex=0&amp;sType=SimpleSearch&amp;metaData=&amp;browseView=true&amp;manufacturer=&amp;resultCatEntryType=&amp;catalogId=10576&amp;pageView=image&amp;facet=mfName_ntk_cs%253AZoosh&amp;minPrice=&amp;categoryId=25573&amp;storeId=10601","name":"Zoosh","count":"19","className":""}]}' title="View other types">+  view 739 other types</a></li>
	     		
    		</ul>
		</li>
		
		<li role="presentation">
			<h3>Type</h3>
			
					<a class="2" href="http://shop.coles.com.au/online/SearchDisplay?multiSearch=&amp;showResultsPage=true&amp;langId=-1&amp;beginIndex=0&amp;sType=SimpleSearch&amp;browseView=true&amp;pageSize=20&amp;resultCatEntryType=&amp;catalogId=10576&amp;pageView=image&amp;urlLangId=-1&amp;categoryId=25573&amp;storeId=10601" name="type-Type" title=""><span class="cat-facet">Show all</span>&nbsp;<span role="presentation" aria-hidden="true" class="cat-count">(6307)</span><span class="cat-count accessibility">(6307items)</span></a>
				
  			<ul>
	     		
							<li >
								
										<a href="http://shop.coles.com.au/online/SearchDisplay?searchTermScope=&amp;multiSearch=&amp;searchType=2&amp;maxPrice=&amp;showResultsPage=true&amp;langId=-1&amp;beginIndex=0&amp;sType=SimpleSearch&amp;metaData=&amp;browseView=true&amp;manufacturer=&amp;resultCatEntryType=&amp;catalogId=10576&amp;pageView=image&amp;facet=ads_f8_ntk_cs%253AAll%2BSpice&amp;minPrice=&amp;categoryId=25573&amp;storeId=10601" name="type-Type" title=""><span class="cat-facet">All Spice</span>&nbsp;<span role="presentation" aria-hidden="true" class="cat-count">(2)</span><span class="cat-count accessibility">(2items)</span></a>
									
							</li>
			     		
							<li >
								
										<a href="http://shop.coles.com.au/online/SearchDisplay?searchTermScope=&amp;multiSearch=&amp;searchType=2&amp;maxPrice=&amp;showResultsPage=true&amp;langId=-1&amp;beginIndex=0&amp;sType=SimpleSearch&amp;metaData=&amp;browseView=true&amp;manufacturer=&amp;resultCatEntryType=&amp;catalogId=10576&amp;pageView=image&amp;facet=ads_f8_ntk_cs%253AAlmonds&amp;minPrice=&amp;categoryId=25573&amp;storeId=10601" name="type-Type" title=""><span class="cat-facet">Almonds</span>&nbsp;<span role="presentation" aria-hidden="true" class="cat-count">(7)</span><span class="cat-count accessibility">(7items)</span></a>
									
							</li>
			     		
							<li >
								
										<a href="http://shop.coles.com.au/online/SearchDisplay?searchTermScope=&amp;multiSearch=&amp;searchType=2&amp;maxPrice=&amp;showResultsPage=true&amp;langId=-1&amp;beginIndex=0&amp;sType=SimpleSearch&amp;metaData=&amp;browseView=true&amp;manufacturer=&amp;resultCatEntryType=&amp;catalogId=10576&amp;pageView=image&amp;facet=ads_f8_ntk_cs%253AAnchovies&amp;minPrice=&amp;categoryId=25573&amp;storeId=10601" name="type-Type" title=""><span class="cat-facet">Anchovies</span>&nbsp;<span role="presentation" aria-hidden="true" class="cat-count">(4)</span><span class="cat-count accessibility">(4items)</span></a>
									
							</li>
			     		
							<li >
								
										<a href="http://shop.coles.com.au/online/SearchDisplay?searchTermScope=&amp;multiSearch=&amp;searchType=2&amp;maxPrice=&amp;showResultsPage=true&amp;langId=-1&amp;beginIndex=0&amp;sType=SimpleSearch&amp;metaData=&amp;browseView=true&amp;manufacturer=&amp;resultCatEntryType=&amp;catalogId=10576&amp;pageView=image&amp;facet=ads_f8_ntk_cs%253AApricot%2B%2526%2BPeach%2BJam&amp;minPrice=&amp;categoryId=25573&amp;storeId=10601" name="type-Type" title=""><span class="cat-facet">Apricot &amp; Peach Jam</span>&nbsp;<span role="presentation" aria-hidden="true" class="cat-count">(11)</span><span class="cat-count accessibility">(11items)</span></a>
									
							</li>
			     		
							<li >
								
										<a href="http://shop.coles.com.au/online/SearchDisplay?searchTermScope=&amp;multiSearch=&amp;searchType=2&amp;maxPrice=&amp;showResultsPage=true&amp;langId=-1&amp;beginIndex=0&amp;sType=SimpleSearch&amp;metaData=&amp;browseView=true&amp;manufacturer=&amp;resultCatEntryType=&amp;catalogId=10576&amp;pageView=image&amp;facet=ads_f8_ntk_cs%253AApricots&amp;minPrice=&amp;categoryId=25573&amp;storeId=10601" name="type-Type" title=""><span class="cat-facet">Apricots</span>&nbsp;<span role="presentation" aria-hidden="true" class="cat-count">(1)</span><span class="cat-count accessibility">(1items)</span></a>
									
							</li>
			     		
							<li >
								
										<a href="http://shop.coles.com.au/online/SearchDisplay?searchTermScope=&amp;multiSearch=&amp;searchType=2&amp;maxPrice=&amp;showResultsPage=true&amp;langId=-1&amp;beginIndex=0&amp;sType=SimpleSearch&amp;metaData=&amp;browseView=true&amp;manufacturer=&amp;resultCatEntryType=&amp;catalogId=10576&amp;pageView=image&amp;facet=ads_f8_ntk_cs%253AArborio%2BRice&amp;minPrice=&amp;categoryId=25573&amp;storeId=10601" name="type-Type" title=""><span class="cat-facet">Arborio Rice</span>&nbsp;<span role="presentation" aria-hidden="true" class="cat-count">(2)</span><span class="cat-count accessibility">(2items)</span></a>
									
							</li>
			     		
							<li >
								
										<a href="http://shop.coles.com.au/online/SearchDisplay?searchTermScope=&amp;multiSearch=&amp;searchType=2&amp;maxPrice=&amp;showResultsPage=true&amp;langId=-1&amp;beginIndex=0&amp;sType=SimpleSearch&amp;metaData=&amp;browseView=true&amp;manufacturer=&amp;resultCatEntryType=&amp;catalogId=10576&amp;pageView=image&amp;facet=ads_f8_ntk_cs%253AArtichokes&amp;minPrice=&amp;categoryId=25573&amp;storeId=10601" name="type-Type" title=""><span class="cat-facet">Artichokes</span>&nbsp;<span role="presentation" aria-hidden="true" class="cat-count">(4)</span><span class="cat-count accessibility">(4items)</span></a>
									
							</li>
			     		
							<li >
								
										<a href="http://shop.coles.com.au/online/SearchDisplay?searchTermScope=&amp;multiSearch=&amp;searchType=2&amp;maxPrice=&amp;showResultsPage=true&amp;langId=-1&amp;beginIndex=0&amp;sType=SimpleSearch&amp;metaData=&amp;browseView=true&amp;manufacturer=&amp;resultCatEntryType=&amp;catalogId=10576&amp;pageView=image&amp;facet=ads_f8_ntk_cs%253ABBQ%2BChips&amp;minPrice=&amp;categoryId=25573&amp;storeId=10601" name="type-Type" title=""><span class="cat-facet">BBQ Chips</span>&nbsp;<span role="presentation" aria-hidden="true" class="cat-count">(8)</span><span class="cat-count accessibility">(8items)</span></a>
									
							</li>
			     		
							<li >
								
										<a href="http://shop.coles.com.au/online/SearchDisplay?searchTermScope=&amp;multiSearch=&amp;searchType=2&amp;maxPrice=&amp;showResultsPage=true&amp;langId=-1&amp;beginIndex=0&amp;sType=SimpleSearch&amp;metaData=&amp;browseView=true&amp;manufacturer=&amp;resultCatEntryType=&amp;catalogId=10576&amp;pageView=image&amp;facet=ads_f8_ntk_cs%253ABaked%2BBeans&amp;minPrice=&amp;categoryId=25573&amp;storeId=10601" name="type-Type" title=""><span class="cat-facet">Baked Beans</span>&nbsp;<span role="presentation" aria-hidden="true" class="cat-count">(32)</span><span class="cat-count accessibility">(32items)</span></a>
									
							</li>
			     		
							<li >
								
										<a href="http://shop.coles.com.au/online/SearchDisplay?searchTermScope=&amp;multiSearch=&amp;searchType=2&amp;maxPrice=&amp;showResultsPage=true&amp;langId=-1&amp;beginIndex=0&amp;sType=SimpleSearch&amp;metaData=&amp;browseView=true&amp;manufacturer=&amp;resultCatEntryType=&amp;catalogId=10576&amp;pageView=image&amp;facet=ads_f8_ntk_cs%253ABaking%2BIngredients&amp;minPrice=&amp;categoryId=25573&amp;storeId=10601" name="type-Type" title=""><span class="cat-facet">Baking Ingredients</span>&nbsp;<span role="presentation" aria-hidden="true" class="cat-count">(33)</span><span class="cat-count accessibility">(33items)</span></a>
									
							</li>
			     		
				<li><a href="#" class="more" data-hidden-facets='{"type":"Type","facets":[{"url":"http://shop.coles.com.au/online/SearchDisplay?searchTermScope=&amp;multiSearch=&amp;searchType=2&amp;maxPrice=&amp;showResultsPage=true&amp;langId=-1&amp;beginIndex=0&amp;sType=SimpleSearch&amp;metaData=&amp;browseView=true&amp;manufacturer=&amp;resultCatEntryType=&amp;catalogId=10576&amp;pageView=image&amp;facet=ads_f8_ntk_cs%253ABaking%2BPowder&amp;minPrice=&amp;categoryId=25573&amp;storeId=10601","name":"Baking Powder","count":"2","className":""},{"url":"http://shop.coles.com.au/online/SearchDisplay?searchTermScope=&amp;multiSearch=&amp;searchType=2&amp;maxPrice=&amp;showResultsPage=true&amp;langId=-1&amp;beginIndex=0&amp;sType=SimpleSearch&amp;metaData=&amp;browseView=true&amp;manufacturer=&amp;resultCatEntryType=&amp;catalogId=10576&amp;pageView=image&amp;facet=ads_f8_ntk_cs%253ABalsamic%2BDressing&amp;minPrice=&amp;categoryId=25573&amp;storeId=10601","name":"Balsamic Dressing","count":"6","className":""},{"url":"http://shop.coles.com.au/online/SearchDisplay?searchTermScope=&amp;multiSearch=&amp;searchType=2&amp;maxPrice=&amp;showResultsPage=true&amp;langId=-1&amp;beginIndex=0&amp;sType=SimpleSearch&amp;metaData=&amp;browseView=true&amp;manufacturer=&amp;resultCatEntryType=&amp;catalogId=10576&amp;pageView=image&amp;facet=ads_f8_ntk_cs%253ABalsamic%2BVinegar&amp;minPrice=&amp;categoryId=25573&amp;storeId=10601","name":"Balsamic Vinegar","count":"10","className":""},{"url":"http://shop.coles.com.au/online/SearchDisplay?searchTermScope=&amp;multiSearch=&amp;searchType=2&amp;maxPrice=&amp;showResultsPage=true&amp;langId=-1&amp;beginIndex=0&amp;sType=SimpleSearch&amp;metaData=&amp;browseView=true&amp;manufacturer=&amp;resultCatEntryType=&amp;catalogId=10576&amp;pageView=image&amp;facet=ads_f8_ntk_cs%253ABanana%2BDrinks&amp;minPrice=&amp;categoryId=25573&amp;storeId=10601","name":"Banana Drinks","count":"3","className":""},{"url":"http://shop.coles.com.au/online/SearchDisplay?searchTermScope=&amp;multiSearch=&amp;searchType=2&amp;maxPrice=&amp;showResultsPage=true&amp;langId=-1&amp;beginIndex=0&amp;sType=SimpleSearch&amp;metaData=&amp;browseView=true&amp;manufacturer=&amp;resultCatEntryType=&amp;catalogId=10576&amp;pageView=image&amp;facet=ads_f8_ntk_cs%253ABarbeque%2BSauce&amp;minPrice=&amp;categoryId=25573&amp;storeId=10601","name":"Barbeque Sauce","count":"19","className":""},{"url":"http://shop.coles.com.au/online/SearchDisplay?searchTermScope=&amp;multiSearch=&amp;searchType=2&amp;maxPrice=&amp;showResultsPage=true&amp;langId=-1&amp;beginIndex=0&amp;sType=SimpleSearch&amp;metaData=&amp;browseView=true&amp;manufacturer=&amp;resultCatEntryType=&amp;catalogId=10576&amp;pageView=image&amp;facet=ads_f8_ntk_cs%253ABasil&amp;minPrice=&amp;categoryId=25573&amp;storeId=10601","name":"Basil","count":"3","className":""},{"url":"http://shop.coles.com.au/online/SearchDisplay?searchTermScope=&amp;multiSearch=&amp;searchType=2&amp;maxPrice=&amp;showResultsPage=true&amp;langId=-1&amp;beginIndex=0&amp;sType=SimpleSearch&amp;metaData=&amp;browseView=true&amp;manufacturer=&amp;resultCatEntryType=&amp;catalogId=10576&amp;pageView=image&amp;facet=ads_f8_ntk_cs%253ABasil%2BPesto&amp;minPrice=&amp;categoryId=25573&amp;storeId=10601","name":"Basil Pesto","count":"3","className":""},{"url":"http://shop.coles.com.au/online/SearchDisplay?searchTermScope=&amp;multiSearch=&amp;searchType=2&amp;maxPrice=&amp;showResultsPage=true&amp;langId=-1&amp;beginIndex=0&amp;sType=SimpleSearch&amp;metaData=&amp;browseView=true&amp;manufacturer=&amp;resultCatEntryType=&amp;catalogId=10576&amp;pageView=image&amp;facet=ads_f8_ntk_cs%253ABasmati%2BRice&amp;minPrice=&amp;categoryId=25573&amp;storeId=10601","name":"Basmati Rice","count":"9","className":""},{"url":"http://shop.coles.com.au/online/SearchDisplay?searchTermScope=&amp;multiSearch=&amp;searchType=2&amp;maxPrice=&amp;showResultsPage=true&amp;langId=-1&amp;beginIndex=0&amp;sType=SimpleSearch&amp;metaData=&amp;browseView=true&amp;manufacturer=&amp;resultCatEntryType=&amp;catalogId=10576&amp;pageView=image&amp;facet=ads_f8_ntk_cs%253ABay%2BLeaves&amp;minPrice=&amp;categoryId=25573&amp;storeId=10601","name":"Bay Leaves","count":"2","className":""},{"url":"http://shop.coles.com.au/online/SearchDisplay?searchTermScope=&amp;multiSearch=&amp;searchType=2&amp;maxPrice=&amp;showResultsPage=true&amp;langId=-1&amp;beginIndex=0&amp;sType=SimpleSearch&amp;metaData=&amp;browseView=true&amp;manufacturer=&amp;resultCatEntryType=&amp;catalogId=10576&amp;pageView=image&amp;facet=ads_f8_ntk_cs%253ABeef%2BSauces&amp;minPrice=&amp;categoryId=25573&amp;storeId=10601","name":"Beef Sauces","count":"5","className":""},{"url":"http://shop.coles.com.au/online/SearchDisplay?searchTermScope=&amp;multiSearch=&amp;searchType=2&amp;maxPrice=&amp;showResultsPage=true&amp;langId=-1&amp;beginIndex=0&amp;sType=SimpleSearch&amp;metaData=&amp;browseView=true&amp;manufacturer=&amp;resultCatEntryType=&amp;catalogId=10576&amp;pageView=image&amp;facet=ads_f8_ntk_cs%253ABeef%2BSoup&amp;minPrice=&amp;categoryId=25573&amp;storeId=10601","name":"Beef Soup","count":"11","className":""},{"url":"http://shop.coles.com.au/online/SearchDisplay?searchTermScope=&amp;multiSearch=&amp;searchType=2&amp;maxPrice=&amp;showResultsPage=true&amp;langId=-1&amp;beginIndex=0&amp;sType=SimpleSearch&amp;metaData=&amp;browseView=true&amp;manufacturer=&amp;resultCatEntryType=&amp;catalogId=10576&amp;pageView=image&amp;facet=ads_f8_ntk_cs%253ABeef%2BStock&amp;minPrice=&amp;categoryId=25573&amp;storeId=10601","name":"Beef Stock","count":"12","className":""},{"url":"http://shop.coles.com.au/online/SearchDisplay?searchTermScope=&amp;multiSearch=&amp;searchType=2&amp;maxPrice=&amp;showResultsPage=true&amp;langId=-1&amp;beginIndex=0&amp;sType=SimpleSearch&amp;metaData=&amp;browseView=true&amp;manufacturer=&amp;resultCatEntryType=&amp;catalogId=10576&amp;pageView=image&amp;facet=ads_f8_ntk_cs%253ABeetroot&amp;minPrice=&amp;categoryId=25573&amp;storeId=10601","name":"Beetroot","count":"14","className":""},{"url":"http://shop.coles.com.au/online/SearchDisplay?searchTermScope=&amp;multiSearch=&amp;searchType=2&amp;maxPrice=&amp;showResultsPage=true&amp;langId=-1&amp;beginIndex=0&amp;sType=SimpleSearch&amp;metaData=&amp;browseView=true&amp;manufacturer=&amp;resultCatEntryType=&amp;catalogId=10576&amp;pageView=image&amp;facet=ads_f8_ntk_cs%253ABi-Carb%2BSoda&amp;minPrice=&amp;categoryId=25573&amp;storeId=10601","name":"Bi-Carb Soda","count":"3","className":""},{"url":"http://shop.coles.com.au/online/SearchDisplay?searchTermScope=&amp;multiSearch=&amp;searchType=2&amp;maxPrice=&amp;showResultsPage=true&amp;langId=-1&amp;beginIndex=0&amp;sType=SimpleSearch&amp;metaData=&amp;browseView=true&amp;manufacturer=&amp;resultCatEntryType=&amp;catalogId=10576&amp;pageView=image&amp;facet=ads_f8_ntk_cs%253ABlack%2BTeas&amp;minPrice=&amp;categoryId=25573&amp;storeId=10601","name":"Black Teas","count":"75","className":""},{"url":"http://shop.coles.com.au/online/SearchDisplay?searchTermScope=&amp;multiSearch=&amp;searchType=2&amp;maxPrice=&amp;showResultsPage=true&amp;langId=-1&amp;beginIndex=0&amp;sType=SimpleSearch&amp;metaData=&amp;browseView=true&amp;manufacturer=&amp;resultCatEntryType=&amp;catalogId=10576&amp;pageView=image&amp;facet=ads_f8_ntk_cs%253ABlackberry%2BJam&amp;minPrice=&amp;categoryId=25573&amp;storeId=10601","name":"Blackberry Jam","count":"3","className":""},{"url":"http://shop.coles.com.au/online/SearchDisplay?searchTermScope=&amp;multiSearch=&amp;searchType=2&amp;maxPrice=&amp;showResultsPage=true&amp;langId=-1&amp;beginIndex=0&amp;sType=SimpleSearch&amp;metaData=&amp;browseView=true&amp;manufacturer=&amp;resultCatEntryType=&amp;catalogId=10576&amp;pageView=image&amp;facet=ads_f8_ntk_cs%253ABlackcurrant%2BJam&amp;minPrice=&amp;categoryId=25573&amp;storeId=10601","name":"Blackcurrant Jam","count":"3","className":""},{"url":"http://shop.coles.com.au/online/SearchDisplay?searchTermScope=&amp;multiSearch=&amp;searchType=2&amp;maxPrice=&amp;showResultsPage=true&amp;langId=-1&amp;beginIndex=0&amp;sType=SimpleSearch&amp;metaData=&amp;browseView=true&amp;manufacturer=&amp;resultCatEntryType=&amp;catalogId=10576&amp;pageView=image&amp;facet=ads_f8_ntk_cs%253ABlended%2BOils&amp;minPrice=&amp;categoryId=25573&amp;storeId=10601","name":"Blended Oils","count":"4","className":""},{"url":"http://shop.coles.com.au/online/SearchDisplay?searchTermScope=&amp;multiSearch=&amp;searchType=2&amp;maxPrice=&amp;showResultsPage=true&amp;langId=-1&amp;beginIndex=0&amp;sType=SimpleSearch&amp;metaData=&amp;browseView=true&amp;manufacturer=&amp;resultCatEntryType=&amp;catalogId=10576&amp;pageView=image&amp;facet=ads_f8_ntk_cs%253ABlueberry%2BJam&amp;minPrice=&amp;categoryId=25573&amp;storeId=10601","name":"Blueberry Jam","count":"2","className":""},{"url":"http://shop.coles.com.au/online/SearchDisplay?searchTermScope=&amp;multiSearch=&amp;searchType=2&amp;maxPrice=&amp;showResultsPage=true&amp;langId=-1&amp;beginIndex=0&amp;sType=SimpleSearch&amp;metaData=&amp;browseView=true&amp;manufacturer=&amp;resultCatEntryType=&amp;catalogId=10576&amp;pageView=image&amp;facet=ads_f8_ntk_cs%253ABoiled%2B%2526%2BHard%2BCandy&amp;minPrice=&amp;categoryId=25573&amp;storeId=10601","name":"Boiled &amp; Hard Candy","count":"7","className":""},{"url":"http://shop.coles.com.au/online/SearchDisplay?searchTermScope=&amp;multiSearch=&amp;searchType=2&amp;maxPrice=&amp;showResultsPage=true&amp;langId=-1&amp;beginIndex=0&amp;sType=SimpleSearch&amp;metaData=&amp;browseView=true&amp;manufacturer=&amp;resultCatEntryType=&amp;catalogId=10576&amp;pageView=image&amp;facet=ads_f8_ntk_cs%253ABoxed%2BChocolates&amp;minPrice=&amp;categoryId=25573&amp;storeId=10601","name":"Boxed Chocolates","count":"20","className":""},{"url":"http://shop.coles.com.au/online/SearchDisplay?searchTermScope=&amp;multiSearch=&amp;searchType=2&amp;maxPrice=&amp;showResultsPage=true&amp;langId=-1&amp;beginIndex=0&amp;sType=SimpleSearch&amp;metaData=&amp;browseView=true&amp;manufacturer=&amp;resultCatEntryType=&amp;catalogId=10576&amp;pageView=image&amp;facet=ads_f8_ntk_cs%253ABread%2BMix&amp;minPrice=&amp;categoryId=25573&amp;storeId=10601","name":"Bread Mix","count":"18","className":""},{"url":"http://shop.coles.com.au/online/SearchDisplay?searchTermScope=&amp;multiSearch=&amp;searchType=2&amp;maxPrice=&amp;showResultsPage=true&amp;langId=-1&amp;beginIndex=0&amp;sType=SimpleSearch&amp;metaData=&amp;browseView=true&amp;manufacturer=&amp;resultCatEntryType=&amp;catalogId=10576&amp;pageView=image&amp;facet=ads_f8_ntk_cs%253ABreadcrumbs&amp;minPrice=&amp;categoryId=25573&amp;storeId=10601","name":"Breadcrumbs","count":"11","className":""},{"url":"http://shop.coles.com.au/online/SearchDisplay?searchTermScope=&amp;multiSearch=&amp;searchType=2&amp;maxPrice=&amp;showResultsPage=true&amp;langId=-1&amp;beginIndex=0&amp;sType=SimpleSearch&amp;metaData=&amp;browseView=true&amp;manufacturer=&amp;resultCatEntryType=&amp;catalogId=10576&amp;pageView=image&amp;facet=ads_f8_ntk_cs%253ABreakfast%2BBars&amp;minPrice=&amp;categoryId=25573&amp;storeId=10601","name":"Breakfast Bars","count":"1","className":""},{"url":"http://shop.coles.com.au/online/SearchDisplay?searchTermScope=&amp;multiSearch=&amp;searchType=2&amp;maxPrice=&amp;showResultsPage=true&amp;langId=-1&amp;beginIndex=0&amp;sType=SimpleSearch&amp;metaData=&amp;browseView=true&amp;manufacturer=&amp;resultCatEntryType=&amp;catalogId=10576&amp;pageView=image&amp;facet=ads_f8_ntk_cs%253ABrown%2BSugar&amp;minPrice=&amp;categoryId=25573&amp;storeId=10601","name":"Brown Sugar","count":"4","className":""},{"url":"http://shop.coles.com.au/online/SearchDisplay?searchTermScope=&amp;multiSearch=&amp;searchType=2&amp;maxPrice=&amp;showResultsPage=true&amp;langId=-1&amp;beginIndex=0&amp;sType=SimpleSearch&amp;metaData=&amp;browseView=true&amp;manufacturer=&amp;resultCatEntryType=&amp;catalogId=10576&amp;pageView=image&amp;facet=ads_f8_ntk_cs%253ABrown%2BVinegar&amp;minPrice=&amp;categoryId=25573&amp;storeId=10601","name":"Brown Vinegar","count":"4","className":""},{"url":"http://shop.coles.com.au/online/SearchDisplay?searchTermScope=&amp;multiSearch=&amp;searchType=2&amp;maxPrice=&amp;showResultsPage=true&amp;langId=-1&amp;beginIndex=0&amp;sType=SimpleSearch&amp;metaData=&amp;browseView=true&amp;manufacturer=&amp;resultCatEntryType=&amp;catalogId=10576&amp;pageView=image&amp;facet=ads_f8_ntk_cs%253ABrownie%2BMix&amp;minPrice=&amp;categoryId=25573&amp;storeId=10601","name":"Brownie Mix","count":"8","className":""},{"url":"http://shop.coles.com.au/online/SearchDisplay?searchTermScope=&amp;multiSearch=&amp;searchType=2&amp;maxPrice=&amp;showResultsPage=true&amp;langId=-1&amp;beginIndex=0&amp;sType=SimpleSearch&amp;metaData=&amp;browseView=true&amp;manufacturer=&amp;resultCatEntryType=&amp;catalogId=10576&amp;pageView=image&amp;facet=ads_f8_ntk_cs%253ACaesar%2BSalad%2BDressing&amp;minPrice=&amp;categoryId=25573&amp;storeId=10601","name":"Caesar Salad Dressing","count":"9","className":""},{"url":"http://shop.coles.com.au/online/SearchDisplay?searchTermScope=&amp;multiSearch=&amp;searchType=2&amp;maxPrice=&amp;showResultsPage=true&amp;langId=-1&amp;beginIndex=0&amp;sType=SimpleSearch&amp;metaData=&amp;browseView=true&amp;manufacturer=&amp;resultCatEntryType=&amp;catalogId=10576&amp;pageView=image&amp;facet=ads_f8_ntk_cs%253ACake%2BMix&amp;minPrice=&amp;categoryId=25573&amp;storeId=10601","name":"Cake Mix","count":"24","className":""},{"url":"http://shop.coles.com.au/online/SearchDisplay?searchTermScope=&amp;multiSearch=&amp;searchType=2&amp;maxPrice=&amp;showResultsPage=true&amp;langId=-1&amp;beginIndex=0&amp;sType=SimpleSearch&amp;metaData=&amp;browseView=true&amp;manufacturer=&amp;resultCatEntryType=&amp;catalogId=10576&amp;pageView=image&amp;facet=ads_f8_ntk_cs%253ACandy%2B%2526%2BNovelty&amp;minPrice=&amp;categoryId=25573&amp;storeId=10601","name":"Candy &amp; Novelty","count":"23","className":""},{"url":"http://shop.coles.com.au/online/SearchDisplay?searchTermScope=&amp;multiSearch=&amp;searchType=2&amp;maxPrice=&amp;showResultsPage=true&amp;langId=-1&amp;beginIndex=0&amp;sType=SimpleSearch&amp;metaData=&amp;browseView=true&amp;manufacturer=&amp;resultCatEntryType=&amp;catalogId=10576&amp;pageView=image&amp;facet=ads_f8_ntk_cs%253ACanned%2BApples&amp;minPrice=&amp;categoryId=25573&amp;storeId=10601","name":"Canned Apples","count":"3","className":""},{"url":"http://shop.coles.com.au/online/SearchDisplay?searchTermScope=&amp;multiSearch=&amp;searchType=2&amp;maxPrice=&amp;showResultsPage=true&amp;langId=-1&amp;beginIndex=0&amp;sType=SimpleSearch&amp;metaData=&amp;browseView=true&amp;manufacturer=&amp;resultCatEntryType=&amp;catalogId=10576&amp;pageView=image&amp;facet=ads_f8_ntk_cs%253ACanned%2BApricots&amp;minPrice=&amp;categoryId=25573&amp;storeId=10601","name":"Canned Apricots","count":"3","className":""},{"url":"http://shop.coles.com.au/online/SearchDisplay?searchTermScope=&amp;multiSearch=&amp;searchType=2&amp;maxPrice=&amp;showResultsPage=true&amp;langId=-1&amp;beginIndex=0&amp;sType=SimpleSearch&amp;metaData=&amp;browseView=true&amp;manufacturer=&amp;resultCatEntryType=&amp;catalogId=10576&amp;pageView=image&amp;facet=ads_f8_ntk_cs%253ACanned%2BAsparagus&amp;minPrice=&amp;categoryId=25573&amp;storeId=10601","name":"Canned Asparagus","count":"6","className":""},{"url":"http://shop.coles.com.au/online/SearchDisplay?searchTermScope=&amp;multiSearch=&amp;searchType=2&amp;maxPrice=&amp;showResultsPage=true&amp;langId=-1&amp;beginIndex=0&amp;sType=SimpleSearch&amp;metaData=&amp;browseView=true&amp;manufacturer=&amp;resultCatEntryType=&amp;catalogId=10576&amp;pageView=image&amp;facet=ads_f8_ntk_cs%253ACanned%2BBeans&amp;minPrice=&amp;categoryId=25573&amp;storeId=10601","name":"Canned Beans","count":"27","className":""},{"url":"http://shop.coles.com.au/online/SearchDisplay?searchTermScope=&amp;multiSearch=&amp;searchType=2&amp;maxPrice=&amp;showResultsPage=true&amp;langId=-1&amp;beginIndex=0&amp;sType=SimpleSearch&amp;metaData=&amp;browseView=true&amp;manufacturer=&amp;resultCatEntryType=&amp;catalogId=10576&amp;pageView=image&amp;facet=ads_f8_ntk_cs%253ACanned%2BBeef&amp;minPrice=&amp;categoryId=25573&amp;storeId=10601","name":"Canned Beef","count":"7","className":""},{"url":"http://shop.coles.com.au/online/SearchDisplay?searchTermScope=&amp;multiSearch=&amp;searchType=2&amp;maxPrice=&amp;showResultsPage=true&amp;langId=-1&amp;beginIndex=0&amp;sType=SimpleSearch&amp;metaData=&amp;browseView=true&amp;manufacturer=&amp;resultCatEntryType=&amp;catalogId=10576&amp;pageView=image&amp;facet=ads_f8_ntk_cs%253ACanned%2BBerries&amp;minPrice=&amp;categoryId=25573&amp;storeId=10601","name":"Canned Berries","count":"6","className":""},{"url":"http://shop.coles.com.au/online/SearchDisplay?searchTermScope=&amp;multiSearch=&amp;searchType=2&amp;maxPrice=&amp;showResultsPage=true&amp;langId=-1&amp;beginIndex=0&amp;sType=SimpleSearch&amp;metaData=&amp;browseView=true&amp;manufacturer=&amp;resultCatEntryType=&amp;catalogId=10576&amp;pageView=image&amp;facet=ads_f8_ntk_cs%253ACanned%2BChicken&amp;minPrice=&amp;categoryId=25573&amp;storeId=10601","name":"Canned Chicken","count":"9","className":""},{"url":"http://shop.coles.com.au/online/SearchDisplay?searchTermScope=&amp;multiSearch=&amp;searchType=2&amp;maxPrice=&amp;showResultsPage=true&amp;langId=-1&amp;beginIndex=0&amp;sType=SimpleSearch&amp;metaData=&amp;browseView=true&amp;manufacturer=&amp;resultCatEntryType=&amp;catalogId=10576&amp;pageView=image&amp;facet=ads_f8_ntk_cs%253ACanned%2BHam&amp;minPrice=&amp;categoryId=25573&amp;storeId=10601","name":"Canned Ham","count":"10","className":""},{"url":"http://shop.coles.com.au/online/SearchDisplay?searchTermScope=&amp;multiSearch=&amp;searchType=2&amp;maxPrice=&amp;showResultsPage=true&amp;langId=-1&amp;beginIndex=0&amp;sType=SimpleSearch&amp;metaData=&amp;browseView=true&amp;manufacturer=&amp;resultCatEntryType=&amp;catalogId=10576&amp;pageView=image&amp;facet=ads_f8_ntk_cs%253ACanned%2BMangoes&amp;minPrice=&amp;categoryId=25573&amp;storeId=10601","name":"Canned Mangoes","count":"1","className":""},{"url":"http://shop.coles.com.au/online/SearchDisplay?searchTermScope=&amp;multiSearch=&amp;searchType=2&amp;maxPrice=&amp;showResultsPage=true&amp;langId=-1&amp;beginIndex=0&amp;sType=SimpleSearch&amp;metaData=&amp;browseView=true&amp;manufacturer=&amp;resultCatEntryType=&amp;catalogId=10576&amp;pageView=image&amp;facet=ads_f8_ntk_cs%253ACanned%2BMeat%2BMeals&amp;minPrice=&amp;categoryId=25573&amp;storeId=10601","name":"Canned Meat Meals","count":"22","className":""},{"url":"http://shop.coles.com.au/online/SearchDisplay?searchTermScope=&amp;multiSearch=&amp;searchType=2&amp;maxPrice=&amp;showResultsPage=true&amp;langId=-1&amp;beginIndex=0&amp;sType=SimpleSearch&amp;metaData=&amp;browseView=true&amp;manufacturer=&amp;resultCatEntryType=&amp;catalogId=10576&amp;pageView=image&amp;facet=ads_f8_ntk_cs%253ACanned%2BMushrooms&amp;minPrice=&amp;categoryId=25573&amp;storeId=10601","name":"Canned Mushrooms","count":"7","className":""},{"url":"http://shop.coles.com.au/online/SearchDisplay?searchTermScope=&amp;multiSearch=&amp;searchType=2&amp;maxPrice=&amp;showResultsPage=true&amp;langId=-1&amp;beginIndex=0&amp;sType=SimpleSearch&amp;metaData=&amp;browseView=true&amp;manufacturer=&amp;resultCatEntryType=&amp;catalogId=10576&amp;pageView=image&amp;facet=ads_f8_ntk_cs%253ACanned%2BPeaches&amp;minPrice=&amp;categoryId=25573&amp;storeId=10601","name":"Canned Peaches","count":"11","className":""},{"url":"http://shop.coles.com.au/online/SearchDisplay?searchTermScope=&amp;multiSearch=&amp;searchType=2&amp;maxPrice=&amp;showResultsPage=true&amp;langId=-1&amp;beginIndex=0&amp;sType=SimpleSearch&amp;metaData=&amp;browseView=true&amp;manufacturer=&amp;resultCatEntryType=&amp;catalogId=10576&amp;pageView=image&amp;facet=ads_f8_ntk_cs%253ACanned%2BPears&amp;minPrice=&amp;categoryId=25573&amp;storeId=10601","name":"Canned Pears","count":"3","className":""},{"url":"http://shop.coles.com.au/online/SearchDisplay?searchTermScope=&amp;multiSearch=&amp;searchType=2&amp;maxPrice=&amp;showResultsPage=true&amp;langId=-1&amp;beginIndex=0&amp;sType=SimpleSearch&amp;metaData=&amp;browseView=true&amp;manufacturer=&amp;resultCatEntryType=&amp;catalogId=10576&amp;pageView=image&amp;facet=ads_f8_ntk_cs%253ACanned%2BPeas&amp;minPrice=&amp;categoryId=25573&amp;storeId=10601","name":"Canned Peas","count":"7","className":""},{"url":"http://shop.coles.com.au/online/SearchDisplay?searchTermScope=&amp;multiSearch=&amp;searchType=2&amp;maxPrice=&amp;showResultsPage=true&amp;langId=-1&amp;beginIndex=0&amp;sType=SimpleSearch&amp;metaData=&amp;browseView=true&amp;manufacturer=&amp;resultCatEntryType=&amp;catalogId=10576&amp;pageView=image&amp;facet=ads_f8_ntk_cs%253ACanned%2BPineapple&amp;minPrice=&amp;categoryId=25573&amp;storeId=10601","name":"Canned Pineapple","count":"8","className":""},{"url":"http://shop.coles.com.au/online/SearchDisplay?searchTermScope=&amp;multiSearch=&amp;searchType=2&amp;maxPrice=&amp;showResultsPage=true&amp;langId=-1&amp;beginIndex=0&amp;sType=SimpleSearch&amp;metaData=&amp;browseView=true&amp;manufacturer=&amp;resultCatEntryType=&amp;catalogId=10576&amp;pageView=image&amp;facet=ads_f8_ntk_cs%253ACanned%2BPlums&amp;minPrice=&amp;categoryId=25573&amp;storeId=10601","name":"Canned Plums","count":"1","className":""},{"url":"http://shop.coles.com.au/online/SearchDisplay?searchTermScope=&amp;multiSearch=&amp;searchType=2&amp;maxPrice=&amp;showResultsPage=true&amp;langId=-1&amp;beginIndex=0&amp;sType=SimpleSearch&amp;metaData=&amp;browseView=true&amp;manufacturer=&amp;resultCatEntryType=&amp;catalogId=10576&amp;pageView=image&amp;facet=ads_f8_ntk_cs%253ACanned%2BSalmon&amp;minPrice=&amp;categoryId=25573&amp;storeId=10601","name":"Canned Salmon","count":"36","className":""},{"url":"http://shop.coles.com.au/online/SearchDisplay?searchTermScope=&amp;multiSearch=&amp;searchType=2&amp;maxPrice=&amp;showResultsPage=true&amp;langId=-1&amp;beginIndex=0&amp;sType=SimpleSearch&amp;metaData=&amp;browseView=true&amp;manufacturer=&amp;resultCatEntryType=&amp;catalogId=10576&amp;pageView=image&amp;facet=ads_f8_ntk_cs%253ACanned%2BSpaghetti&amp;minPrice=&amp;categoryId=25573&amp;storeId=10601","name":"Canned Spaghetti","count":"20","className":""},{"url":"http://shop.coles.com.au/online/SearchDisplay?searchTermScope=&amp;multiSearch=&amp;searchType=2&amp;maxPrice=&amp;showResultsPage=true&amp;langId=-1&amp;beginIndex=0&amp;sType=SimpleSearch&amp;metaData=&amp;browseView=true&amp;manufacturer=&amp;resultCatEntryType=&amp;catalogId=10576&amp;pageView=image&amp;facet=ads_f8_ntk_cs%253ACanned%2BTomatoes&amp;minPrice=&amp;categoryId=25573&amp;storeId=10601","name":"Canned Tomatoes","count":"21","className":""},{"url":"http://shop.coles.com.au/online/SearchDisplay?searchTermScope=&amp;multiSearch=&amp;searchType=2&amp;maxPrice=&amp;showResultsPage=true&amp;langId=-1&amp;beginIndex=0&amp;sType=SimpleSearch&amp;metaData=&amp;browseView=true&amp;manufacturer=&amp;resultCatEntryType=&amp;catalogId=10576&amp;pageView=image&amp;facet=ads_f8_ntk_cs%253ACanned%2BTuna&amp;minPrice=&amp;categoryId=25573&amp;storeId=10601","name":"Canned Tuna","count":"66","className":""},{"url":"http://shop.coles.com.au/online/SearchDisplay?searchTermScope=&amp;multiSearch=&amp;searchType=2&amp;maxPrice=&amp;showResultsPage=true&amp;langId=-1&amp;beginIndex=0&amp;sType=SimpleSearch&amp;metaData=&amp;browseView=true&amp;manufacturer=&amp;resultCatEntryType=&amp;catalogId=10576&amp;pageView=image&amp;facet=ads_f8_ntk_cs%253ACanned%2BVegetables&amp;minPrice=&amp;categoryId=25573&amp;storeId=10601","name":"Canned Vegetables","count":"15","className":""},{"url":"http://shop.coles.com.au/online/SearchDisplay?searchTermScope=&amp;multiSearch=&amp;searchType=2&amp;maxPrice=&amp;showResultsPage=true&amp;langId=-1&amp;beginIndex=0&amp;sType=SimpleSearch&amp;metaData=&amp;browseView=true&amp;manufacturer=&amp;resultCatEntryType=&amp;catalogId=10576&amp;pageView=image&amp;facet=ads_f8_ntk_cs%253ACannelloni&amp;minPrice=&amp;categoryId=25573&amp;storeId=10601","name":"Cannelloni","count":"2","className":""},{"url":"http://shop.coles.com.au/online/SearchDisplay?searchTermScope=&amp;multiSearch=&amp;searchType=2&amp;maxPrice=&amp;showResultsPage=true&amp;langId=-1&amp;beginIndex=0&amp;sType=SimpleSearch&amp;metaData=&amp;browseView=true&amp;manufacturer=&amp;resultCatEntryType=&amp;catalogId=10576&amp;pageView=image&amp;facet=ads_f8_ntk_cs%253ACanola%2BOil&amp;minPrice=&amp;categoryId=25573&amp;storeId=10601","name":"Canola Oil","count":"9","className":""},{"url":"http://shop.coles.com.au/online/SearchDisplay?searchTermScope=&amp;multiSearch=&amp;searchType=2&amp;maxPrice=&amp;showResultsPage=true&amp;langId=-1&amp;beginIndex=0&amp;sType=SimpleSearch&amp;metaData=&amp;browseView=true&amp;manufacturer=&amp;resultCatEntryType=&amp;catalogId=10576&amp;pageView=image&amp;facet=ads_f8_ntk_cs%253ACapers&amp;minPrice=&amp;categoryId=25573&amp;storeId=10601","name":"Capers","count":"3","className":""},{"url":"http://shop.coles.com.au/online/SearchDisplay?searchTermScope=&amp;multiSearch=&amp;searchType=2&amp;maxPrice=&amp;showResultsPage=true&amp;langId=-1&amp;beginIndex=0&amp;sType=SimpleSearch&amp;metaData=&amp;browseView=true&amp;manufacturer=&amp;resultCatEntryType=&amp;catalogId=10576&amp;pageView=image&amp;facet=ads_f8_ntk_cs%253ACapsicum&amp;minPrice=&amp;categoryId=25573&amp;storeId=10601","name":"Capsicum","count":"2","className":""},{"url":"http://shop.coles.com.au/online/SearchDisplay?searchTermScope=&amp;multiSearch=&amp;searchType=2&amp;maxPrice=&amp;showResultsPage=true&amp;langId=-1&amp;beginIndex=0&amp;sType=SimpleSearch&amp;metaData=&amp;browseView=true&amp;manufacturer=&amp;resultCatEntryType=&amp;catalogId=10576&amp;pageView=image&amp;facet=ads_f8_ntk_cs%253ACapsules&amp;minPrice=&amp;categoryId=25573&amp;storeId=10601","name":"Capsules","count":"20","className":""},{"url":"http://shop.coles.com.au/online/SearchDisplay?searchTermScope=&amp;multiSearch=&amp;searchType=2&amp;maxPrice=&amp;showResultsPage=true&amp;langId=-1&amp;beginIndex=0&amp;sType=SimpleSearch&amp;metaData=&amp;browseView=true&amp;manufacturer=&amp;resultCatEntryType=&amp;catalogId=10576&amp;pageView=image&amp;facet=ads_f8_ntk_cs%253ACaraway%2BSeed&amp;minPrice=&amp;categoryId=25573&amp;storeId=10601","name":"Caraway Seed","count":"2","className":""},{"url":"http://shop.coles.com.au/online/SearchDisplay?searchTermScope=&amp;multiSearch=&amp;searchType=2&amp;maxPrice=&amp;showResultsPage=true&amp;langId=-1&amp;beginIndex=0&amp;sType=SimpleSearch&amp;metaData=&amp;browseView=true&amp;manufacturer=&amp;resultCatEntryType=&amp;catalogId=10576&amp;pageView=image&amp;facet=ads_f8_ntk_cs%253ACardamon&amp;minPrice=&amp;categoryId=25573&amp;storeId=10601","name":"Cardamon","count":"8","className":""},{"url":"http://shop.coles.com.au/online/SearchDisplay?searchTermScope=&amp;multiSearch=&amp;searchType=2&amp;maxPrice=&amp;showResultsPage=true&amp;langId=-1&amp;beginIndex=0&amp;sType=SimpleSearch&amp;metaData=&amp;browseView=true&amp;manufacturer=&amp;resultCatEntryType=&amp;catalogId=10576&amp;pageView=image&amp;facet=ads_f8_ntk_cs%253ACashews&amp;minPrice=&amp;categoryId=25573&amp;storeId=10601","name":"Cashews","count":"9","className":""},{"url":"http://shop.coles.com.au/online/SearchDisplay?searchTermScope=&amp;multiSearch=&amp;searchType=2&amp;maxPrice=&amp;showResultsPage=true&amp;langId=-1&amp;beginIndex=0&amp;sType=SimpleSearch&amp;metaData=&amp;browseView=true&amp;manufacturer=&amp;resultCatEntryType=&amp;catalogId=10576&amp;pageView=image&amp;facet=ads_f8_ntk_cs%253ACaster%2BSugar&amp;minPrice=&amp;categoryId=25573&amp;storeId=10601","name":"Caster Sugar","count":"5","className":""},{"url":"http://shop.coles.com.au/online/SearchDisplay?searchTermScope=&amp;multiSearch=&amp;searchType=2&amp;maxPrice=&amp;showResultsPage=true&amp;langId=-1&amp;beginIndex=0&amp;sType=SimpleSearch&amp;metaData=&amp;browseView=true&amp;manufacturer=&amp;resultCatEntryType=&amp;catalogId=10576&amp;pageView=image&amp;facet=ads_f8_ntk_cs%253ACayenne&amp;minPrice=&amp;categoryId=25573&amp;storeId=10601","name":"Cayenne","count":"2","className":""},{"url":"http://shop.coles.com.au/online/SearchDisplay?searchTermScope=&amp;multiSearch=&amp;searchType=2&amp;maxPrice=&amp;showResultsPage=true&amp;langId=-1&amp;beginIndex=0&amp;sType=SimpleSearch&amp;metaData=&amp;browseView=true&amp;manufacturer=&amp;resultCatEntryType=&amp;catalogId=10576&amp;pageView=image&amp;facet=ads_f8_ntk_cs%253ACereal%2B%2526%2BMuesli&amp;minPrice=&amp;categoryId=25573&amp;storeId=10601","name":"Cereal &amp; Muesli","count":"40","className":""},{"url":"http://shop.coles.com.au/online/SearchDisplay?searchTermScope=&amp;multiSearch=&amp;searchType=2&amp;maxPrice=&amp;showResultsPage=true&amp;langId=-1&amp;beginIndex=0&amp;sType=SimpleSearch&amp;metaData=&amp;browseView=true&amp;manufacturer=&amp;resultCatEntryType=&amp;catalogId=10576&amp;pageView=image&amp;facet=ads_f8_ntk_cs%253AChai%2BTeas&amp;minPrice=&amp;categoryId=25573&amp;storeId=10601","name":"Chai Teas","count":"11","className":""},{"url":"http://shop.coles.com.au/online/SearchDisplay?searchTermScope=&amp;multiSearch=&amp;searchType=2&amp;maxPrice=&amp;showResultsPage=true&amp;langId=-1&amp;beginIndex=0&amp;sType=SimpleSearch&amp;metaData=&amp;browseView=true&amp;manufacturer=&amp;resultCatEntryType=&amp;catalogId=10576&amp;pageView=image&amp;facet=ads_f8_ntk_cs%253ACheese%2BChips&amp;minPrice=&amp;categoryId=25573&amp;storeId=10601","name":"Cheese Chips","count":"17","className":""},{"url":"http://shop.coles.com.au/online/SearchDisplay?searchTermScope=&amp;multiSearch=&amp;searchType=2&amp;maxPrice=&amp;showResultsPage=true&amp;langId=-1&amp;beginIndex=0&amp;sType=SimpleSearch&amp;metaData=&amp;browseView=true&amp;manufacturer=&amp;resultCatEntryType=&amp;catalogId=10576&amp;pageView=image&amp;facet=ads_f8_ntk_cs%253ACheese%2BSpread&amp;minPrice=&amp;categoryId=25573&amp;storeId=10601","name":"Cheese Spread","count":"8","className":""},{"url":"http://shop.coles.com.au/online/SearchDisplay?searchTermScope=&amp;multiSearch=&amp;searchType=2&amp;maxPrice=&amp;showResultsPage=true&amp;langId=-1&amp;beginIndex=0&amp;sType=SimpleSearch&amp;metaData=&amp;browseView=true&amp;manufacturer=&amp;resultCatEntryType=&amp;catalogId=10576&amp;pageView=image&amp;facet=ads_f8_ntk_cs%253ACherry%2BJam&amp;minPrice=&amp;categoryId=25573&amp;storeId=10601","name":"Cherry Jam","count":"2","className":""},{"url":"http://shop.coles.com.au/online/SearchDisplay?searchTermScope=&amp;multiSearch=&amp;searchType=2&amp;maxPrice=&amp;showResultsPage=true&amp;langId=-1&amp;beginIndex=0&amp;sType=SimpleSearch&amp;metaData=&amp;browseView=true&amp;manufacturer=&amp;resultCatEntryType=&amp;catalogId=10576&amp;pageView=image&amp;facet=ads_f8_ntk_cs%253AChewing%2B%2526%2BBubblegum&amp;minPrice=&amp;categoryId=25573&amp;storeId=10601","name":"Chewing &amp; Bubblegum","count":"35","className":""},{"url":"http://shop.coles.com.au/online/SearchDisplay?searchTermScope=&amp;multiSearch=&amp;searchType=2&amp;maxPrice=&amp;showResultsPage=true&amp;langId=-1&amp;beginIndex=0&amp;sType=SimpleSearch&amp;metaData=&amp;browseView=true&amp;manufacturer=&amp;resultCatEntryType=&amp;catalogId=10576&amp;pageView=image&amp;facet=ads_f8_ntk_cs%253AChews&amp;minPrice=&amp;categoryId=25573&amp;storeId=10601","name":"Chews","count":"22","className":""},{"url":"http://shop.coles.com.au/online/SearchDisplay?searchTermScope=&amp;multiSearch=&amp;searchType=2&amp;maxPrice=&amp;showResultsPage=true&amp;langId=-1&amp;beginIndex=0&amp;sType=SimpleSearch&amp;metaData=&amp;browseView=true&amp;manufacturer=&amp;resultCatEntryType=&amp;catalogId=10576&amp;pageView=image&amp;facet=ads_f8_ntk_cs%253AChicken%2BChips&amp;minPrice=&amp;categoryId=25573&amp;storeId=10601","name":"Chicken Chips","count":"12","className":""},{"url":"http://shop.coles.com.au/online/SearchDisplay?searchTermScope=&amp;multiSearch=&amp;searchType=2&amp;maxPrice=&amp;showResultsPage=true&amp;langId=-1&amp;beginIndex=0&amp;sType=SimpleSearch&amp;metaData=&amp;browseView=true&amp;manufacturer=&amp;resultCatEntryType=&amp;catalogId=10576&amp;pageView=image&amp;facet=ads_f8_ntk_cs%253AChicken%2BMeals&amp;minPrice=&amp;categoryId=25573&amp;storeId=10601","name":"Chicken Meals","count":"1","className":""},{"url":"http://shop.coles.com.au/online/SearchDisplay?searchTermScope=&amp;multiSearch=&amp;searchType=2&amp;maxPrice=&amp;showResultsPage=true&amp;langId=-1&amp;beginIndex=0&amp;sType=SimpleSearch&amp;metaData=&amp;browseView=true&amp;manufacturer=&amp;resultCatEntryType=&amp;catalogId=10576&amp;pageView=image&amp;facet=ads_f8_ntk_cs%253AChicken%2BSauces&amp;minPrice=&amp;categoryId=25573&amp;storeId=10601","name":"Chicken Sauces","count":"8","className":""},{"url":"http://shop.coles.com.au/online/SearchDisplay?searchTermScope=&amp;multiSearch=&amp;searchType=2&amp;maxPrice=&amp;showResultsPage=true&amp;langId=-1&amp;beginIndex=0&amp;sType=SimpleSearch&amp;metaData=&amp;browseView=true&amp;manufacturer=&amp;resultCatEntryType=&amp;catalogId=10576&amp;pageView=image&amp;facet=ads_f8_ntk_cs%253AChicken%2BSoup&amp;minPrice=&amp;categoryId=25573&amp;storeId=10601","name":"Chicken Soup","count":"41","className":""},{"url":"http://shop.coles.com.au/online/SearchDisplay?searchTermScope=&amp;multiSearch=&amp;searchType=2&amp;maxPrice=&amp;showResultsPage=true&amp;langId=-1&amp;beginIndex=0&amp;sType=SimpleSearch&amp;metaData=&amp;browseView=true&amp;manufacturer=&amp;resultCatEntryType=&amp;catalogId=10576&amp;pageView=image&amp;facet=ads_f8_ntk_cs%253AChicken%2BStock&amp;minPrice=&amp;categoryId=25573&amp;storeId=10601","name":"Chicken Stock","count":"19","className":""},{"url":"http://shop.coles.com.au/online/SearchDisplay?searchTermScope=&amp;multiSearch=&amp;searchType=2&amp;maxPrice=&amp;showResultsPage=true&amp;langId=-1&amp;beginIndex=0&amp;sType=SimpleSearch&amp;metaData=&amp;browseView=true&amp;manufacturer=&amp;resultCatEntryType=&amp;catalogId=10576&amp;pageView=image&amp;facet=ads_f8_ntk_cs%253AChickpeas&amp;minPrice=&amp;categoryId=25573&amp;storeId=10601","name":"Chickpeas","count":"5","className":""},{"url":"http://shop.coles.com.au/online/SearchDisplay?searchTermScope=&amp;multiSearch=&amp;searchType=2&amp;maxPrice=&amp;showResultsPage=true&amp;langId=-1&amp;beginIndex=0&amp;sType=SimpleSearch&amp;metaData=&amp;browseView=true&amp;manufacturer=&amp;resultCatEntryType=&amp;catalogId=10576&amp;pageView=image&amp;facet=ads_f8_ntk_cs%253AChilli&amp;minPrice=&amp;categoryId=25573&amp;storeId=10601","name":"Chilli","count":"13","className":""},{"url":"http://shop.coles.com.au/online/SearchDisplay?searchTermScope=&amp;multiSearch=&amp;searchType=2&amp;maxPrice=&amp;showResultsPage=true&amp;langId=-1&amp;beginIndex=0&amp;sType=SimpleSearch&amp;metaData=&amp;browseView=true&amp;manufacturer=&amp;resultCatEntryType=&amp;catalogId=10576&amp;pageView=image&amp;facet=ads_f8_ntk_cs%253AChilli%2BChips&amp;minPrice=&amp;categoryId=25573&amp;storeId=10601","name":"Chilli Chips","count":"4","className":""},{"url":"http://shop.coles.com.au/online/SearchDisplay?searchTermScope=&amp;multiSearch=&amp;searchType=2&amp;maxPrice=&amp;showResultsPage=true&amp;langId=-1&amp;beginIndex=0&amp;sType=SimpleSearch&amp;metaData=&amp;browseView=true&amp;manufacturer=&amp;resultCatEntryType=&amp;catalogId=10576&amp;pageView=image&amp;facet=ads_f8_ntk_cs%253AChilli%2BPesto&amp;minPrice=&amp;categoryId=25573&amp;storeId=10601","name":"Chilli Pesto","count":"1","className":""},{"url":"http://shop.coles.com.au/online/SearchDisplay?searchTermScope=&amp;multiSearch=&amp;searchType=2&amp;maxPrice=&amp;showResultsPage=true&amp;langId=-1&amp;beginIndex=0&amp;sType=SimpleSearch&amp;metaData=&amp;browseView=true&amp;manufacturer=&amp;resultCatEntryType=&amp;catalogId=10576&amp;pageView=image&amp;facet=ads_f8_ntk_cs%253AChilli%2BSauce&amp;minPrice=&amp;categoryId=25573&amp;storeId=10601","name":"Chilli Sauce","count":"13","className":""},{"url":"http://shop.coles.com.au/online/SearchDisplay?searchTermScope=&amp;multiSearch=&amp;searchType=2&amp;maxPrice=&amp;showResultsPage=true&amp;langId=-1&amp;beginIndex=0&amp;sType=SimpleSearch&amp;metaData=&amp;browseView=true&amp;manufacturer=&amp;resultCatEntryType=&amp;catalogId=10576&amp;pageView=image&amp;facet=ads_f8_ntk_cs%253AChives&amp;minPrice=&amp;categoryId=25573&amp;storeId=10601","name":"Chives","count":"3","className":""},{"url":"http://shop.coles.com.au/online/SearchDisplay?searchTermScope=&amp;multiSearch=&amp;searchType=2&amp;maxPrice=&amp;showResultsPage=true&amp;langId=-1&amp;beginIndex=0&amp;sType=SimpleSearch&amp;metaData=&amp;browseView=true&amp;manufacturer=&amp;resultCatEntryType=&amp;catalogId=10576&amp;pageView=image&amp;facet=ads_f8_ntk_cs%253AChocolate%2BBars&amp;minPrice=&amp;categoryId=25573&amp;storeId=10601","name":"Chocolate Bars","count":"46","className":""},{"url":"http://shop.coles.com.au/online/SearchDisplay?searchTermScope=&amp;multiSearch=&amp;searchType=2&amp;maxPrice=&amp;showResultsPage=true&amp;langId=-1&amp;beginIndex=0&amp;sType=SimpleSearch&amp;metaData=&amp;browseView=true&amp;manufacturer=&amp;resultCatEntryType=&amp;catalogId=10576&amp;pageView=image&amp;facet=ads_f8_ntk_cs%253AChocolate%2BBiscuits&amp;minPrice=&amp;categoryId=25573&amp;storeId=10601","name":"Chocolate Biscuits","count":"42","className":""},{"url":"http://shop.coles.com.au/online/SearchDisplay?searchTermScope=&amp;multiSearch=&amp;searchType=2&amp;maxPrice=&amp;showResultsPage=true&amp;langId=-1&amp;beginIndex=0&amp;sType=SimpleSearch&amp;metaData=&amp;browseView=true&amp;manufacturer=&amp;resultCatEntryType=&amp;catalogId=10576&amp;pageView=image&amp;facet=ads_f8_ntk_cs%253AChocolate%2BBlocks&amp;minPrice=&amp;categoryId=25573&amp;storeId=10601","name":"Chocolate Blocks","count":"51","className":""},{"url":"http://shop.coles.com.au/online/SearchDisplay?searchTermScope=&amp;multiSearch=&amp;searchType=2&amp;maxPrice=&amp;showResultsPage=true&amp;langId=-1&amp;beginIndex=0&amp;sType=SimpleSearch&amp;metaData=&amp;browseView=true&amp;manufacturer=&amp;resultCatEntryType=&amp;catalogId=10576&amp;pageView=image&amp;facet=ads_f8_ntk_cs%253AChocolate%2BCake%2BMix&amp;minPrice=&amp;categoryId=25573&amp;storeId=10601","name":"Chocolate Cake Mix","count":"16","className":""},{"url":"http://shop.coles.com.au/online/SearchDisplay?searchTermScope=&amp;multiSearch=&amp;searchType=2&amp;maxPrice=&amp;showResultsPage=true&amp;langId=-1&amp;beginIndex=0&amp;sType=SimpleSearch&amp;metaData=&amp;browseView=true&amp;manufacturer=&amp;resultCatEntryType=&amp;catalogId=10576&amp;pageView=image&amp;facet=ads_f8_ntk_cs%253AChocolate%2BCoated&amp;minPrice=&amp;categoryId=25573&amp;storeId=10601","name":"Chocolate Coated","count":"33","className":""},{"url":"http://shop.coles.com.au/online/SearchDisplay?searchTermScope=&amp;multiSearch=&amp;searchType=2&amp;maxPrice=&amp;showResultsPage=true&amp;langId=-1&amp;beginIndex=0&amp;sType=SimpleSearch&amp;metaData=&amp;browseView=true&amp;manufacturer=&amp;resultCatEntryType=&amp;catalogId=10576&amp;pageView=image&amp;facet=ads_f8_ntk_cs%253AChocolate%2BDrinks&amp;minPrice=&amp;categoryId=25573&amp;storeId=10601","name":"Chocolate Drinks","count":"10","className":""},{"url":"http://shop.coles.com.au/online/SearchDisplay?searchTermScope=&amp;multiSearch=&amp;searchType=2&amp;maxPrice=&amp;showResultsPage=true&amp;langId=-1&amp;beginIndex=0&amp;sType=SimpleSearch&amp;metaData=&amp;browseView=true&amp;manufacturer=&amp;resultCatEntryType=&amp;catalogId=10576&amp;pageView=image&amp;facet=ads_f8_ntk_cs%253AChocolate%2BMilk%2BFlavouring&amp;minPrice=&amp;categoryId=25573&amp;storeId=10601","name":"Chocolate Milk Flavouring","count":"1","className":""},{"url":"http://shop.coles.com.au/online/SearchDisplay?searchTermScope=&amp;multiSearch=&amp;searchType=2&amp;maxPrice=&amp;showResultsPage=true&amp;langId=-1&amp;beginIndex=0&amp;sType=SimpleSearch&amp;metaData=&amp;browseView=true&amp;manufacturer=&amp;resultCatEntryType=&amp;catalogId=10576&amp;pageView=image&amp;facet=ads_f8_ntk_cs%253AChocolate%2BSnacks%2B%2526%2BMinis&amp;minPrice=&amp;categoryId=25573&amp;storeId=10601","name":"Chocolate Snacks &amp; Minis","count":"12","className":""},{"url":"http://shop.coles.com.au/online/SearchDisplay?searchTermScope=&amp;multiSearch=&amp;searchType=2&amp;maxPrice=&amp;showResultsPage=true&amp;langId=-1&amp;beginIndex=0&amp;sType=SimpleSearch&amp;metaData=&amp;browseView=true&amp;manufacturer=&amp;resultCatEntryType=&amp;catalogId=10576&amp;pageView=image&amp;facet=ads_f8_ntk_cs%253AChocolate%2BSpread&amp;minPrice=&amp;categoryId=25573&amp;storeId=10601","name":"Chocolate Spread","count":"9","className":""},{"url":"http://shop.coles.com.au/online/SearchDisplay?searchTermScope=&amp;multiSearch=&amp;searchType=2&amp;maxPrice=&amp;showResultsPage=true&amp;langId=-1&amp;beginIndex=0&amp;sType=SimpleSearch&amp;metaData=&amp;browseView=true&amp;manufacturer=&amp;resultCatEntryType=&amp;catalogId=10576&amp;pageView=image&amp;facet=ads_f8_ntk_cs%253AChunky%2BSoup&amp;minPrice=&amp;categoryId=25573&amp;storeId=10601","name":"Chunky Soup","count":"10","className":""},{"url":"http://shop.coles.com.au/online/SearchDisplay?searchTermScope=&amp;multiSearch=&amp;searchType=2&amp;maxPrice=&amp;showResultsPage=true&amp;langId=-1&amp;beginIndex=0&amp;sType=SimpleSearch&amp;metaData=&amp;browseView=true&amp;manufacturer=&amp;resultCatEntryType=&amp;catalogId=10576&amp;pageView=image&amp;facet=ads_f8_ntk_cs%253AChutney&amp;minPrice=&amp;categoryId=25573&amp;storeId=10601","name":"Chutney","count":"3","className":""},{"url":"http://shop.coles.com.au/online/SearchDisplay?searchTermScope=&amp;multiSearch=&amp;searchType=2&amp;maxPrice=&amp;showResultsPage=true&amp;langId=-1&amp;beginIndex=0&amp;sType=SimpleSearch&amp;metaData=&amp;browseView=true&amp;manufacturer=&amp;resultCatEntryType=&amp;catalogId=10576&amp;pageView=image&amp;facet=ads_f8_ntk_cs%253AChutnies%2B%2526%2BRelish&amp;minPrice=&amp;categoryId=25573&amp;storeId=10601","name":"Chutnies &amp; Relish","count":"2","className":""},{"url":"http://shop.coles.com.au/online/SearchDisplay?searchTermScope=&amp;multiSearch=&amp;searchType=2&amp;maxPrice=&amp;showResultsPage=true&amp;langId=-1&amp;beginIndex=0&amp;sType=SimpleSearch&amp;metaData=&amp;browseView=true&amp;manufacturer=&amp;resultCatEntryType=&amp;catalogId=10576&amp;pageView=image&amp;facet=ads_f8_ntk_cs%253ACinnamon&amp;minPrice=&amp;categoryId=25573&amp;storeId=10601","name":"Cinnamon","count":"7","className":""},{"url":"http://shop.coles.com.au/online/SearchDisplay?searchTermScope=&amp;multiSearch=&amp;searchType=2&amp;maxPrice=&amp;showResultsPage=true&amp;langId=-1&amp;beginIndex=0&amp;sType=SimpleSearch&amp;metaData=&amp;browseView=true&amp;manufacturer=&amp;resultCatEntryType=&amp;catalogId=10576&amp;pageView=image&amp;facet=ads_f8_ntk_cs%253ACloves&amp;minPrice=&amp;categoryId=25573&amp;storeId=10601","name":"Cloves","count":"5","className":""},{"url":"http://shop.coles.com.au/online/SearchDisplay?searchTermScope=&amp;multiSearch=&amp;searchType=2&amp;maxPrice=&amp;showResultsPage=true&amp;langId=-1&amp;beginIndex=0&amp;sType=SimpleSearch&amp;metaData=&amp;browseView=true&amp;manufacturer=&amp;resultCatEntryType=&amp;catalogId=10576&amp;pageView=image&amp;facet=ads_f8_ntk_cs%253ACocoa%2BPowder&amp;minPrice=&amp;categoryId=25573&amp;storeId=10601","name":"Cocoa Powder","count":"4","className":""},{"url":"http://shop.coles.com.au/online/SearchDisplay?searchTermScope=&amp;multiSearch=&amp;searchType=2&amp;maxPrice=&amp;showResultsPage=true&amp;langId=-1&amp;beginIndex=0&amp;sType=SimpleSearch&amp;metaData=&amp;browseView=true&amp;manufacturer=&amp;resultCatEntryType=&amp;catalogId=10576&amp;pageView=image&amp;facet=ads_f8_ntk_cs%253ACoconut&amp;minPrice=&amp;categoryId=25573&amp;storeId=10601","name":"Coconut","count":"7","className":""},{"url":"http://shop.coles.com.au/online/SearchDisplay?searchTermScope=&amp;multiSearch=&amp;searchType=2&amp;maxPrice=&amp;showResultsPage=true&amp;langId=-1&amp;beginIndex=0&amp;sType=SimpleSearch&amp;metaData=&amp;browseView=true&amp;manufacturer=&amp;resultCatEntryType=&amp;catalogId=10576&amp;pageView=image&amp;facet=ads_f8_ntk_cs%253ACoconut%2BCream%2B%2526%2BMilk&amp;minPrice=&amp;categoryId=25573&amp;storeId=10601","name":"Coconut Cream &amp; Milk","count":"1","className":""},{"url":"http://shop.coles.com.au/online/SearchDisplay?searchTermScope=&amp;multiSearch=&amp;searchType=2&amp;maxPrice=&amp;showResultsPage=true&amp;langId=-1&amp;beginIndex=0&amp;sType=SimpleSearch&amp;metaData=&amp;browseView=true&amp;manufacturer=&amp;resultCatEntryType=&amp;catalogId=10576&amp;pageView=image&amp;facet=ads_f8_ntk_cs%253ACoffee%2BBags&amp;minPrice=&amp;categoryId=25573&amp;storeId=10601","name":"Coffee Bags","count":"3","className":""},{"url":"http://shop.coles.com.au/online/SearchDisplay?searchTermScope=&amp;multiSearch=&amp;searchType=2&amp;maxPrice=&amp;showResultsPage=true&amp;langId=-1&amp;beginIndex=0&amp;sType=SimpleSearch&amp;metaData=&amp;browseView=true&amp;manufacturer=&amp;resultCatEntryType=&amp;catalogId=10576&amp;pageView=image&amp;facet=ads_f8_ntk_cs%253ACoffee%2BBeans&amp;minPrice=&amp;categoryId=25573&amp;storeId=10601","name":"Coffee Beans","count":"22","className":""},{"url":"http://shop.coles.com.au/online/SearchDisplay?searchTermScope=&amp;multiSearch=&amp;searchType=2&amp;maxPrice=&amp;showResultsPage=true&amp;langId=-1&amp;beginIndex=0&amp;sType=SimpleSearch&amp;metaData=&amp;browseView=true&amp;manufacturer=&amp;resultCatEntryType=&amp;catalogId=10576&amp;pageView=image&amp;facet=ads_f8_ntk_cs%253ACoffee%2BCups&amp;minPrice=&amp;categoryId=25573&amp;storeId=10601","name":"Coffee Cups","count":"2","className":""},{"url":"http://shop.coles.com.au/online/SearchDisplay?searchTermScope=&amp;multiSearch=&amp;searchType=2&amp;maxPrice=&amp;showResultsPage=true&amp;langId=-1&amp;beginIndex=0&amp;sType=SimpleSearch&amp;metaData=&amp;browseView=true&amp;manufacturer=&amp;resultCatEntryType=&amp;catalogId=10576&amp;pageView=image&amp;facet=ads_f8_ntk_cs%253ACoffee%2BDrinks&amp;minPrice=&amp;categoryId=25573&amp;storeId=10601","name":"Coffee Drinks","count":"2","className":""},{"url":"http://shop.coles.com.au/online/SearchDisplay?searchTermScope=&amp;multiSearch=&amp;searchType=2&amp;maxPrice=&amp;showResultsPage=true&amp;langId=-1&amp;beginIndex=0&amp;sType=SimpleSearch&amp;metaData=&amp;browseView=true&amp;manufacturer=&amp;resultCatEntryType=&amp;catalogId=10576&amp;pageView=image&amp;facet=ads_f8_ntk_cs%253ACoffee%2BMachines&amp;minPrice=&amp;categoryId=25573&amp;storeId=10601","name":"Coffee Machines","count":"1","className":""},{"url":"http://shop.coles.com.au/online/SearchDisplay?searchTermScope=&amp;multiSearch=&amp;searchType=2&amp;maxPrice=&amp;showResultsPage=true&amp;langId=-1&amp;beginIndex=0&amp;sType=SimpleSearch&amp;metaData=&amp;browseView=true&amp;manufacturer=&amp;resultCatEntryType=&amp;catalogId=10576&amp;pageView=image&amp;facet=ads_f8_ntk_cs%253ACoffee%2BMixes%252FBlends&amp;minPrice=&amp;categoryId=25573&amp;storeId=10601","name":"Coffee Mixes/Blends","count":"36","className":""},{"url":"http://shop.coles.com.au/online/SearchDisplay?searchTermScope=&amp;multiSearch=&amp;searchType=2&amp;maxPrice=&amp;showResultsPage=true&amp;langId=-1&amp;beginIndex=0&amp;sType=SimpleSearch&amp;metaData=&amp;browseView=true&amp;manufacturer=&amp;resultCatEntryType=&amp;catalogId=10576&amp;pageView=image&amp;facet=ads_f8_ntk_cs%253AColeslaw%2BSalad%2BDressing&amp;minPrice=&amp;categoryId=25573&amp;storeId=10601","name":"Coleslaw Salad Dressing","count":"2","className":""},{"url":"http://shop.coles.com.au/online/SearchDisplay?searchTermScope=&amp;multiSearch=&amp;searchType=2&amp;maxPrice=&amp;showResultsPage=true&amp;langId=-1&amp;beginIndex=0&amp;sType=SimpleSearch&amp;metaData=&amp;browseView=true&amp;manufacturer=&amp;resultCatEntryType=&amp;catalogId=10576&amp;pageView=image&amp;facet=ads_f8_ntk_cs%253ACondensed%2BMilk&amp;minPrice=&amp;categoryId=25573&amp;storeId=10601","name":"Condensed Milk","count":"3","className":""},{"url":"http://shop.coles.com.au/online/SearchDisplay?searchTermScope=&amp;multiSearch=&amp;searchType=2&amp;maxPrice=&amp;showResultsPage=true&amp;langId=-1&amp;beginIndex=0&amp;sType=SimpleSearch&amp;metaData=&amp;browseView=true&amp;manufacturer=&amp;resultCatEntryType=&amp;catalogId=10576&amp;pageView=image&amp;facet=ads_f8_ntk_cs%253ACookies%2BMix&amp;minPrice=&amp;categoryId=25573&amp;storeId=10601","name":"Cookies Mix","count":"8","className":""},{"url":"http://shop.coles.com.au/online/SearchDisplay?searchTermScope=&amp;multiSearch=&amp;searchType=2&amp;maxPrice=&amp;showResultsPage=true&amp;langId=-1&amp;beginIndex=0&amp;sType=SimpleSearch&amp;metaData=&amp;browseView=true&amp;manufacturer=&amp;resultCatEntryType=&amp;catalogId=10576&amp;pageView=image&amp;facet=ads_f8_ntk_cs%253ACooking&amp;minPrice=&amp;categoryId=25573&amp;storeId=10601","name":"Cooking","count":"15","className":""},{"url":"http://shop.coles.com.au/online/SearchDisplay?searchTermScope=&amp;multiSearch=&amp;searchType=2&amp;maxPrice=&amp;showResultsPage=true&amp;langId=-1&amp;beginIndex=0&amp;sType=SimpleSearch&amp;metaData=&amp;browseView=true&amp;manufacturer=&amp;resultCatEntryType=&amp;catalogId=10576&amp;pageView=image&amp;facet=ads_f8_ntk_cs%253ACooking%2BComponents&amp;minPrice=&amp;categoryId=25573&amp;storeId=10601","name":"Cooking Components","count":"15","className":""},{"url":"http://shop.coles.com.au/online/SearchDisplay?searchTermScope=&amp;multiSearch=&amp;searchType=2&amp;maxPrice=&amp;showResultsPage=true&amp;langId=-1&amp;beginIndex=0&amp;sType=SimpleSearch&amp;metaData=&amp;browseView=true&amp;manufacturer=&amp;resultCatEntryType=&amp;catalogId=10576&amp;pageView=image&amp;facet=ads_f8_ntk_cs%253ACooking%2BIngredients&amp;minPrice=&amp;categoryId=25573&amp;storeId=10601","name":"Cooking Ingredients","count":"16","className":""},{"url":"http://shop.coles.com.au/online/SearchDisplay?searchTermScope=&amp;multiSearch=&amp;searchType=2&amp;maxPrice=&amp;showResultsPage=true&amp;langId=-1&amp;beginIndex=0&amp;sType=SimpleSearch&amp;metaData=&amp;browseView=true&amp;manufacturer=&amp;resultCatEntryType=&amp;catalogId=10576&amp;pageView=image&amp;facet=ads_f8_ntk_cs%253ACooking%2BNoodles&amp;minPrice=&amp;categoryId=25573&amp;storeId=10601","name":"Cooking Noodles","count":"19","className":""},{"url":"http://shop.coles.com.au/online/SearchDisplay?searchTermScope=&amp;multiSearch=&amp;searchType=2&amp;maxPrice=&amp;showResultsPage=true&amp;langId=-1&amp;beginIndex=0&amp;sType=SimpleSearch&amp;metaData=&amp;browseView=true&amp;manufacturer=&amp;resultCatEntryType=&amp;catalogId=10576&amp;pageView=image&amp;facet=ads_f8_ntk_cs%253ACooking%2BSauces&amp;minPrice=&amp;categoryId=25573&amp;storeId=10601","name":"Cooking Sauces","count":"51","className":""},{"url":"http://shop.coles.com.au/online/SearchDisplay?searchTermScope=&amp;multiSearch=&amp;searchType=2&amp;maxPrice=&amp;showResultsPage=true&amp;langId=-1&amp;beginIndex=0&amp;sType=SimpleSearch&amp;metaData=&amp;browseView=true&amp;manufacturer=&amp;resultCatEntryType=&amp;catalogId=10576&amp;pageView=image&amp;facet=ads_f8_ntk_cs%253ACoriander&amp;minPrice=&amp;categoryId=25573&amp;storeId=10601","name":"Coriander","count":"7","className":""},{"url":"http://shop.coles.com.au/online/SearchDisplay?searchTermScope=&amp;multiSearch=&amp;searchType=2&amp;maxPrice=&amp;showResultsPage=true&amp;langId=-1&amp;beginIndex=0&amp;sType=SimpleSearch&amp;metaData=&amp;browseView=true&amp;manufacturer=&amp;resultCatEntryType=&amp;catalogId=10576&amp;pageView=image&amp;facet=ads_f8_ntk_cs%253ACorn%2B%2526%2BCarrots&amp;minPrice=&amp;categoryId=25573&amp;storeId=10601","name":"Corn &amp; Carrots","count":"24","className":""},{"url":"http://shop.coles.com.au/online/SearchDisplay?searchTermScope=&amp;multiSearch=&amp;searchType=2&amp;maxPrice=&amp;showResultsPage=true&amp;langId=-1&amp;beginIndex=0&amp;sType=SimpleSearch&amp;metaData=&amp;browseView=true&amp;manufacturer=&amp;resultCatEntryType=&amp;catalogId=10576&amp;pageView=image&amp;facet=ads_f8_ntk_cs%253ACorn%2B%2526%2BRice%2BCakes&amp;minPrice=&amp;categoryId=25573&amp;storeId=10601","name":"Corn &amp; Rice Cakes","count":"16","className":""},{"url":"http://shop.coles.com.au/online/SearchDisplay?searchTermScope=&amp;multiSearch=&amp;searchType=2&amp;maxPrice=&amp;showResultsPage=true&amp;langId=-1&amp;beginIndex=0&amp;sType=SimpleSearch&amp;metaData=&amp;browseView=true&amp;manufacturer=&amp;resultCatEntryType=&amp;catalogId=10576&amp;pageView=image&amp;facet=ads_f8_ntk_cs%253ACorn%2BCereals&amp;minPrice=&amp;categoryId=25573&amp;storeId=10601","name":"Corn Cereals","count":"3","className":""},{"url":"http://shop.coles.com.au/online/SearchDisplay?searchTermScope=&amp;multiSearch=&amp;searchType=2&amp;maxPrice=&amp;showResultsPage=true&amp;langId=-1&amp;beginIndex=0&amp;sType=SimpleSearch&amp;metaData=&amp;browseView=true&amp;manufacturer=&amp;resultCatEntryType=&amp;catalogId=10576&amp;pageView=image&amp;facet=ads_f8_ntk_cs%253ACorn%2BChips&amp;minPrice=&amp;categoryId=25573&amp;storeId=10601","name":"Corn Chips","count":"12","className":""},{"url":"http://shop.coles.com.au/online/SearchDisplay?searchTermScope=&amp;multiSearch=&amp;searchType=2&amp;maxPrice=&amp;showResultsPage=true&amp;langId=-1&amp;beginIndex=0&amp;sType=SimpleSearch&amp;metaData=&amp;browseView=true&amp;manufacturer=&amp;resultCatEntryType=&amp;catalogId=10576&amp;pageView=image&amp;facet=ads_f8_ntk_cs%253ACornflour&amp;minPrice=&amp;categoryId=25573&amp;storeId=10601","name":"Cornflour","count":"3","className":""},{"url":"http://shop.coles.com.au/online/SearchDisplay?searchTermScope=&amp;multiSearch=&amp;searchType=2&amp;maxPrice=&amp;showResultsPage=true&amp;langId=-1&amp;beginIndex=0&amp;sType=SimpleSearch&amp;metaData=&amp;browseView=true&amp;manufacturer=&amp;resultCatEntryType=&amp;catalogId=10576&amp;pageView=image&amp;facet=ads_f8_ntk_cs%253ACous%2BCous%2B%2526%2BGrains&amp;minPrice=&amp;categoryId=25573&amp;storeId=10601","name":"Cous Cous &amp; Grains","count":"10","className":""},{"url":"http://shop.coles.com.au/online/SearchDisplay?searchTermScope=&amp;multiSearch=&amp;searchType=2&amp;maxPrice=&amp;showResultsPage=true&amp;langId=-1&amp;beginIndex=0&amp;sType=SimpleSearch&amp;metaData=&amp;browseView=true&amp;manufacturer=&amp;resultCatEntryType=&amp;catalogId=10576&amp;pageView=image&amp;facet=ads_f8_ntk_cs%253ACrackers%2B%2526%2BBiscuits&amp;minPrice=&amp;categoryId=25573&amp;storeId=10601","name":"Crackers &amp; Biscuits","count":"33","className":""},{"url":"http://shop.coles.com.au/online/SearchDisplay?searchTermScope=&amp;multiSearch=&amp;searchType=2&amp;maxPrice=&amp;showResultsPage=true&amp;langId=-1&amp;beginIndex=0&amp;sType=SimpleSearch&amp;metaData=&amp;browseView=true&amp;manufacturer=&amp;resultCatEntryType=&amp;catalogId=10576&amp;pageView=image&amp;facet=ads_f8_ntk_cs%253ACrackers%2B%2526%2BCrispbread&amp;minPrice=&amp;categoryId=25573&amp;storeId=10601","name":"Crackers &amp; Crispbread","count":"80","className":""},{"url":"http://shop.coles.com.au/online/SearchDisplay?searchTermScope=&amp;multiSearch=&amp;searchType=2&amp;maxPrice=&amp;showResultsPage=true&amp;langId=-1&amp;beginIndex=0&amp;sType=SimpleSearch&amp;metaData=&amp;browseView=true&amp;manufacturer=&amp;resultCatEntryType=&amp;catalogId=10576&amp;pageView=image&amp;facet=ads_f8_ntk_cs%253ACream%2B%2526%2BPlain%2BBiscuits&amp;minPrice=&amp;categoryId=25573&amp;storeId=10601","name":"Cream &amp; Plain Biscuits","count":"98","className":""},{"url":"http://shop.coles.com.au/online/SearchDisplay?searchTermScope=&amp;multiSearch=&amp;searchType=2&amp;maxPrice=&amp;showResultsPage=true&amp;langId=-1&amp;beginIndex=0&amp;sType=SimpleSearch&amp;metaData=&amp;browseView=true&amp;manufacturer=&amp;resultCatEntryType=&amp;catalogId=10576&amp;pageView=image&amp;facet=ads_f8_ntk_cs%253ACream%2BBased%2BSauces&amp;minPrice=&amp;categoryId=25573&amp;storeId=10601","name":"Cream Based Sauces","count":"21","className":""},{"url":"http://shop.coles.com.au/online/SearchDisplay?searchTermScope=&amp;multiSearch=&amp;searchType=2&amp;maxPrice=&amp;showResultsPage=true&amp;langId=-1&amp;beginIndex=0&amp;sType=SimpleSearch&amp;metaData=&amp;browseView=true&amp;manufacturer=&amp;resultCatEntryType=&amp;catalogId=10576&amp;pageView=image&amp;facet=ads_f8_ntk_cs%253ACreamy%2BSoup&amp;minPrice=&amp;categoryId=25573&amp;storeId=10601","name":"Creamy Soup","count":"15","className":""},{"url":"http://shop.coles.com.au/online/SearchDisplay?searchTermScope=&amp;multiSearch=&amp;searchType=2&amp;maxPrice=&amp;showResultsPage=true&amp;langId=-1&amp;beginIndex=0&amp;sType=SimpleSearch&amp;metaData=&amp;browseView=true&amp;manufacturer=&amp;resultCatEntryType=&amp;catalogId=10576&amp;pageView=image&amp;facet=ads_f8_ntk_cs%253ACumin&amp;minPrice=&amp;categoryId=25573&amp;storeId=10601","name":"Cumin","count":"5","className":""},{"url":"http://shop.coles.com.au/online/SearchDisplay?searchTermScope=&amp;multiSearch=&amp;searchType=2&amp;maxPrice=&amp;showResultsPage=true&amp;langId=-1&amp;beginIndex=0&amp;sType=SimpleSearch&amp;metaData=&amp;browseView=true&amp;manufacturer=&amp;resultCatEntryType=&amp;catalogId=10576&amp;pageView=image&amp;facet=ads_f8_ntk_cs%253ACurry%2BPaste%2B%2526%2BBases&amp;minPrice=&amp;categoryId=25573&amp;storeId=10601","name":"Curry Paste &amp; Bases","count":"23","className":""},{"url":"http://shop.coles.com.au/online/SearchDisplay?searchTermScope=&amp;multiSearch=&amp;searchType=2&amp;maxPrice=&amp;showResultsPage=true&amp;langId=-1&amp;beginIndex=0&amp;sType=SimpleSearch&amp;metaData=&amp;browseView=true&amp;manufacturer=&amp;resultCatEntryType=&amp;catalogId=10576&amp;pageView=image&amp;facet=ads_f8_ntk_cs%253ACurry%2BPowder&amp;minPrice=&amp;categoryId=25573&amp;storeId=10601","name":"Curry Powder","count":"5","className":""},{"url":"http://shop.coles.com.au/online/SearchDisplay?searchTermScope=&amp;multiSearch=&amp;searchType=2&amp;maxPrice=&amp;showResultsPage=true&amp;langId=-1&amp;beginIndex=0&amp;sType=SimpleSearch&amp;metaData=&amp;browseView=true&amp;manufacturer=&amp;resultCatEntryType=&amp;catalogId=10576&amp;pageView=image&amp;facet=ads_f8_ntk_cs%253ACurry%2BSauce&amp;minPrice=&amp;categoryId=25573&amp;storeId=10601","name":"Curry Sauce","count":"31","className":""},{"url":"http://shop.coles.com.au/online/SearchDisplay?searchTermScope=&amp;multiSearch=&amp;searchType=2&amp;maxPrice=&amp;showResultsPage=true&amp;langId=-1&amp;beginIndex=0&amp;sType=SimpleSearch&amp;metaData=&amp;browseView=true&amp;manufacturer=&amp;resultCatEntryType=&amp;catalogId=10576&amp;pageView=image&amp;facet=ads_f8_ntk_cs%253ACustards%2Band%2BSauces&amp;minPrice=&amp;categoryId=25573&amp;storeId=10601","name":"Custards and Sauces","count":"4","className":""},{"url":"http://shop.coles.com.au/online/SearchDisplay?searchTermScope=&amp;multiSearch=&amp;searchType=2&amp;maxPrice=&amp;showResultsPage=true&amp;langId=-1&amp;beginIndex=0&amp;sType=SimpleSearch&amp;metaData=&amp;browseView=true&amp;manufacturer=&amp;resultCatEntryType=&amp;catalogId=10576&amp;pageView=image&amp;facet=ads_f8_ntk_cs%253ADark%2BChocolate&amp;minPrice=&amp;categoryId=25573&amp;storeId=10601","name":"Dark Chocolate","count":"10","className":""},{"url":"http://shop.coles.com.au/online/SearchDisplay?searchTermScope=&amp;multiSearch=&amp;searchType=2&amp;maxPrice=&amp;showResultsPage=true&amp;langId=-1&amp;beginIndex=0&amp;sType=SimpleSearch&amp;metaData=&amp;browseView=true&amp;manufacturer=&amp;resultCatEntryType=&amp;catalogId=10576&amp;pageView=image&amp;facet=ads_f8_ntk_cs%253ADecaffeinated%2BCoffee&amp;minPrice=&amp;categoryId=25573&amp;storeId=10601","name":"Decaffeinated Coffee","count":"9","className":""},{"url":"http://shop.coles.com.au/online/SearchDisplay?searchTermScope=&amp;multiSearch=&amp;searchType=2&amp;maxPrice=&amp;showResultsPage=true&amp;langId=-1&amp;beginIndex=0&amp;sType=SimpleSearch&amp;metaData=&amp;browseView=true&amp;manufacturer=&amp;resultCatEntryType=&amp;catalogId=10576&amp;pageView=image&amp;facet=ads_f8_ntk_cs%253ADessert%2BToppings&amp;minPrice=&amp;categoryId=25573&amp;storeId=10601","name":"Dessert Toppings","count":"10","className":""},{"url":"http://shop.coles.com.au/online/SearchDisplay?searchTermScope=&amp;multiSearch=&amp;searchType=2&amp;maxPrice=&amp;showResultsPage=true&amp;langId=-1&amp;beginIndex=0&amp;sType=SimpleSearch&amp;metaData=&amp;browseView=true&amp;manufacturer=&amp;resultCatEntryType=&amp;catalogId=10576&amp;pageView=image&amp;facet=ads_f8_ntk_cs%253ADried%2BFruit&amp;minPrice=&amp;categoryId=25573&amp;storeId=10601","name":"Dried Fruit","count":"64","className":""},{"url":"http://shop.coles.com.au/online/SearchDisplay?searchTermScope=&amp;multiSearch=&amp;searchType=2&amp;maxPrice=&amp;showResultsPage=true&amp;langId=-1&amp;beginIndex=0&amp;sType=SimpleSearch&amp;metaData=&amp;browseView=true&amp;manufacturer=&amp;resultCatEntryType=&amp;catalogId=10576&amp;pageView=image&amp;facet=ads_f8_ntk_cs%253ADrinks&amp;minPrice=&amp;categoryId=25573&amp;storeId=10601","name":"Drinks","count":"1","className":""},{"url":"http://shop.coles.com.au/online/SearchDisplay?searchTermScope=&amp;multiSearch=&amp;searchType=2&amp;maxPrice=&amp;showResultsPage=true&amp;langId=-1&amp;beginIndex=0&amp;sType=SimpleSearch&amp;metaData=&amp;browseView=true&amp;manufacturer=&amp;resultCatEntryType=&amp;catalogId=10576&amp;pageView=image&amp;facet=ads_f8_ntk_cs%253AEggplants&amp;minPrice=&amp;categoryId=25573&amp;storeId=10601","name":"Eggplants","count":"1","className":""},{"url":"http://shop.coles.com.au/online/SearchDisplay?searchTermScope=&amp;multiSearch=&amp;searchType=2&amp;maxPrice=&amp;showResultsPage=true&amp;langId=-1&amp;beginIndex=0&amp;sType=SimpleSearch&amp;metaData=&amp;browseView=true&amp;manufacturer=&amp;resultCatEntryType=&amp;catalogId=10576&amp;pageView=image&amp;facet=ads_f8_ntk_cs%253AEssence&amp;minPrice=&amp;categoryId=25573&amp;storeId=10601","name":"Essence","count":"16","className":""},{"url":"http://shop.coles.com.au/online/SearchDisplay?searchTermScope=&amp;multiSearch=&amp;searchType=2&amp;maxPrice=&amp;showResultsPage=true&amp;langId=-1&amp;beginIndex=0&amp;sType=SimpleSearch&amp;metaData=&amp;browseView=true&amp;manufacturer=&amp;resultCatEntryType=&amp;catalogId=10576&amp;pageView=image&amp;facet=ads_f8_ntk_cs%253AEvaporated%2BMilk&amp;minPrice=&amp;categoryId=25573&amp;storeId=10601","name":"Evaporated Milk","count":"3","className":""},{"url":"http://shop.coles.com.au/online/SearchDisplay?searchTermScope=&amp;multiSearch=&amp;searchType=2&amp;maxPrice=&amp;showResultsPage=true&amp;langId=-1&amp;beginIndex=0&amp;sType=SimpleSearch&amp;metaData=&amp;browseView=true&amp;manufacturer=&amp;resultCatEntryType=&amp;catalogId=10576&amp;pageView=image&amp;facet=ads_f8_ntk_cs%253AFennel&amp;minPrice=&amp;categoryId=25573&amp;storeId=10601","name":"Fennel","count":"2","className":""},{"url":"http://shop.coles.com.au/online/SearchDisplay?searchTermScope=&amp;multiSearch=&amp;searchType=2&amp;maxPrice=&amp;showResultsPage=true&amp;langId=-1&amp;beginIndex=0&amp;sType=SimpleSearch&amp;metaData=&amp;browseView=true&amp;manufacturer=&amp;resultCatEntryType=&amp;catalogId=10576&amp;pageView=image&amp;facet=ads_f8_ntk_cs%253AFettuccine&amp;minPrice=&amp;categoryId=25573&amp;storeId=10601","name":"Fettuccine","count":"13","className":""},{"url":"http://shop.coles.com.au/online/SearchDisplay?searchTermScope=&amp;multiSearch=&amp;searchType=2&amp;maxPrice=&amp;showResultsPage=true&amp;langId=-1&amp;beginIndex=0&amp;sType=SimpleSearch&amp;metaData=&amp;browseView=true&amp;manufacturer=&amp;resultCatEntryType=&amp;catalogId=10576&amp;pageView=image&amp;facet=ads_f8_ntk_cs%253AFig%2BJam&amp;minPrice=&amp;categoryId=25573&amp;storeId=10601","name":"Fig Jam","count":"2","className":""},{"url":"http://shop.coles.com.au/online/SearchDisplay?searchTermScope=&amp;multiSearch=&amp;searchType=2&amp;maxPrice=&amp;showResultsPage=true&amp;langId=-1&amp;beginIndex=0&amp;sType=SimpleSearch&amp;metaData=&amp;browseView=true&amp;manufacturer=&amp;resultCatEntryType=&amp;catalogId=10576&amp;pageView=image&amp;facet=ads_f8_ntk_cs%253AFish%2BSauce&amp;minPrice=&amp;categoryId=25573&amp;storeId=10601","name":"Fish Sauce","count":"1","className":""},{"url":"http://shop.coles.com.au/online/SearchDisplay?searchTermScope=&amp;multiSearch=&amp;searchType=2&amp;maxPrice=&amp;showResultsPage=true&amp;langId=-1&amp;beginIndex=0&amp;sType=SimpleSearch&amp;metaData=&amp;browseView=true&amp;manufacturer=&amp;resultCatEntryType=&amp;catalogId=10576&amp;pageView=image&amp;facet=ads_f8_ntk_cs%253AFish%2BStock&amp;minPrice=&amp;categoryId=25573&amp;storeId=10601","name":"Fish Stock","count":"1","className":""},{"url":"http://shop.coles.com.au/online/SearchDisplay?searchTermScope=&amp;multiSearch=&amp;searchType=2&amp;maxPrice=&amp;showResultsPage=true&amp;langId=-1&amp;beginIndex=0&amp;sType=SimpleSearch&amp;metaData=&amp;browseView=true&amp;manufacturer=&amp;resultCatEntryType=&amp;catalogId=10576&amp;pageView=image&amp;facet=ads_f8_ntk_cs%253AFlavour%2BBases&amp;minPrice=&amp;categoryId=25573&amp;storeId=10601","name":"Flavour Bases","count":"87","className":""},{"url":"http://shop.coles.com.au/online/SearchDisplay?searchTermScope=&amp;multiSearch=&amp;searchType=2&amp;maxPrice=&amp;showResultsPage=true&amp;langId=-1&amp;beginIndex=0&amp;sType=SimpleSearch&amp;metaData=&amp;browseView=true&amp;manufacturer=&amp;resultCatEntryType=&amp;catalogId=10576&amp;pageView=image&amp;facet=ads_f8_ntk_cs%253AFood%2BColouring&amp;minPrice=&amp;categoryId=25573&amp;storeId=10601","name":"Food Colouring","count":"6","className":""},{"url":"http://shop.coles.com.au/online/SearchDisplay?searchTermScope=&amp;multiSearch=&amp;searchType=2&amp;maxPrice=&amp;showResultsPage=true&amp;langId=-1&amp;beginIndex=0&amp;sType=SimpleSearch&amp;metaData=&amp;browseView=true&amp;manufacturer=&amp;resultCatEntryType=&amp;catalogId=10576&amp;pageView=image&amp;facet=ads_f8_ntk_cs%253AFrankfurts&amp;minPrice=&amp;categoryId=25573&amp;storeId=10601","name":"Frankfurts","count":"1","className":""},{"url":"http://shop.coles.com.au/online/SearchDisplay?searchTermScope=&amp;multiSearch=&amp;searchType=2&amp;maxPrice=&amp;showResultsPage=true&amp;langId=-1&amp;beginIndex=0&amp;sType=SimpleSearch&amp;metaData=&amp;browseView=true&amp;manufacturer=&amp;resultCatEntryType=&amp;catalogId=10576&amp;pageView=image&amp;facet=ads_f8_ntk_cs%253AFrench%2BDressing&amp;minPrice=&amp;categoryId=25573&amp;storeId=10601","name":"French Dressing","count":"4","className":""},{"url":"http://shop.coles.com.au/online/SearchDisplay?searchTermScope=&amp;multiSearch=&amp;searchType=2&amp;maxPrice=&amp;showResultsPage=true&amp;langId=-1&amp;beginIndex=0&amp;sType=SimpleSearch&amp;metaData=&amp;browseView=true&amp;manufacturer=&amp;resultCatEntryType=&amp;catalogId=10576&amp;pageView=image&amp;facet=ads_f8_ntk_cs%253AFrosting%2B%2526%2BIcing&amp;minPrice=&amp;categoryId=25573&amp;storeId=10601","name":"Frosting &amp; Icing","count":"9","className":""},{"url":"http://shop.coles.com.au/online/SearchDisplay?searchTermScope=&amp;multiSearch=&amp;searchType=2&amp;maxPrice=&amp;showResultsPage=true&amp;langId=-1&amp;beginIndex=0&amp;sType=SimpleSearch&amp;metaData=&amp;browseView=true&amp;manufacturer=&amp;resultCatEntryType=&amp;catalogId=10576&amp;pageView=image&amp;facet=ads_f8_ntk_cs%253AFruit%2BBars&amp;minPrice=&amp;categoryId=25573&amp;storeId=10601","name":"Fruit Bars","count":"16","className":""},{"url":"http://shop.coles.com.au/online/SearchDisplay?searchTermScope=&amp;multiSearch=&amp;searchType=2&amp;maxPrice=&amp;showResultsPage=true&amp;langId=-1&amp;beginIndex=0&amp;sType=SimpleSearch&amp;metaData=&amp;browseView=true&amp;manufacturer=&amp;resultCatEntryType=&amp;catalogId=10576&amp;pageView=image&amp;facet=ads_f8_ntk_cs%253AFruit%2BSauce&amp;minPrice=&amp;categoryId=25573&amp;storeId=10601","name":"Fruit Sauce","count":"7","className":""},{"url":"http://shop.coles.com.au/online/SearchDisplay?searchTermScope=&amp;multiSearch=&amp;searchType=2&amp;maxPrice=&amp;showResultsPage=true&amp;langId=-1&amp;beginIndex=0&amp;sType=SimpleSearch&amp;metaData=&amp;browseView=true&amp;manufacturer=&amp;resultCatEntryType=&amp;catalogId=10576&amp;pageView=image&amp;facet=ads_f8_ntk_cs%253AFun%2BSize%2BChocolate%2BPacks&amp;minPrice=&amp;categoryId=25573&amp;storeId=10601","name":"Fun Size Chocolate Packs","count":"26","className":""},{"url":"http://shop.coles.com.au/online/SearchDisplay?searchTermScope=&amp;multiSearch=&amp;searchType=2&amp;maxPrice=&amp;showResultsPage=true&amp;langId=-1&amp;beginIndex=0&amp;sType=SimpleSearch&amp;metaData=&amp;browseView=true&amp;manufacturer=&amp;resultCatEntryType=&amp;catalogId=10576&amp;pageView=image&amp;facet=ads_f8_ntk_cs%253AGaram%2BMasala&amp;minPrice=&amp;categoryId=25573&amp;storeId=10601","name":"Garam Masala","count":"2","className":""},{"url":"http://shop.coles.com.au/online/SearchDisplay?searchTermScope=&amp;multiSearch=&amp;searchType=2&amp;maxPrice=&amp;showResultsPage=true&amp;langId=-1&amp;beginIndex=0&amp;sType=SimpleSearch&amp;metaData=&amp;browseView=true&amp;manufacturer=&amp;resultCatEntryType=&amp;catalogId=10576&amp;pageView=image&amp;facet=ads_f8_ntk_cs%253AGarlic&amp;minPrice=&amp;categoryId=25573&amp;storeId=10601","name":"Garlic","count":"9","className":""},{"url":"http://shop.coles.com.au/online/SearchDisplay?searchTermScope=&amp;multiSearch=&amp;searchType=2&amp;maxPrice=&amp;showResultsPage=true&amp;langId=-1&amp;beginIndex=0&amp;sType=SimpleSearch&amp;metaData=&amp;browseView=true&amp;manufacturer=&amp;resultCatEntryType=&amp;catalogId=10576&amp;pageView=image&amp;facet=ads_f8_ntk_cs%253AGelatine&amp;minPrice=&amp;categoryId=25573&amp;storeId=10601","name":"Gelatine","count":"4","className":""},{"url":"http://shop.coles.com.au/online/SearchDisplay?searchTermScope=&amp;multiSearch=&amp;searchType=2&amp;maxPrice=&amp;showResultsPage=true&amp;langId=-1&amp;beginIndex=0&amp;sType=SimpleSearch&amp;metaData=&amp;browseView=true&amp;manufacturer=&amp;resultCatEntryType=&amp;catalogId=10576&amp;pageView=image&amp;facet=ads_f8_ntk_cs%253AGherkins&amp;minPrice=&amp;categoryId=25573&amp;storeId=10601","name":"Gherkins","count":"10","className":""},{"url":"http://shop.coles.com.au/online/SearchDisplay?searchTermScope=&amp;multiSearch=&amp;searchType=2&amp;maxPrice=&amp;showResultsPage=true&amp;langId=-1&amp;beginIndex=0&amp;sType=SimpleSearch&amp;metaData=&amp;browseView=true&amp;manufacturer=&amp;resultCatEntryType=&amp;catalogId=10576&amp;pageView=image&amp;facet=ads_f8_ntk_cs%253AGinger&amp;minPrice=&amp;categoryId=25573&amp;storeId=10601","name":"Ginger","count":"4","className":""},{"url":"http://shop.coles.com.au/online/SearchDisplay?searchTermScope=&amp;multiSearch=&amp;searchType=2&amp;maxPrice=&amp;showResultsPage=true&amp;langId=-1&amp;beginIndex=0&amp;sType=SimpleSearch&amp;metaData=&amp;browseView=true&amp;manufacturer=&amp;resultCatEntryType=&amp;catalogId=10576&amp;pageView=image&amp;facet=ads_f8_ntk_cs%253AGnocchi&amp;minPrice=&amp;categoryId=25573&amp;storeId=10601","name":"Gnocchi","count":"2","className":""},{"url":"http://shop.coles.com.au/online/SearchDisplay?searchTermScope=&amp;multiSearch=&amp;searchType=2&amp;maxPrice=&amp;showResultsPage=true&amp;langId=-1&amp;beginIndex=0&amp;sType=SimpleSearch&amp;metaData=&amp;browseView=true&amp;manufacturer=&amp;resultCatEntryType=&amp;catalogId=10576&amp;pageView=image&amp;facet=ads_f8_ntk_cs%253AGolden%2BSyrup&amp;minPrice=&amp;categoryId=25573&amp;storeId=10601","name":"Golden Syrup","count":"1","className":""},{"url":"http://shop.coles.com.au/online/SearchDisplay?searchTermScope=&amp;multiSearch=&amp;searchType=2&amp;maxPrice=&amp;showResultsPage=true&amp;langId=-1&amp;beginIndex=0&amp;sType=SimpleSearch&amp;metaData=&amp;browseView=true&amp;manufacturer=&amp;resultCatEntryType=&amp;catalogId=10576&amp;pageView=image&amp;facet=ads_f8_ntk_cs%253AGourmet%2BOils&amp;minPrice=&amp;categoryId=25573&amp;storeId=10601","name":"Gourmet Oils","count":"3","className":""},{"url":"http://shop.coles.com.au/online/SearchDisplay?searchTermScope=&amp;multiSearch=&amp;searchType=2&amp;maxPrice=&amp;showResultsPage=true&amp;langId=-1&amp;beginIndex=0&amp;sType=SimpleSearch&amp;metaData=&amp;browseView=true&amp;manufacturer=&amp;resultCatEntryType=&amp;catalogId=10576&amp;pageView=image&amp;facet=ads_f8_ntk_cs%253AGreen%2BTeas&amp;minPrice=&amp;categoryId=25573&amp;storeId=10601","name":"Green Teas","count":"18","className":""},{"url":"http://shop.coles.com.au/online/SearchDisplay?searchTermScope=&amp;multiSearch=&amp;searchType=2&amp;maxPrice=&amp;showResultsPage=true&amp;langId=-1&amp;beginIndex=0&amp;sType=SimpleSearch&amp;metaData=&amp;browseView=true&amp;manufacturer=&amp;resultCatEntryType=&amp;catalogId=10576&amp;pageView=image&amp;facet=ads_f8_ntk_cs%253AGround%2BCoffee&amp;minPrice=&amp;categoryId=25573&amp;storeId=10601","name":"Ground Coffee","count":"38","className":""},{"url":"http://shop.coles.com.au/online/SearchDisplay?searchTermScope=&amp;multiSearch=&amp;searchType=2&amp;maxPrice=&amp;showResultsPage=true&amp;langId=-1&amp;beginIndex=0&amp;sType=SimpleSearch&amp;metaData=&amp;browseView=true&amp;manufacturer=&amp;resultCatEntryType=&amp;catalogId=10576&amp;pageView=image&amp;facet=ads_f8_ntk_cs%253AHP%2BSauce&amp;minPrice=&amp;categoryId=25573&amp;storeId=10601","name":"HP Sauce","count":"1","className":""},{"url":"http://shop.coles.com.au/online/SearchDisplay?searchTermScope=&amp;multiSearch=&amp;searchType=2&amp;maxPrice=&amp;showResultsPage=true&amp;langId=-1&amp;beginIndex=0&amp;sType=SimpleSearch&amp;metaData=&amp;browseView=true&amp;manufacturer=&amp;resultCatEntryType=&amp;catalogId=10576&amp;pageView=image&amp;facet=ads_f8_ntk_cs%253AHealth%2BBars&amp;minPrice=&amp;categoryId=25573&amp;storeId=10601","name":"Health Bars","count":"71","className":""},{"url":"http://shop.coles.com.au/online/SearchDisplay?searchTermScope=&amp;multiSearch=&amp;searchType=2&amp;maxPrice=&amp;showResultsPage=true&amp;langId=-1&amp;beginIndex=0&amp;sType=SimpleSearch&amp;metaData=&amp;browseView=true&amp;manufacturer=&amp;resultCatEntryType=&amp;catalogId=10576&amp;pageView=image&amp;facet=ads_f8_ntk_cs%253AHealth%2BSnacks&amp;minPrice=&amp;categoryId=25573&amp;storeId=10601","name":"Health Snacks","count":"33","className":""},{"url":"http://shop.coles.com.au/online/SearchDisplay?searchTermScope=&amp;multiSearch=&amp;searchType=2&amp;maxPrice=&amp;showResultsPage=true&amp;langId=-1&amp;beginIndex=0&amp;sType=SimpleSearch&amp;metaData=&amp;browseView=true&amp;manufacturer=&amp;resultCatEntryType=&amp;catalogId=10576&amp;pageView=image&amp;facet=ads_f8_ntk_cs%253AHerb%2B%2526%2BSpice%2BSeasonings&amp;minPrice=&amp;categoryId=25573&amp;storeId=10601","name":"Herb &amp; Spice Seasonings","count":"5","className":""},{"url":"http://shop.coles.com.au/online/SearchDisplay?searchTermScope=&amp;multiSearch=&amp;searchType=2&amp;maxPrice=&amp;showResultsPage=true&amp;langId=-1&amp;beginIndex=0&amp;sType=SimpleSearch&amp;metaData=&amp;browseView=true&amp;manufacturer=&amp;resultCatEntryType=&amp;catalogId=10576&amp;pageView=image&amp;facet=ads_f8_ntk_cs%253AHerbal%2BTeas&amp;minPrice=&amp;categoryId=25573&amp;storeId=10601","name":"Herbal Teas","count":"16","className":""},{"url":"http://shop.coles.com.au/online/SearchDisplay?searchTermScope=&amp;multiSearch=&amp;searchType=2&amp;maxPrice=&amp;showResultsPage=true&amp;langId=-1&amp;beginIndex=0&amp;sType=SimpleSearch&amp;metaData=&amp;browseView=true&amp;manufacturer=&amp;resultCatEntryType=&amp;catalogId=10576&amp;pageView=image&amp;facet=ads_f8_ntk_cs%253AHerring&amp;minPrice=&amp;categoryId=25573&amp;storeId=10601","name":"Herring","count":"2","className":""},{"url":"http://shop.coles.com.au/online/SearchDisplay?searchTermScope=&amp;multiSearch=&amp;searchType=2&amp;maxPrice=&amp;showResultsPage=true&amp;langId=-1&amp;beginIndex=0&amp;sType=SimpleSearch&amp;metaData=&amp;browseView=true&amp;manufacturer=&amp;resultCatEntryType=&amp;catalogId=10576&amp;pageView=image&amp;facet=ads_f8_ntk_cs%253AHoney%2BJars&amp;minPrice=&amp;categoryId=25573&amp;storeId=10601","name":"Honey Jars","count":"5","className":""},{"url":"http://shop.coles.com.au/online/SearchDisplay?searchTermScope=&amp;multiSearch=&amp;searchType=2&amp;maxPrice=&amp;showResultsPage=true&amp;langId=-1&amp;beginIndex=0&amp;sType=SimpleSearch&amp;metaData=&amp;browseView=true&amp;manufacturer=&amp;resultCatEntryType=&amp;catalogId=10576&amp;pageView=image&amp;facet=ads_f8_ntk_cs%253AHoney%2BPots&amp;minPrice=&amp;categoryId=25573&amp;storeId=10601","name":"Honey Pots","count":"3","className":""},{"url":"http://shop.coles.com.au/online/SearchDisplay?searchTermScope=&amp;multiSearch=&amp;searchType=2&amp;maxPrice=&amp;showResultsPage=true&amp;langId=-1&amp;beginIndex=0&amp;sType=SimpleSearch&amp;metaData=&amp;browseView=true&amp;manufacturer=&amp;resultCatEntryType=&amp;catalogId=10576&amp;pageView=image&amp;facet=ads_f8_ntk_cs%253AHoney%2BSqueeze&amp;minPrice=&amp;categoryId=25573&amp;storeId=10601","name":"Honey Squeeze","count":"12","className":""},{"url":"http://shop.coles.com.au/online/SearchDisplay?searchTermScope=&amp;multiSearch=&amp;searchType=2&amp;maxPrice=&amp;showResultsPage=true&amp;langId=-1&amp;beginIndex=0&amp;sType=SimpleSearch&amp;metaData=&amp;browseView=true&amp;manufacturer=&amp;resultCatEntryType=&amp;catalogId=10576&amp;pageView=image&amp;facet=ads_f8_ntk_cs%253AHorseradish&amp;minPrice=&amp;categoryId=25573&amp;storeId=10601","name":"Horseradish","count":"1","className":""},{"url":"http://shop.coles.com.au/online/SearchDisplay?searchTermScope=&amp;multiSearch=&amp;searchType=2&amp;maxPrice=&amp;showResultsPage=true&amp;langId=-1&amp;beginIndex=0&amp;sType=SimpleSearch&amp;metaData=&amp;browseView=true&amp;manufacturer=&amp;resultCatEntryType=&amp;catalogId=10576&amp;pageView=image&amp;facet=ads_f8_ntk_cs%253AIced%2BTeas&amp;minPrice=&amp;categoryId=25573&amp;storeId=10601","name":"Iced Teas","count":"1","className":""},{"url":"http://shop.coles.com.au/online/SearchDisplay?searchTermScope=&amp;multiSearch=&amp;searchType=2&amp;maxPrice=&amp;showResultsPage=true&amp;langId=-1&amp;beginIndex=0&amp;sType=SimpleSearch&amp;metaData=&amp;browseView=true&amp;manufacturer=&amp;resultCatEntryType=&amp;catalogId=10576&amp;pageView=image&amp;facet=ads_f8_ntk_cs%253AIcing%2BSugar&amp;minPrice=&amp;categoryId=25573&amp;storeId=10601","name":"Icing Sugar","count":"10","className":""},{"url":"http://shop.coles.com.au/online/SearchDisplay?searchTermScope=&amp;multiSearch=&amp;searchType=2&amp;maxPrice=&amp;showResultsPage=true&amp;langId=-1&amp;beginIndex=0&amp;sType=SimpleSearch&amp;metaData=&amp;browseView=true&amp;manufacturer=&amp;resultCatEntryType=&amp;catalogId=10576&amp;pageView=image&amp;facet=ads_f8_ntk_cs%253AInstant%2BCoffee&amp;minPrice=&amp;categoryId=25573&amp;storeId=10601","name":"Instant Coffee","count":"58","className":""},{"url":"http://shop.coles.com.au/online/SearchDisplay?searchTermScope=&amp;multiSearch=&amp;searchType=2&amp;maxPrice=&amp;showResultsPage=true&amp;langId=-1&amp;beginIndex=0&amp;sType=SimpleSearch&amp;metaData=&amp;browseView=true&amp;manufacturer=&amp;resultCatEntryType=&amp;catalogId=10576&amp;pageView=image&amp;facet=ads_f8_ntk_cs%253AInstant%2BNoodle%2BCakes&amp;minPrice=&amp;categoryId=25573&amp;storeId=10601","name":"Instant Noodle Cakes","count":"21","className":""},{"url":"http://shop.coles.com.au/online/SearchDisplay?searchTermScope=&amp;multiSearch=&amp;searchType=2&amp;maxPrice=&amp;showResultsPage=true&amp;langId=-1&amp;beginIndex=0&amp;sType=SimpleSearch&amp;metaData=&amp;browseView=true&amp;manufacturer=&amp;resultCatEntryType=&amp;catalogId=10576&amp;pageView=image&amp;facet=ads_f8_ntk_cs%253AInstant%2BNoodle%2BCups%2B%2526%2BBowls&amp;minPrice=&amp;categoryId=25573&amp;storeId=10601","name":"Instant Noodle Cups &amp; Bowls","count":"31","className":""},{"url":"http://shop.coles.com.au/online/SearchDisplay?searchTermScope=&amp;multiSearch=&amp;searchType=2&amp;maxPrice=&amp;showResultsPage=true&amp;langId=-1&amp;beginIndex=0&amp;sType=SimpleSearch&amp;metaData=&amp;browseView=true&amp;manufacturer=&amp;resultCatEntryType=&amp;catalogId=10576&amp;pageView=image&amp;facet=ads_f8_ntk_cs%253AInstant%2BNoodles&amp;minPrice=&amp;categoryId=25573&amp;storeId=10601","name":"Instant Noodles","count":"2","className":""},{"url":"http://shop.coles.com.au/online/SearchDisplay?searchTermScope=&amp;multiSearch=&amp;searchType=2&amp;maxPrice=&amp;showResultsPage=true&amp;langId=-1&amp;beginIndex=0&amp;sType=SimpleSearch&amp;metaData=&amp;browseView=true&amp;manufacturer=&amp;resultCatEntryType=&amp;catalogId=10576&amp;pageView=image&amp;facet=ads_f8_ntk_cs%253AInstant%2BRice&amp;minPrice=&amp;categoryId=25573&amp;storeId=10601","name":"Instant Rice","count":"28","className":""},{"url":"http://shop.coles.com.au/online/SearchDisplay?searchTermScope=&amp;multiSearch=&amp;searchType=2&amp;maxPrice=&amp;showResultsPage=true&amp;langId=-1&amp;beginIndex=0&amp;sType=SimpleSearch&amp;metaData=&amp;browseView=true&amp;manufacturer=&amp;resultCatEntryType=&amp;catalogId=10576&amp;pageView=image&amp;facet=ads_f8_ntk_cs%253AItalian&amp;minPrice=&amp;categoryId=25573&amp;storeId=10601","name":"Italian","count":"7","className":""},{"url":"http://shop.coles.com.au/online/SearchDisplay?searchTermScope=&amp;multiSearch=&amp;searchType=2&amp;maxPrice=&amp;showResultsPage=true&amp;langId=-1&amp;beginIndex=0&amp;sType=SimpleSearch&amp;metaData=&amp;browseView=true&amp;manufacturer=&amp;resultCatEntryType=&amp;catalogId=10576&amp;pageView=image&amp;facet=ads_f8_ntk_cs%253AItalian%2BDressing&amp;minPrice=&amp;categoryId=25573&amp;storeId=10601","name":"Italian Dressing","count":"3","className":""},{"url":"http://shop.coles.com.au/online/SearchDisplay?searchTermScope=&amp;multiSearch=&amp;searchType=2&amp;maxPrice=&amp;showResultsPage=true&amp;langId=-1&amp;beginIndex=0&amp;sType=SimpleSearch&amp;metaData=&amp;browseView=true&amp;manufacturer=&amp;resultCatEntryType=&amp;catalogId=10576&amp;pageView=image&amp;facet=ads_f8_ntk_cs%253AItalian%2BHerbs&amp;minPrice=&amp;categoryId=25573&amp;storeId=10601","name":"Italian Herbs","count":"3","className":""},{"url":"http://shop.coles.com.au/online/SearchDisplay?searchTermScope=&amp;multiSearch=&amp;searchType=2&amp;maxPrice=&amp;showResultsPage=true&amp;langId=-1&amp;beginIndex=0&amp;sType=SimpleSearch&amp;metaData=&amp;browseView=true&amp;manufacturer=&amp;resultCatEntryType=&amp;catalogId=10576&amp;pageView=image&amp;facet=ads_f8_ntk_cs%253AJam%2BBlends&amp;minPrice=&amp;categoryId=25573&amp;storeId=10601","name":"Jam Blends","count":"9","className":""},{"url":"http://shop.coles.com.au/online/SearchDisplay?searchTermScope=&amp;multiSearch=&amp;searchType=2&amp;maxPrice=&amp;showResultsPage=true&amp;langId=-1&amp;beginIndex=0&amp;sType=SimpleSearch&amp;metaData=&amp;browseView=true&amp;manufacturer=&amp;resultCatEntryType=&amp;catalogId=10576&amp;pageView=image&amp;facet=ads_f8_ntk_cs%253AJasmine%2BRice&amp;minPrice=&amp;categoryId=25573&amp;storeId=10601","name":"Jasmine Rice","count":"6","className":""},{"url":"http://shop.coles.com.au/online/SearchDisplay?searchTermScope=&amp;multiSearch=&amp;searchType=2&amp;maxPrice=&amp;showResultsPage=true&amp;langId=-1&amp;beginIndex=0&amp;sType=SimpleSearch&amp;metaData=&amp;browseView=true&amp;manufacturer=&amp;resultCatEntryType=&amp;catalogId=10576&amp;pageView=image&amp;facet=ads_f8_ntk_cs%253AJellies&amp;minPrice=&amp;categoryId=25573&amp;storeId=10601","name":"Jellies","count":"37","className":""},{"url":"http://shop.coles.com.au/online/SearchDisplay?searchTermScope=&amp;multiSearch=&amp;searchType=2&amp;maxPrice=&amp;showResultsPage=true&amp;langId=-1&amp;beginIndex=0&amp;sType=SimpleSearch&amp;metaData=&amp;browseView=true&amp;manufacturer=&amp;resultCatEntryType=&amp;catalogId=10576&amp;pageView=image&amp;facet=ads_f8_ntk_cs%253AJelly%2BCrystals&amp;minPrice=&amp;categoryId=25573&amp;storeId=10601","name":"Jelly Crystals","count":"34","className":""},{"url":"http://shop.coles.com.au/online/SearchDisplay?searchTermScope=&amp;multiSearch=&amp;searchType=2&amp;maxPrice=&amp;showResultsPage=true&amp;langId=-1&amp;beginIndex=0&amp;sType=SimpleSearch&amp;metaData=&amp;browseView=true&amp;manufacturer=&amp;resultCatEntryType=&amp;catalogId=10576&amp;pageView=image&amp;facet=ads_f8_ntk_cs%253AKid%2527s%2BCereals&amp;minPrice=&amp;categoryId=25573&amp;storeId=10601","name":"Kid&#039;s Cereals","count":"20","className":""},{"url":"http://shop.coles.com.au/online/SearchDisplay?searchTermScope=&amp;multiSearch=&amp;searchType=2&amp;maxPrice=&amp;showResultsPage=true&amp;langId=-1&amp;beginIndex=0&amp;sType=SimpleSearch&amp;metaData=&amp;browseView=true&amp;manufacturer=&amp;resultCatEntryType=&amp;catalogId=10576&amp;pageView=image&amp;facet=ads_f8_ntk_cs%253ALasagne&amp;minPrice=&amp;categoryId=25573&amp;storeId=10601","name":"Lasagne","count":"8","className":""},{"url":"http://shop.coles.com.au/online/SearchDisplay?searchTermScope=&amp;multiSearch=&amp;searchType=2&amp;maxPrice=&amp;showResultsPage=true&amp;langId=-1&amp;beginIndex=0&amp;sType=SimpleSearch&amp;metaData=&amp;browseView=true&amp;manufacturer=&amp;resultCatEntryType=&amp;catalogId=10576&amp;pageView=image&amp;facet=ads_f8_ntk_cs%253ALemon%2BIced%2BTea&amp;minPrice=&amp;categoryId=25573&amp;storeId=10601","name":"Lemon Iced Tea","count":"2","className":""},{"url":"http://shop.coles.com.au/online/SearchDisplay?searchTermScope=&amp;multiSearch=&amp;searchType=2&amp;maxPrice=&amp;showResultsPage=true&amp;langId=-1&amp;beginIndex=0&amp;sType=SimpleSearch&amp;metaData=&amp;browseView=true&amp;manufacturer=&amp;resultCatEntryType=&amp;catalogId=10576&amp;pageView=image&amp;facet=ads_f8_ntk_cs%253ALemon%252C%2BLime%2B%2526%2BCitrus%2BJam&amp;minPrice=&amp;categoryId=25573&amp;storeId=10601","name":"Lemon, Lime &amp; Citrus Jam","count":"5","className":""},{"url":"http://shop.coles.com.au/online/SearchDisplay?searchTermScope=&amp;multiSearch=&amp;searchType=2&amp;maxPrice=&amp;showResultsPage=true&amp;langId=-1&amp;beginIndex=0&amp;sType=SimpleSearch&amp;metaData=&amp;browseView=true&amp;manufacturer=&amp;resultCatEntryType=&amp;catalogId=10576&amp;pageView=image&amp;facet=ads_f8_ntk_cs%253ALentils&amp;minPrice=&amp;categoryId=25573&amp;storeId=10601","name":"Lentils","count":"8","className":""},{"url":"http://shop.coles.com.au/online/SearchDisplay?searchTermScope=&amp;multiSearch=&amp;searchType=2&amp;maxPrice=&amp;showResultsPage=true&amp;langId=-1&amp;beginIndex=0&amp;sType=SimpleSearch&amp;metaData=&amp;browseView=true&amp;manufacturer=&amp;resultCatEntryType=&amp;catalogId=10576&amp;pageView=image&amp;facet=ads_f8_ntk_cs%253ALicorice&amp;minPrice=&amp;categoryId=25573&amp;storeId=10601","name":"Licorice","count":"14","className":""},{"url":"http://shop.coles.com.au/online/SearchDisplay?searchTermScope=&amp;multiSearch=&amp;searchType=2&amp;maxPrice=&amp;showResultsPage=true&amp;langId=-1&amp;beginIndex=0&amp;sType=SimpleSearch&amp;metaData=&amp;browseView=true&amp;manufacturer=&amp;resultCatEntryType=&amp;catalogId=10576&amp;pageView=image&amp;facet=ads_f8_ntk_cs%253ALinguine&amp;minPrice=&amp;categoryId=25573&amp;storeId=10601","name":"Linguine","count":"2","className":""},{"url":"http://shop.coles.com.au/online/SearchDisplay?searchTermScope=&amp;multiSearch=&amp;searchType=2&amp;maxPrice=&amp;showResultsPage=true&amp;langId=-1&amp;beginIndex=0&amp;sType=SimpleSearch&amp;metaData=&amp;browseView=true&amp;manufacturer=&amp;resultCatEntryType=&amp;catalogId=10576&amp;pageView=image&amp;facet=ads_f8_ntk_cs%253ALiquid%2BGravy%2B%2526%2BSauces&amp;minPrice=&amp;categoryId=25573&amp;storeId=10601","name":"Liquid Gravy &amp; Sauces","count":"25","className":""},{"url":"http://shop.coles.com.au/online/SearchDisplay?searchTermScope=&amp;multiSearch=&amp;searchType=2&amp;maxPrice=&amp;showResultsPage=true&amp;langId=-1&amp;beginIndex=0&amp;sType=SimpleSearch&amp;metaData=&amp;browseView=true&amp;manufacturer=&amp;resultCatEntryType=&amp;catalogId=10576&amp;pageView=image&amp;facet=ads_f8_ntk_cs%253ALite%2BCream&amp;minPrice=&amp;categoryId=25573&amp;storeId=10601","name":"Lite Cream","count":"1","className":""},{"url":"http://shop.coles.com.au/online/SearchDisplay?searchTermScope=&amp;multiSearch=&amp;searchType=2&amp;maxPrice=&amp;showResultsPage=true&amp;langId=-1&amp;beginIndex=0&amp;sType=SimpleSearch&amp;metaData=&amp;browseView=true&amp;manufacturer=&amp;resultCatEntryType=&amp;catalogId=10576&amp;pageView=image&amp;facet=ads_f8_ntk_cs%253ALollipops&amp;minPrice=&amp;categoryId=25573&amp;storeId=10601","name":"Lollipops","count":"5","className":""},{"url":"http://shop.coles.com.au/online/SearchDisplay?searchTermScope=&amp;multiSearch=&amp;searchType=2&amp;maxPrice=&amp;showResultsPage=true&amp;langId=-1&amp;beginIndex=0&amp;sType=SimpleSearch&amp;metaData=&amp;browseView=true&amp;manufacturer=&amp;resultCatEntryType=&amp;catalogId=10576&amp;pageView=image&amp;facet=ads_f8_ntk_cs%253ALong%2BGrain%2BRice&amp;minPrice=&amp;categoryId=25573&amp;storeId=10601","name":"Long Grain Rice","count":"7","className":""},{"url":"http://shop.coles.com.au/online/SearchDisplay?searchTermScope=&amp;multiSearch=&amp;searchType=2&amp;maxPrice=&amp;showResultsPage=true&amp;langId=-1&amp;beginIndex=0&amp;sType=SimpleSearch&amp;metaData=&amp;browseView=true&amp;manufacturer=&amp;resultCatEntryType=&amp;catalogId=10576&amp;pageView=image&amp;facet=ads_f8_ntk_cs%253ALong%2BPasta&amp;minPrice=&amp;categoryId=25573&amp;storeId=10601","name":"Long Pasta","count":"5","className":""},{"url":"http://shop.coles.com.au/online/SearchDisplay?searchTermScope=&amp;multiSearch=&amp;searchType=2&amp;maxPrice=&amp;showResultsPage=true&amp;langId=-1&amp;beginIndex=0&amp;sType=SimpleSearch&amp;metaData=&amp;browseView=true&amp;manufacturer=&amp;resultCatEntryType=&amp;catalogId=10576&amp;pageView=image&amp;facet=ads_f8_ntk_cs%253AMacadamias&amp;minPrice=&amp;categoryId=25573&amp;storeId=10601","name":"Macadamias","count":"3","className":""},{"url":"http://shop.coles.com.au/online/SearchDisplay?searchTermScope=&amp;multiSearch=&amp;searchType=2&amp;maxPrice=&amp;showResultsPage=true&amp;langId=-1&amp;beginIndex=0&amp;sType=SimpleSearch&amp;metaData=&amp;browseView=true&amp;manufacturer=&amp;resultCatEntryType=&amp;catalogId=10576&amp;pageView=image&amp;facet=ads_f8_ntk_cs%253AMacaroni&amp;minPrice=&amp;categoryId=25573&amp;storeId=10601","name":"Macaroni","count":"3","className":""},{"url":"http://shop.coles.com.au/online/SearchDisplay?searchTermScope=&amp;multiSearch=&amp;searchType=2&amp;maxPrice=&amp;showResultsPage=true&amp;langId=-1&amp;beginIndex=0&amp;sType=SimpleSearch&amp;metaData=&amp;browseView=true&amp;manufacturer=&amp;resultCatEntryType=&amp;catalogId=10576&amp;pageView=image&amp;facet=ads_f8_ntk_cs%253AMackerel&amp;minPrice=&amp;categoryId=25573&amp;storeId=10601","name":"Mackerel","count":"3","className":""},{"url":"http://shop.coles.com.au/online/SearchDisplay?searchTermScope=&amp;multiSearch=&amp;searchType=2&amp;maxPrice=&amp;showResultsPage=true&amp;langId=-1&amp;beginIndex=0&amp;sType=SimpleSearch&amp;metaData=&amp;browseView=true&amp;manufacturer=&amp;resultCatEntryType=&amp;catalogId=10576&amp;pageView=image&amp;facet=ads_f8_ntk_cs%253AMarinades&amp;minPrice=&amp;categoryId=25573&amp;storeId=10601","name":"Marinades","count":"18","className":""},{"url":"http://shop.coles.com.au/online/SearchDisplay?searchTermScope=&amp;multiSearch=&amp;searchType=2&amp;maxPrice=&amp;showResultsPage=true&amp;langId=-1&amp;beginIndex=0&amp;sType=SimpleSearch&amp;metaData=&amp;browseView=true&amp;manufacturer=&amp;resultCatEntryType=&amp;catalogId=10576&amp;pageView=image&amp;facet=ads_f8_ntk_cs%253AMarjoram&amp;minPrice=&amp;categoryId=25573&amp;storeId=10601","name":"Marjoram","count":"1","className":""},{"url":"http://shop.coles.com.au/online/SearchDisplay?searchTermScope=&amp;multiSearch=&amp;searchType=2&amp;maxPrice=&amp;showResultsPage=true&amp;langId=-1&amp;beginIndex=0&amp;sType=SimpleSearch&amp;metaData=&amp;browseView=true&amp;manufacturer=&amp;resultCatEntryType=&amp;catalogId=10576&amp;pageView=image&amp;facet=ads_f8_ntk_cs%253AMarmalade%2BJam&amp;minPrice=&amp;categoryId=25573&amp;storeId=10601","name":"Marmalade Jam","count":"18","className":""},{"url":"http://shop.coles.com.au/online/SearchDisplay?searchTermScope=&amp;multiSearch=&amp;searchType=2&amp;maxPrice=&amp;showResultsPage=true&amp;langId=-1&amp;beginIndex=0&amp;sType=SimpleSearch&amp;metaData=&amp;browseView=true&amp;manufacturer=&amp;resultCatEntryType=&amp;catalogId=10576&amp;pageView=image&amp;facet=ads_f8_ntk_cs%253AMarshmallows&amp;minPrice=&amp;categoryId=25573&amp;storeId=10601","name":"Marshmallows","count":"7","className":""},{"url":"http://shop.coles.com.au/online/SearchDisplay?searchTermScope=&amp;multiSearch=&amp;searchType=2&amp;maxPrice=&amp;showResultsPage=true&amp;langId=-1&amp;beginIndex=0&amp;sType=SimpleSearch&amp;metaData=&amp;browseView=true&amp;manufacturer=&amp;resultCatEntryType=&amp;catalogId=10576&amp;pageView=image&amp;facet=ads_f8_ntk_cs%253AMayonnaise%2BJars&amp;minPrice=&amp;categoryId=25573&amp;storeId=10601","name":"Mayonnaise Jars","count":"21","className":""},{"url":"http://shop.coles.com.au/online/SearchDisplay?searchTermScope=&amp;multiSearch=&amp;searchType=2&amp;maxPrice=&amp;showResultsPage=true&amp;langId=-1&amp;beginIndex=0&amp;sType=SimpleSearch&amp;metaData=&amp;browseView=true&amp;manufacturer=&amp;resultCatEntryType=&amp;catalogId=10576&amp;pageView=image&amp;facet=ads_f8_ntk_cs%253AMeal%2BKits&amp;minPrice=&amp;categoryId=25573&amp;storeId=10601","name":"Meal Kits","count":"6","className":""},{"url":"http://shop.coles.com.au/online/SearchDisplay?searchTermScope=&amp;multiSearch=&amp;searchType=2&amp;maxPrice=&amp;showResultsPage=true&amp;langId=-1&amp;beginIndex=0&amp;sType=SimpleSearch&amp;metaData=&amp;browseView=true&amp;manufacturer=&amp;resultCatEntryType=&amp;catalogId=10576&amp;pageView=image&amp;facet=ads_f8_ntk_cs%253AMeat%2BSeasonings&amp;minPrice=&amp;categoryId=25573&amp;storeId=10601","name":"Meat Seasonings","count":"3","className":""},{"url":"http://shop.coles.com.au/online/SearchDisplay?searchTermScope=&amp;multiSearch=&amp;searchType=2&amp;maxPrice=&amp;showResultsPage=true&amp;langId=-1&amp;beginIndex=0&amp;sType=SimpleSearch&amp;metaData=&amp;browseView=true&amp;manufacturer=&amp;resultCatEntryType=&amp;catalogId=10576&amp;pageView=image&amp;facet=ads_f8_ntk_cs%253AMedicated%2BLozenges&amp;minPrice=&amp;categoryId=25573&amp;storeId=10601","name":"Medicated Lozenges","count":"22","className":""},{"url":"http://shop.coles.com.au/online/SearchDisplay?searchTermScope=&amp;multiSearch=&amp;searchType=2&amp;maxPrice=&amp;showResultsPage=true&amp;langId=-1&amp;beginIndex=0&amp;sType=SimpleSearch&amp;metaData=&amp;browseView=true&amp;manufacturer=&amp;resultCatEntryType=&amp;catalogId=10576&amp;pageView=image&amp;facet=ads_f8_ntk_cs%253AMilk%2BChocolate&amp;minPrice=&amp;categoryId=25573&amp;storeId=10601","name":"Milk Chocolate","count":"10","className":""},{"url":"http://shop.coles.com.au/online/SearchDisplay?searchTermScope=&amp;multiSearch=&amp;searchType=2&amp;maxPrice=&amp;showResultsPage=true&amp;langId=-1&amp;beginIndex=0&amp;sType=SimpleSearch&amp;metaData=&amp;browseView=true&amp;manufacturer=&amp;resultCatEntryType=&amp;catalogId=10576&amp;pageView=image&amp;facet=ads_f8_ntk_cs%253AMints%2B%2526%2BBreath%2BFresheners&amp;minPrice=&amp;categoryId=25573&amp;storeId=10601","name":"Mints &amp; Breath Fresheners","count":"21","className":""},{"url":"http://shop.coles.com.au/online/SearchDisplay?searchTermScope=&amp;multiSearch=&amp;searchType=2&amp;maxPrice=&amp;showResultsPage=true&amp;langId=-1&amp;beginIndex=0&amp;sType=SimpleSearch&amp;metaData=&amp;browseView=true&amp;manufacturer=&amp;resultCatEntryType=&amp;catalogId=10576&amp;pageView=image&amp;facet=ads_f8_ntk_cs%253AMiso&amp;minPrice=&amp;categoryId=25573&amp;storeId=10601","name":"Miso","count":"4","className":""},{"url":"http://shop.coles.com.au/online/SearchDisplay?searchTermScope=&amp;multiSearch=&amp;searchType=2&amp;maxPrice=&amp;showResultsPage=true&amp;langId=-1&amp;beginIndex=0&amp;sType=SimpleSearch&amp;metaData=&amp;browseView=true&amp;manufacturer=&amp;resultCatEntryType=&amp;catalogId=10576&amp;pageView=image&amp;facet=ads_f8_ntk_cs%253AMixed%2BAntipasto&amp;minPrice=&amp;categoryId=25573&amp;storeId=10601","name":"Mixed Antipasto","count":"2","className":""},{"url":"http://shop.coles.com.au/online/SearchDisplay?searchTermScope=&amp;multiSearch=&amp;searchType=2&amp;maxPrice=&amp;showResultsPage=true&amp;langId=-1&amp;beginIndex=0&amp;sType=SimpleSearch&amp;metaData=&amp;browseView=true&amp;manufacturer=&amp;resultCatEntryType=&amp;catalogId=10576&amp;pageView=image&amp;facet=ads_f8_ntk_cs%253AMixed%2BFruit&amp;minPrice=&amp;categoryId=25573&amp;storeId=10601","name":"Mixed Fruit","count":"29","className":""},{"url":"http://shop.coles.com.au/online/SearchDisplay?searchTermScope=&amp;multiSearch=&amp;searchType=2&amp;maxPrice=&amp;showResultsPage=true&amp;langId=-1&amp;beginIndex=0&amp;sType=SimpleSearch&amp;metaData=&amp;browseView=true&amp;manufacturer=&amp;resultCatEntryType=&amp;catalogId=10576&amp;pageView=image&amp;facet=ads_f8_ntk_cs%253AMixed%2BFruit%2B%2526%2BNuts&amp;minPrice=&amp;categoryId=25573&amp;storeId=10601","name":"Mixed Fruit &amp; Nuts","count":"32","className":""},{"url":"http://shop.coles.com.au/online/SearchDisplay?searchTermScope=&amp;multiSearch=&amp;searchType=2&amp;maxPrice=&amp;showResultsPage=true&amp;langId=-1&amp;beginIndex=0&amp;sType=SimpleSearch&amp;metaData=&amp;browseView=true&amp;manufacturer=&amp;resultCatEntryType=&amp;catalogId=10576&amp;pageView=image&amp;facet=ads_f8_ntk_cs%253AMixed%2BGrain%2BCereals&amp;minPrice=&amp;categoryId=25573&amp;storeId=10601","name":"Mixed Grain Cereals","count":"38","className":""},{"url":"http://shop.coles.com.au/online/SearchDisplay?searchTermScope=&amp;multiSearch=&amp;searchType=2&amp;maxPrice=&amp;showResultsPage=true&amp;langId=-1&amp;beginIndex=0&amp;sType=SimpleSearch&amp;metaData=&amp;browseView=true&amp;manufacturer=&amp;resultCatEntryType=&amp;catalogId=10576&amp;pageView=image&amp;facet=ads_f8_ntk_cs%253AMixed%2BHerbs&amp;minPrice=&amp;categoryId=25573&amp;storeId=10601","name":"Mixed Herbs","count":"5","className":""},{"url":"http://shop.coles.com.au/online/SearchDisplay?searchTermScope=&amp;multiSearch=&amp;searchType=2&amp;maxPrice=&amp;showResultsPage=true&amp;langId=-1&amp;beginIndex=0&amp;sType=SimpleSearch&amp;metaData=&amp;browseView=true&amp;manufacturer=&amp;resultCatEntryType=&amp;catalogId=10576&amp;pageView=image&amp;facet=ads_f8_ntk_cs%253AMixed%2BNuts&amp;minPrice=&amp;categoryId=25573&amp;storeId=10601","name":"Mixed Nuts","count":"6","className":""},{"url":"http://shop.coles.com.au/online/SearchDisplay?searchTermScope=&amp;multiSearch=&amp;searchType=2&amp;maxPrice=&amp;showResultsPage=true&amp;langId=-1&amp;beginIndex=0&amp;sType=SimpleSearch&amp;metaData=&amp;browseView=true&amp;manufacturer=&amp;resultCatEntryType=&amp;catalogId=10576&amp;pageView=image&amp;facet=ads_f8_ntk_cs%253AMixed%2BSpice&amp;minPrice=&amp;categoryId=25573&amp;storeId=10601","name":"Mixed Spice","count":"8","className":""},{"url":"http://shop.coles.com.au/online/SearchDisplay?searchTermScope=&amp;multiSearch=&amp;searchType=2&amp;maxPrice=&amp;showResultsPage=true&amp;langId=-1&amp;beginIndex=0&amp;sType=SimpleSearch&amp;metaData=&amp;browseView=true&amp;manufacturer=&amp;resultCatEntryType=&amp;catalogId=10576&amp;pageView=image&amp;facet=ads_f8_ntk_cs%253AMixed%2BVegetables&amp;minPrice=&amp;categoryId=25573&amp;storeId=10601","name":"Mixed Vegetables","count":"8","className":""},{"url":"http://shop.coles.com.au/online/SearchDisplay?searchTermScope=&amp;multiSearch=&amp;searchType=2&amp;maxPrice=&amp;showResultsPage=true&amp;langId=-1&amp;beginIndex=0&amp;sType=SimpleSearch&amp;metaData=&amp;browseView=true&amp;manufacturer=&amp;resultCatEntryType=&amp;catalogId=10576&amp;pageView=image&amp;facet=ads_f8_ntk_cs%253AMousse%2B%2526%2BJelly&amp;minPrice=&amp;categoryId=25573&amp;storeId=10601","name":"Mousse &amp; Jelly","count":"2","className":""},{"url":"http://shop.coles.com.au/online/SearchDisplay?searchTermScope=&amp;multiSearch=&amp;searchType=2&amp;maxPrice=&amp;showResultsPage=true&amp;langId=-1&amp;beginIndex=0&amp;sType=SimpleSearch&amp;metaData=&amp;browseView=true&amp;manufacturer=&amp;resultCatEntryType=&amp;catalogId=10576&amp;pageView=image&amp;facet=ads_f8_ntk_cs%253AMuesli&amp;minPrice=&amp;categoryId=25573&amp;storeId=10601","name":"Muesli","count":"27","className":""},{"url":"http://shop.coles.com.au/online/SearchDisplay?searchTermScope=&amp;multiSearch=&amp;searchType=2&amp;maxPrice=&amp;showResultsPage=true&amp;langId=-1&amp;beginIndex=0&amp;sType=SimpleSearch&amp;metaData=&amp;browseView=true&amp;manufacturer=&amp;resultCatEntryType=&amp;catalogId=10576&amp;pageView=image&amp;facet=ads_f8_ntk_cs%253AMuesli%2BBars&amp;minPrice=&amp;categoryId=25573&amp;storeId=10601","name":"Muesli Bars","count":"64","className":""},{"url":"http://shop.coles.com.au/online/SearchDisplay?searchTermScope=&amp;multiSearch=&amp;searchType=2&amp;maxPrice=&amp;showResultsPage=true&amp;langId=-1&amp;beginIndex=0&amp;sType=SimpleSearch&amp;metaData=&amp;browseView=true&amp;manufacturer=&amp;resultCatEntryType=&amp;catalogId=10576&amp;pageView=image&amp;facet=ads_f8_ntk_cs%253AMuffins%2BMix&amp;minPrice=&amp;categoryId=25573&amp;storeId=10601","name":"Muffins Mix","count":"20","className":""},{"url":"http://shop.coles.com.au/online/SearchDisplay?searchTermScope=&amp;multiSearch=&amp;searchType=2&amp;maxPrice=&amp;showResultsPage=true&amp;langId=-1&amp;beginIndex=0&amp;sType=SimpleSearch&amp;metaData=&amp;browseView=true&amp;manufacturer=&amp;resultCatEntryType=&amp;catalogId=10576&amp;pageView=image&amp;facet=ads_f8_ntk_cs%253AMulti-Grain%2BChips&amp;minPrice=&amp;categoryId=25573&amp;storeId=10601","name":"Multi-Grain Chips","count":"6","className":""},{"url":"http://shop.coles.com.au/online/SearchDisplay?searchTermScope=&amp;multiSearch=&amp;searchType=2&amp;maxPrice=&amp;showResultsPage=true&amp;langId=-1&amp;beginIndex=0&amp;sType=SimpleSearch&amp;metaData=&amp;browseView=true&amp;manufacturer=&amp;resultCatEntryType=&amp;catalogId=10576&amp;pageView=image&amp;facet=ads_f8_ntk_cs%253AMussels%2B%2526%2BShellfish&amp;minPrice=&amp;categoryId=25573&amp;storeId=10601","name":"Mussels &amp; Shellfish","count":"9","className":""},{"url":"http://shop.coles.com.au/online/SearchDisplay?searchTermScope=&amp;multiSearch=&amp;searchType=2&amp;maxPrice=&amp;showResultsPage=true&amp;langId=-1&amp;beginIndex=0&amp;sType=SimpleSearch&amp;metaData=&amp;browseView=true&amp;manufacturer=&amp;resultCatEntryType=&amp;catalogId=10576&amp;pageView=image&amp;facet=ads_f8_ntk_cs%253AMustard&amp;minPrice=&amp;categoryId=25573&amp;storeId=10601","name":"Mustard","count":"21","className":""},{"url":"http://shop.coles.com.au/online/SearchDisplay?searchTermScope=&amp;multiSearch=&amp;searchType=2&amp;maxPrice=&amp;showResultsPage=true&amp;langId=-1&amp;beginIndex=0&amp;sType=SimpleSearch&amp;metaData=&amp;browseView=true&amp;manufacturer=&amp;resultCatEntryType=&amp;catalogId=10576&amp;pageView=image&amp;facet=ads_f8_ntk_cs%253ANoodle%2BSides&amp;minPrice=&amp;categoryId=25573&amp;storeId=10601","name":"Noodle Sides","count":"1","className":""},{"url":"http://shop.coles.com.au/online/SearchDisplay?searchTermScope=&amp;multiSearch=&amp;searchType=2&amp;maxPrice=&amp;showResultsPage=true&amp;langId=-1&amp;beginIndex=0&amp;sType=SimpleSearch&amp;metaData=&amp;browseView=true&amp;manufacturer=&amp;resultCatEntryType=&amp;catalogId=10576&amp;pageView=image&amp;facet=ads_f8_ntk_cs%253ANoodle%2BSnacks&amp;minPrice=&amp;categoryId=25573&amp;storeId=10601","name":"Noodle Snacks","count":"1","className":""},{"url":"http://shop.coles.com.au/online/SearchDisplay?searchTermScope=&amp;multiSearch=&amp;searchType=2&amp;maxPrice=&amp;showResultsPage=true&amp;langId=-1&amp;beginIndex=0&amp;sType=SimpleSearch&amp;metaData=&amp;browseView=true&amp;manufacturer=&amp;resultCatEntryType=&amp;catalogId=10576&amp;pageView=image&amp;facet=ads_f8_ntk_cs%253ANutmeg&amp;minPrice=&amp;categoryId=25573&amp;storeId=10601","name":"Nutmeg","count":"4","className":""},{"url":"http://shop.coles.com.au/online/SearchDisplay?searchTermScope=&amp;multiSearch=&amp;searchType=2&amp;maxPrice=&amp;showResultsPage=true&amp;langId=-1&amp;beginIndex=0&amp;sType=SimpleSearch&amp;metaData=&amp;browseView=true&amp;manufacturer=&amp;resultCatEntryType=&amp;catalogId=10576&amp;pageView=image&amp;facet=ads_f8_ntk_cs%253ANuts&amp;minPrice=&amp;categoryId=25573&amp;storeId=10601","name":"Nuts","count":"9","className":""},{"url":"http://shop.coles.com.au/online/SearchDisplay?searchTermScope=&amp;multiSearch=&amp;searchType=2&amp;maxPrice=&amp;showResultsPage=true&amp;langId=-1&amp;beginIndex=0&amp;sType=SimpleSearch&amp;metaData=&amp;browseView=true&amp;manufacturer=&amp;resultCatEntryType=&amp;catalogId=10576&amp;pageView=image&amp;facet=ads_f8_ntk_cs%253ANuts%2B%2526%2BSeeds&amp;minPrice=&amp;categoryId=25573&amp;storeId=10601","name":"Nuts &amp; Seeds","count":"35","className":""},{"url":"http://shop.coles.com.au/online/SearchDisplay?searchTermScope=&amp;multiSearch=&amp;searchType=2&amp;maxPrice=&amp;showResultsPage=true&amp;langId=-1&amp;beginIndex=0&amp;sType=SimpleSearch&amp;metaData=&amp;browseView=true&amp;manufacturer=&amp;resultCatEntryType=&amp;catalogId=10576&amp;pageView=image&amp;facet=ads_f8_ntk_cs%253AOat%2BBars&amp;minPrice=&amp;categoryId=25573&amp;storeId=10601","name":"Oat Bars","count":"8","className":""},{"url":"http://shop.coles.com.au/online/SearchDisplay?searchTermScope=&amp;multiSearch=&amp;searchType=2&amp;maxPrice=&amp;showResultsPage=true&amp;langId=-1&amp;beginIndex=0&amp;sType=SimpleSearch&amp;metaData=&amp;browseView=true&amp;manufacturer=&amp;resultCatEntryType=&amp;catalogId=10576&amp;pageView=image&amp;facet=ads_f8_ntk_cs%253AOat%2BCereals&amp;minPrice=&amp;categoryId=25573&amp;storeId=10601","name":"Oat Cereals","count":"7","className":""},{"url":"http://shop.coles.com.au/online/SearchDisplay?searchTermScope=&amp;multiSearch=&amp;searchType=2&amp;maxPrice=&amp;showResultsPage=true&amp;langId=-1&amp;beginIndex=0&amp;sType=SimpleSearch&amp;metaData=&amp;browseView=true&amp;manufacturer=&amp;resultCatEntryType=&amp;catalogId=10576&amp;pageView=image&amp;facet=ads_f8_ntk_cs%253AOats&amp;minPrice=&amp;categoryId=25573&amp;storeId=10601","name":"Oats","count":"33","className":""},{"url":"http://shop.coles.com.au/online/SearchDisplay?searchTermScope=&amp;multiSearch=&amp;searchType=2&amp;maxPrice=&amp;showResultsPage=true&amp;langId=-1&amp;beginIndex=0&amp;sType=SimpleSearch&amp;metaData=&amp;browseView=true&amp;manufacturer=&amp;resultCatEntryType=&amp;catalogId=10576&amp;pageView=image&amp;facet=ads_f8_ntk_cs%253AOlive%2BOil&amp;minPrice=&amp;categoryId=25573&amp;storeId=10601","name":"Olive Oil","count":"48","className":""},{"url":"http://shop.coles.com.au/online/SearchDisplay?searchTermScope=&amp;multiSearch=&amp;searchType=2&amp;maxPrice=&amp;showResultsPage=true&amp;langId=-1&amp;beginIndex=0&amp;sType=SimpleSearch&amp;metaData=&amp;browseView=true&amp;manufacturer=&amp;resultCatEntryType=&amp;catalogId=10576&amp;pageView=image&amp;facet=ads_f8_ntk_cs%253AOlives&amp;minPrice=&amp;categoryId=25573&amp;storeId=10601","name":"Olives","count":"39","className":""},{"url":"http://shop.coles.com.au/online/SearchDisplay?searchTermScope=&amp;multiSearch=&amp;searchType=2&amp;maxPrice=&amp;showResultsPage=true&amp;langId=-1&amp;beginIndex=0&amp;sType=SimpleSearch&amp;metaData=&amp;browseView=true&amp;manufacturer=&amp;resultCatEntryType=&amp;catalogId=10576&amp;pageView=image&amp;facet=ads_f8_ntk_cs%253AOnion&amp;minPrice=&amp;categoryId=25573&amp;storeId=10601","name":"Onion","count":"14","className":""},{"url":"http://shop.coles.com.au/online/SearchDisplay?searchTermScope=&amp;multiSearch=&amp;searchType=2&amp;maxPrice=&amp;showResultsPage=true&amp;langId=-1&amp;beginIndex=0&amp;sType=SimpleSearch&amp;metaData=&amp;browseView=true&amp;manufacturer=&amp;resultCatEntryType=&amp;catalogId=10576&amp;pageView=image&amp;facet=ads_f8_ntk_cs%253AOregano&amp;minPrice=&amp;categoryId=25573&amp;storeId=10601","name":"Oregano","count":"4","className":""},{"url":"http://shop.coles.com.au/online/SearchDisplay?searchTermScope=&amp;multiSearch=&amp;searchType=2&amp;maxPrice=&amp;showResultsPage=true&amp;langId=-1&amp;beginIndex=0&amp;sType=SimpleSearch&amp;metaData=&amp;browseView=true&amp;manufacturer=&amp;resultCatEntryType=&amp;catalogId=10576&amp;pageView=image&amp;facet=ads_f8_ntk_cs%253AOriginal%2BChips&amp;minPrice=&amp;categoryId=25573&amp;storeId=10601","name":"Original Chips","count":"6","className":""},{"url":"http://shop.coles.com.au/online/SearchDisplay?searchTermScope=&amp;multiSearch=&amp;searchType=2&amp;maxPrice=&amp;showResultsPage=true&amp;langId=-1&amp;beginIndex=0&amp;sType=SimpleSearch&amp;metaData=&amp;browseView=true&amp;manufacturer=&amp;resultCatEntryType=&amp;catalogId=10576&amp;pageView=image&amp;facet=ads_f8_ntk_cs%253AOther%2BAsian%2BSauces&amp;minPrice=&amp;categoryId=25573&amp;storeId=10601","name":"Other Asian Sauces","count":"7","className":""},{"url":"http://shop.coles.com.au/online/SearchDisplay?searchTermScope=&amp;multiSearch=&amp;searchType=2&amp;maxPrice=&amp;showResultsPage=true&amp;langId=-1&amp;beginIndex=0&amp;sType=SimpleSearch&amp;metaData=&amp;browseView=true&amp;manufacturer=&amp;resultCatEntryType=&amp;catalogId=10576&amp;pageView=image&amp;facet=ads_f8_ntk_cs%253AOther%2BCanned%2BFruit&amp;minPrice=&amp;categoryId=25573&amp;storeId=10601","name":"Other Canned Fruit","count":"8","className":""},{"url":"http://shop.coles.com.au/online/SearchDisplay?searchTermScope=&amp;multiSearch=&amp;searchType=2&amp;maxPrice=&amp;showResultsPage=true&amp;langId=-1&amp;beginIndex=0&amp;sType=SimpleSearch&amp;metaData=&amp;browseView=true&amp;manufacturer=&amp;resultCatEntryType=&amp;catalogId=10576&amp;pageView=image&amp;facet=ads_f8_ntk_cs%253AOther%2BSalad%2BDressings&amp;minPrice=&amp;categoryId=25573&amp;storeId=10601","name":"Other Salad Dressings","count":"12","className":""},{"url":"http://shop.coles.com.au/online/SearchDisplay?searchTermScope=&amp;multiSearch=&amp;searchType=2&amp;maxPrice=&amp;showResultsPage=true&amp;langId=-1&amp;beginIndex=0&amp;sType=SimpleSearch&amp;metaData=&amp;browseView=true&amp;manufacturer=&amp;resultCatEntryType=&amp;catalogId=10576&amp;pageView=image&amp;facet=ads_f8_ntk_cs%253AOther%2BSpices&amp;minPrice=&amp;categoryId=25573&amp;storeId=10601","name":"Other Spices","count":"4","className":""},{"url":"http://shop.coles.com.au/online/SearchDisplay?searchTermScope=&amp;multiSearch=&amp;searchType=2&amp;maxPrice=&amp;showResultsPage=true&amp;langId=-1&amp;beginIndex=0&amp;sType=SimpleSearch&amp;metaData=&amp;browseView=true&amp;manufacturer=&amp;resultCatEntryType=&amp;catalogId=10576&amp;pageView=image&amp;facet=ads_f8_ntk_cs%253AOther%2BSugar&amp;minPrice=&amp;categoryId=25573&amp;storeId=10601","name":"Other Sugar","count":"5","className":""},{"url":"http://shop.coles.com.au/online/SearchDisplay?searchTermScope=&amp;multiSearch=&amp;searchType=2&amp;maxPrice=&amp;showResultsPage=true&amp;langId=-1&amp;beginIndex=0&amp;sType=SimpleSearch&amp;metaData=&amp;browseView=true&amp;manufacturer=&amp;resultCatEntryType=&amp;catalogId=10576&amp;pageView=image&amp;facet=ads_f8_ntk_cs%253AOther%2Bbaking%2Bagents&amp;minPrice=&amp;categoryId=25573&amp;storeId=10601","name":"Other baking agents","count":"6","className":""},{"url":"http://shop.coles.com.au/online/SearchDisplay?searchTermScope=&amp;multiSearch=&amp;searchType=2&amp;maxPrice=&amp;showResultsPage=true&amp;langId=-1&amp;beginIndex=0&amp;sType=SimpleSearch&amp;metaData=&amp;browseView=true&amp;manufacturer=&amp;resultCatEntryType=&amp;catalogId=10576&amp;pageView=image&amp;facet=ads_f8_ntk_cs%253AOther%2Bvegetables&amp;minPrice=&amp;categoryId=25573&amp;storeId=10601","name":"Other vegetables","count":"5","className":""},{"url":"http://shop.coles.com.au/online/SearchDisplay?searchTermScope=&amp;multiSearch=&amp;searchType=2&amp;maxPrice=&amp;showResultsPage=true&amp;langId=-1&amp;beginIndex=0&amp;sType=SimpleSearch&amp;metaData=&amp;browseView=true&amp;manufacturer=&amp;resultCatEntryType=&amp;catalogId=10576&amp;pageView=image&amp;facet=ads_f8_ntk_cs%253AOyster%2BSauce&amp;minPrice=&amp;categoryId=25573&amp;storeId=10601","name":"Oyster Sauce","count":"3","className":""},{"url":"http://shop.coles.com.au/online/SearchDisplay?searchTermScope=&amp;multiSearch=&amp;searchType=2&amp;maxPrice=&amp;showResultsPage=true&amp;langId=-1&amp;beginIndex=0&amp;sType=SimpleSearch&amp;metaData=&amp;browseView=true&amp;manufacturer=&amp;resultCatEntryType=&amp;catalogId=10576&amp;pageView=image&amp;facet=ads_f8_ntk_cs%253APancake%2BMix&amp;minPrice=&amp;categoryId=25573&amp;storeId=10601","name":"Pancake Mix","count":"15","className":""},{"url":"http://shop.coles.com.au/online/SearchDisplay?searchTermScope=&amp;multiSearch=&amp;searchType=2&amp;maxPrice=&amp;showResultsPage=true&amp;langId=-1&amp;beginIndex=0&amp;sType=SimpleSearch&amp;metaData=&amp;browseView=true&amp;manufacturer=&amp;resultCatEntryType=&amp;catalogId=10576&amp;pageView=image&amp;facet=ads_f8_ntk_cs%253APappardelle&amp;minPrice=&amp;categoryId=25573&amp;storeId=10601","name":"Pappardelle","count":"2","className":""},{"url":"http://shop.coles.com.au/online/SearchDisplay?searchTermScope=&amp;multiSearch=&amp;searchType=2&amp;maxPrice=&amp;showResultsPage=true&amp;langId=-1&amp;beginIndex=0&amp;sType=SimpleSearch&amp;metaData=&amp;browseView=true&amp;manufacturer=&amp;resultCatEntryType=&amp;catalogId=10576&amp;pageView=image&amp;facet=ads_f8_ntk_cs%253APaprika&amp;minPrice=&amp;categoryId=25573&amp;storeId=10601","name":"Paprika","count":"5","className":""},{"url":"http://shop.coles.com.au/online/SearchDisplay?searchTermScope=&amp;multiSearch=&amp;searchType=2&amp;maxPrice=&amp;showResultsPage=true&amp;langId=-1&amp;beginIndex=0&amp;sType=SimpleSearch&amp;metaData=&amp;browseView=true&amp;manufacturer=&amp;resultCatEntryType=&amp;catalogId=10576&amp;pageView=image&amp;facet=ads_f8_ntk_cs%253AParsley&amp;minPrice=&amp;categoryId=25573&amp;storeId=10601","name":"Parsley","count":"4","className":""},{"url":"http://shop.coles.com.au/online/SearchDisplay?searchTermScope=&amp;multiSearch=&amp;searchType=2&amp;maxPrice=&amp;showResultsPage=true&amp;langId=-1&amp;beginIndex=0&amp;sType=SimpleSearch&amp;metaData=&amp;browseView=true&amp;manufacturer=&amp;resultCatEntryType=&amp;catalogId=10576&amp;pageView=image&amp;facet=ads_f8_ntk_cs%253APasta&amp;minPrice=&amp;categoryId=25573&amp;storeId=10601","name":"Pasta","count":"13","className":""},{"url":"http://shop.coles.com.au/online/SearchDisplay?searchTermScope=&amp;multiSearch=&amp;searchType=2&amp;maxPrice=&amp;showResultsPage=true&amp;langId=-1&amp;beginIndex=0&amp;sType=SimpleSearch&amp;metaData=&amp;browseView=true&amp;manufacturer=&amp;resultCatEntryType=&amp;catalogId=10576&amp;pageView=image&amp;facet=ads_f8_ntk_cs%253APasta%2BMeals&amp;minPrice=&amp;categoryId=25573&amp;storeId=10601","name":"Pasta Meals","count":"11","className":""},{"url":"http://shop.coles.com.au/online/SearchDisplay?searchTermScope=&amp;multiSearch=&amp;searchType=2&amp;maxPrice=&amp;showResultsPage=true&amp;langId=-1&amp;beginIndex=0&amp;sType=SimpleSearch&amp;metaData=&amp;browseView=true&amp;manufacturer=&amp;resultCatEntryType=&amp;catalogId=10576&amp;pageView=image&amp;facet=ads_f8_ntk_cs%253APasta%2BSides&amp;minPrice=&amp;categoryId=25573&amp;storeId=10601","name":"Pasta Sides","count":"24","className":""},{"url":"http://shop.coles.com.au/online/SearchDisplay?searchTermScope=&amp;multiSearch=&amp;searchType=2&amp;maxPrice=&amp;showResultsPage=true&amp;langId=-1&amp;beginIndex=0&amp;sType=SimpleSearch&amp;metaData=&amp;browseView=true&amp;manufacturer=&amp;resultCatEntryType=&amp;catalogId=10576&amp;pageView=image&amp;facet=ads_f8_ntk_cs%253APatty%2BPans&amp;minPrice=&amp;categoryId=25573&amp;storeId=10601","name":"Patty Pans","count":"6","className":""},{"url":"http://shop.coles.com.au/online/SearchDisplay?searchTermScope=&amp;multiSearch=&amp;searchType=2&amp;maxPrice=&amp;showResultsPage=true&amp;langId=-1&amp;beginIndex=0&amp;sType=SimpleSearch&amp;metaData=&amp;browseView=true&amp;manufacturer=&amp;resultCatEntryType=&amp;catalogId=10576&amp;pageView=image&amp;facet=ads_f8_ntk_cs%253APeach%2BIced%2BTea&amp;minPrice=&amp;categoryId=25573&amp;storeId=10601","name":"Peach Iced Tea","count":"1","className":""},{"url":"http://shop.coles.com.au/online/SearchDisplay?searchTermScope=&amp;multiSearch=&amp;searchType=2&amp;maxPrice=&amp;showResultsPage=true&amp;langId=-1&amp;beginIndex=0&amp;sType=SimpleSearch&amp;metaData=&amp;browseView=true&amp;manufacturer=&amp;resultCatEntryType=&amp;catalogId=10576&amp;pageView=image&amp;facet=ads_f8_ntk_cs%253APeanut%2BButter&amp;minPrice=&amp;categoryId=25573&amp;storeId=10601","name":"Peanut Butter","count":"20","className":""},{"url":"http://shop.coles.com.au/online/SearchDisplay?searchTermScope=&amp;multiSearch=&amp;searchType=2&amp;maxPrice=&amp;showResultsPage=true&amp;langId=-1&amp;beginIndex=0&amp;sType=SimpleSearch&amp;metaData=&amp;browseView=true&amp;manufacturer=&amp;resultCatEntryType=&amp;catalogId=10576&amp;pageView=image&amp;facet=ads_f8_ntk_cs%253APeanut%2BOil&amp;minPrice=&amp;categoryId=25573&amp;storeId=10601","name":"Peanut Oil","count":"2","className":""},{"url":"http://shop.coles.com.au/online/SearchDisplay?searchTermScope=&amp;multiSearch=&amp;searchType=2&amp;maxPrice=&amp;showResultsPage=true&amp;langId=-1&amp;beginIndex=0&amp;sType=SimpleSearch&amp;metaData=&amp;browseView=true&amp;manufacturer=&amp;resultCatEntryType=&amp;catalogId=10576&amp;pageView=image&amp;facet=ads_f8_ntk_cs%253APeanuts&amp;minPrice=&amp;categoryId=25573&amp;storeId=10601","name":"Peanuts","count":"5","className":""},{"url":"http://shop.coles.com.au/online/SearchDisplay?searchTermScope=&amp;multiSearch=&amp;searchType=2&amp;maxPrice=&amp;showResultsPage=true&amp;langId=-1&amp;beginIndex=0&amp;sType=SimpleSearch&amp;metaData=&amp;browseView=true&amp;manufacturer=&amp;resultCatEntryType=&amp;catalogId=10576&amp;pageView=image&amp;facet=ads_f8_ntk_cs%253APenne&amp;minPrice=&amp;categoryId=25573&amp;storeId=10601","name":"Penne","count":"19","className":""},{"url":"http://shop.coles.com.au/online/SearchDisplay?searchTermScope=&amp;multiSearch=&amp;searchType=2&amp;maxPrice=&amp;showResultsPage=true&amp;langId=-1&amp;beginIndex=0&amp;sType=SimpleSearch&amp;metaData=&amp;browseView=true&amp;manufacturer=&amp;resultCatEntryType=&amp;catalogId=10576&amp;pageView=image&amp;facet=ads_f8_ntk_cs%253APeppers&amp;minPrice=&amp;categoryId=25573&amp;storeId=10601","name":"Peppers","count":"6","className":""},{"url":"http://shop.coles.com.au/online/SearchDisplay?searchTermScope=&amp;multiSearch=&amp;searchType=2&amp;maxPrice=&amp;showResultsPage=true&amp;langId=-1&amp;beginIndex=0&amp;sType=SimpleSearch&amp;metaData=&amp;browseView=true&amp;manufacturer=&amp;resultCatEntryType=&amp;catalogId=10576&amp;pageView=image&amp;facet=ads_f8_ntk_cs%253APickled%2BVegetables&amp;minPrice=&amp;categoryId=25573&amp;storeId=10601","name":"Pickled Vegetables","count":"2","className":""},{"url":"http://shop.coles.com.au/online/SearchDisplay?searchTermScope=&amp;multiSearch=&amp;searchType=2&amp;maxPrice=&amp;showResultsPage=true&amp;langId=-1&amp;beginIndex=0&amp;sType=SimpleSearch&amp;metaData=&amp;browseView=true&amp;manufacturer=&amp;resultCatEntryType=&amp;catalogId=10576&amp;pageView=image&amp;facet=ads_f8_ntk_cs%253APickles&amp;minPrice=&amp;categoryId=25573&amp;storeId=10601","name":"Pickles","count":"15","className":""},{"url":"http://shop.coles.com.au/online/SearchDisplay?searchTermScope=&amp;multiSearch=&amp;searchType=2&amp;maxPrice=&amp;showResultsPage=true&amp;langId=-1&amp;beginIndex=0&amp;sType=SimpleSearch&amp;metaData=&amp;browseView=true&amp;manufacturer=&amp;resultCatEntryType=&amp;catalogId=10576&amp;pageView=image&amp;facet=ads_f8_ntk_cs%253APiping%2Bbags%2B%2526%2BTips&amp;minPrice=&amp;categoryId=25573&amp;storeId=10601","name":"Piping bags &amp; Tips","count":"1","className":""},{"url":"http://shop.coles.com.au/online/SearchDisplay?searchTermScope=&amp;multiSearch=&amp;searchType=2&amp;maxPrice=&amp;showResultsPage=true&amp;langId=-1&amp;beginIndex=0&amp;sType=SimpleSearch&amp;metaData=&amp;browseView=true&amp;manufacturer=&amp;resultCatEntryType=&amp;catalogId=10576&amp;pageView=image&amp;facet=ads_f8_ntk_cs%253APistachios&amp;minPrice=&amp;categoryId=25573&amp;storeId=10601","name":"Pistachios","count":"7","className":""},{"url":"http://shop.coles.com.au/online/SearchDisplay?searchTermScope=&amp;multiSearch=&amp;searchType=2&amp;maxPrice=&amp;showResultsPage=true&amp;langId=-1&amp;beginIndex=0&amp;sType=SimpleSearch&amp;metaData=&amp;browseView=true&amp;manufacturer=&amp;resultCatEntryType=&amp;catalogId=10576&amp;pageView=image&amp;facet=ads_f8_ntk_cs%253APlain%2BFlour&amp;minPrice=&amp;categoryId=25573&amp;storeId=10601","name":"Plain Flour","count":"9","className":""},{"url":"http://shop.coles.com.au/online/SearchDisplay?searchTermScope=&amp;multiSearch=&amp;searchType=2&amp;maxPrice=&amp;showResultsPage=true&amp;langId=-1&amp;beginIndex=0&amp;sType=SimpleSearch&amp;metaData=&amp;browseView=true&amp;manufacturer=&amp;resultCatEntryType=&amp;catalogId=10576&amp;pageView=image&amp;facet=ads_f8_ntk_cs%253APlum%2BJam&amp;minPrice=&amp;categoryId=25573&amp;storeId=10601","name":"Plum Jam","count":"3","className":""},{"url":"http://shop.coles.com.au/online/SearchDisplay?searchTermScope=&amp;multiSearch=&amp;searchType=2&amp;maxPrice=&amp;showResultsPage=true&amp;langId=-1&amp;beginIndex=0&amp;sType=SimpleSearch&amp;metaData=&amp;browseView=true&amp;manufacturer=&amp;resultCatEntryType=&amp;catalogId=10576&amp;pageView=image&amp;facet=ads_f8_ntk_cs%253APopped%2BPopcorn&amp;minPrice=&amp;categoryId=25573&amp;storeId=10601","name":"Popped Popcorn","count":"5","className":""},{"url":"http://shop.coles.com.au/online/SearchDisplay?searchTermScope=&amp;multiSearch=&amp;searchType=2&amp;maxPrice=&amp;showResultsPage=true&amp;langId=-1&amp;beginIndex=0&amp;sType=SimpleSearch&amp;metaData=&amp;browseView=true&amp;manufacturer=&amp;resultCatEntryType=&amp;catalogId=10576&amp;pageView=image&amp;facet=ads_f8_ntk_cs%253APoppy%2BSeed&amp;minPrice=&amp;categoryId=25573&amp;storeId=10601","name":"Poppy Seed","count":"2","className":""},{"url":"http://shop.coles.com.au/online/SearchDisplay?searchTermScope=&amp;multiSearch=&amp;searchType=2&amp;maxPrice=&amp;showResultsPage=true&amp;langId=-1&amp;beginIndex=0&amp;sType=SimpleSearch&amp;metaData=&amp;browseView=true&amp;manufacturer=&amp;resultCatEntryType=&amp;catalogId=10576&amp;pageView=image&amp;facet=ads_f8_ntk_cs%253APortion%2BCereals&amp;minPrice=&amp;categoryId=25573&amp;storeId=10601","name":"Portion Cereals","count":"9","className":""},{"url":"http://shop.coles.com.au/online/SearchDisplay?searchTermScope=&amp;multiSearch=&amp;searchType=2&amp;maxPrice=&amp;showResultsPage=true&amp;langId=-1&amp;beginIndex=0&amp;sType=SimpleSearch&amp;metaData=&amp;browseView=true&amp;manufacturer=&amp;resultCatEntryType=&amp;catalogId=10576&amp;pageView=image&amp;facet=ads_f8_ntk_cs%253APotato%2BChips&amp;minPrice=&amp;categoryId=25573&amp;storeId=10601","name":"Potato Chips","count":"22","className":""},{"url":"http://shop.coles.com.au/online/SearchDisplay?searchTermScope=&amp;multiSearch=&amp;searchType=2&amp;maxPrice=&amp;showResultsPage=true&amp;langId=-1&amp;beginIndex=0&amp;sType=SimpleSearch&amp;metaData=&amp;browseView=true&amp;manufacturer=&amp;resultCatEntryType=&amp;catalogId=10576&amp;pageView=image&amp;facet=ads_f8_ntk_cs%253APotato%2BSalad%2BDressing&amp;minPrice=&amp;categoryId=25573&amp;storeId=10601","name":"Potato Salad Dressing","count":"2","className":""},{"url":"http://shop.coles.com.au/online/SearchDisplay?searchTermScope=&amp;multiSearch=&amp;searchType=2&amp;maxPrice=&amp;showResultsPage=true&amp;langId=-1&amp;beginIndex=0&amp;sType=SimpleSearch&amp;metaData=&amp;browseView=true&amp;manufacturer=&amp;resultCatEntryType=&amp;catalogId=10576&amp;pageView=image&amp;facet=ads_f8_ntk_cs%253APowdered%2BGravy%2B%2526%2BSauces&amp;minPrice=&amp;categoryId=25573&amp;storeId=10601","name":"Powdered Gravy &amp; Sauces","count":"25","className":""},{"url":"http://shop.coles.com.au/online/SearchDisplay?searchTermScope=&amp;multiSearch=&amp;searchType=2&amp;maxPrice=&amp;showResultsPage=true&amp;langId=-1&amp;beginIndex=0&amp;sType=SimpleSearch&amp;metaData=&amp;browseView=true&amp;manufacturer=&amp;resultCatEntryType=&amp;catalogId=10576&amp;pageView=image&amp;facet=ads_f8_ntk_cs%253APretzels&amp;minPrice=&amp;categoryId=25573&amp;storeId=10601","name":"Pretzels","count":"4","className":""},{"url":"http://shop.coles.com.au/online/SearchDisplay?searchTermScope=&amp;multiSearch=&amp;searchType=2&amp;maxPrice=&amp;showResultsPage=true&amp;langId=-1&amp;beginIndex=0&amp;sType=SimpleSearch&amp;metaData=&amp;browseView=true&amp;manufacturer=&amp;resultCatEntryType=&amp;catalogId=10576&amp;pageView=image&amp;facet=ads_f8_ntk_cs%253APrunes&amp;minPrice=&amp;categoryId=25573&amp;storeId=10601","name":"Prunes","count":"1","className":""},{"url":"http://shop.coles.com.au/online/SearchDisplay?searchTermScope=&amp;multiSearch=&amp;searchType=2&amp;maxPrice=&amp;showResultsPage=true&amp;langId=-1&amp;beginIndex=0&amp;sType=SimpleSearch&amp;metaData=&amp;browseView=true&amp;manufacturer=&amp;resultCatEntryType=&amp;catalogId=10576&amp;pageView=image&amp;facet=ads_f8_ntk_cs%253APuddings&amp;minPrice=&amp;categoryId=25573&amp;storeId=10601","name":"Puddings","count":"7","className":""},{"url":"http://shop.coles.com.au/online/SearchDisplay?searchTermScope=&amp;multiSearch=&amp;searchType=2&amp;maxPrice=&amp;showResultsPage=true&amp;langId=-1&amp;beginIndex=0&amp;sType=SimpleSearch&amp;metaData=&amp;browseView=true&amp;manufacturer=&amp;resultCatEntryType=&amp;catalogId=10576&amp;pageView=image&amp;facet=ads_f8_ntk_cs%253ARanch%2BDressing&amp;minPrice=&amp;categoryId=25573&amp;storeId=10601","name":"Ranch Dressing","count":"1","className":""},{"url":"http://shop.coles.com.au/online/SearchDisplay?searchTermScope=&amp;multiSearch=&amp;searchType=2&amp;maxPrice=&amp;showResultsPage=true&amp;langId=-1&amp;beginIndex=0&amp;sType=SimpleSearch&amp;metaData=&amp;browseView=true&amp;manufacturer=&amp;resultCatEntryType=&amp;catalogId=10576&amp;pageView=image&amp;facet=ads_f8_ntk_cs%253ARaspberry%2BJam&amp;minPrice=&amp;categoryId=25573&amp;storeId=10601","name":"Raspberry Jam","count":"10","className":""},{"url":"http://shop.coles.com.au/online/SearchDisplay?searchTermScope=&amp;multiSearch=&amp;searchType=2&amp;maxPrice=&amp;showResultsPage=true&amp;langId=-1&amp;beginIndex=0&amp;sType=SimpleSearch&amp;metaData=&amp;browseView=true&amp;manufacturer=&amp;resultCatEntryType=&amp;catalogId=10576&amp;pageView=image&amp;facet=ads_f8_ntk_cs%253ARavioli&amp;minPrice=&amp;categoryId=25573&amp;storeId=10601","name":"Ravioli","count":"10","className":""},{"url":"http://shop.coles.com.au/online/SearchDisplay?searchTermScope=&amp;multiSearch=&amp;searchType=2&amp;maxPrice=&amp;showResultsPage=true&amp;langId=-1&amp;beginIndex=0&amp;sType=SimpleSearch&amp;metaData=&amp;browseView=true&amp;manufacturer=&amp;resultCatEntryType=&amp;catalogId=10576&amp;pageView=image&amp;facet=ads_f8_ntk_cs%253ARaw%2BSugar&amp;minPrice=&amp;categoryId=25573&amp;storeId=10601","name":"Raw Sugar","count":"7","className":""},{"url":"http://shop.coles.com.au/online/SearchDisplay?searchTermScope=&amp;multiSearch=&amp;searchType=2&amp;maxPrice=&amp;showResultsPage=true&amp;langId=-1&amp;beginIndex=0&amp;sType=SimpleSearch&amp;metaData=&amp;browseView=true&amp;manufacturer=&amp;resultCatEntryType=&amp;catalogId=10576&amp;pageView=image&amp;facet=ads_f8_ntk_cs%253ARed%2BWine%2BVinegar&amp;minPrice=&amp;categoryId=25573&amp;storeId=10601","name":"Red Wine Vinegar","count":"3","className":""},{"url":"http://shop.coles.com.au/online/SearchDisplay?searchTermScope=&amp;multiSearch=&amp;searchType=2&amp;maxPrice=&amp;showResultsPage=true&amp;langId=-1&amp;beginIndex=0&amp;sType=SimpleSearch&amp;metaData=&amp;browseView=true&amp;manufacturer=&amp;resultCatEntryType=&amp;catalogId=10576&amp;pageView=image&amp;facet=ads_f8_ntk_cs%253ARegular%2BIced%2BTea&amp;minPrice=&amp;categoryId=25573&amp;storeId=10601","name":"Regular Iced Tea","count":"1","className":""},{"url":"http://shop.coles.com.au/online/SearchDisplay?searchTermScope=&amp;multiSearch=&amp;searchType=2&amp;maxPrice=&amp;showResultsPage=true&amp;langId=-1&amp;beginIndex=0&amp;sType=SimpleSearch&amp;metaData=&amp;browseView=true&amp;manufacturer=&amp;resultCatEntryType=&amp;catalogId=10576&amp;pageView=image&amp;facet=ads_f8_ntk_cs%253ARelish&amp;minPrice=&amp;categoryId=25573&amp;storeId=10601","name":"Relish","count":"9","className":""},{"url":"http://shop.coles.com.au/online/SearchDisplay?searchTermScope=&amp;multiSearch=&amp;searchType=2&amp;maxPrice=&amp;showResultsPage=true&amp;langId=-1&amp;beginIndex=0&amp;sType=SimpleSearch&amp;metaData=&amp;browseView=true&amp;manufacturer=&amp;resultCatEntryType=&amp;catalogId=10576&amp;pageView=image&amp;facet=ads_f8_ntk_cs%253ARice%2B%2526%2BNoodles&amp;minPrice=&amp;categoryId=25573&amp;storeId=10601","name":"Rice &amp; Noodles","count":"8","className":""},{"url":"http://shop.coles.com.au/online/SearchDisplay?searchTermScope=&amp;multiSearch=&amp;searchType=2&amp;maxPrice=&amp;showResultsPage=true&amp;langId=-1&amp;beginIndex=0&amp;sType=SimpleSearch&amp;metaData=&amp;browseView=true&amp;manufacturer=&amp;resultCatEntryType=&amp;catalogId=10576&amp;pageView=image&amp;facet=ads_f8_ntk_cs%253ARice%2BBran%2BOil&amp;minPrice=&amp;categoryId=25573&amp;storeId=10601","name":"Rice Bran Oil","count":"3","className":""},{"url":"http://shop.coles.com.au/online/SearchDisplay?searchTermScope=&amp;multiSearch=&amp;searchType=2&amp;maxPrice=&amp;showResultsPage=true&amp;langId=-1&amp;beginIndex=0&amp;sType=SimpleSearch&amp;metaData=&amp;browseView=true&amp;manufacturer=&amp;resultCatEntryType=&amp;catalogId=10576&amp;pageView=image&amp;facet=ads_f8_ntk_cs%253ARice%2BCereals&amp;minPrice=&amp;categoryId=25573&amp;storeId=10601","name":"Rice Cereals","count":"2","className":""},{"url":"http://shop.coles.com.au/online/SearchDisplay?searchTermScope=&amp;multiSearch=&amp;searchType=2&amp;maxPrice=&amp;showResultsPage=true&amp;langId=-1&amp;beginIndex=0&amp;sType=SimpleSearch&amp;metaData=&amp;browseView=true&amp;manufacturer=&amp;resultCatEntryType=&amp;catalogId=10576&amp;pageView=image&amp;facet=ads_f8_ntk_cs%253ARice%2BCrackers&amp;minPrice=&amp;categoryId=25573&amp;storeId=10601","name":"Rice Crackers","count":"42","className":""},{"url":"http://shop.coles.com.au/online/SearchDisplay?searchTermScope=&amp;multiSearch=&amp;searchType=2&amp;maxPrice=&amp;showResultsPage=true&amp;langId=-1&amp;beginIndex=0&amp;sType=SimpleSearch&amp;metaData=&amp;browseView=true&amp;manufacturer=&amp;resultCatEntryType=&amp;catalogId=10576&amp;pageView=image&amp;facet=ads_f8_ntk_cs%253ARice%2BDesserts&amp;minPrice=&amp;categoryId=25573&amp;storeId=10601","name":"Rice Desserts","count":"3","className":""},{"url":"http://shop.coles.com.au/online/SearchDisplay?searchTermScope=&amp;multiSearch=&amp;searchType=2&amp;maxPrice=&amp;showResultsPage=true&amp;langId=-1&amp;beginIndex=0&amp;sType=SimpleSearch&amp;metaData=&amp;browseView=true&amp;manufacturer=&amp;resultCatEntryType=&amp;catalogId=10576&amp;pageView=image&amp;facet=ads_f8_ntk_cs%253ARice%2BSides&amp;minPrice=&amp;categoryId=25573&amp;storeId=10601","name":"Rice Sides","count":"10","className":""},{"url":"http://shop.coles.com.au/online/SearchDisplay?searchTermScope=&amp;multiSearch=&amp;searchType=2&amp;maxPrice=&amp;showResultsPage=true&amp;langId=-1&amp;beginIndex=0&amp;sType=SimpleSearch&amp;metaData=&amp;browseView=true&amp;manufacturer=&amp;resultCatEntryType=&amp;catalogId=10576&amp;pageView=image&amp;facet=ads_f8_ntk_cs%253ARosemary&amp;minPrice=&amp;categoryId=25573&amp;storeId=10601","name":"Rosemary","count":"3","className":""},{"url":"http://shop.coles.com.au/online/SearchDisplay?searchTermScope=&amp;multiSearch=&amp;searchType=2&amp;maxPrice=&amp;showResultsPage=true&amp;langId=-1&amp;beginIndex=0&amp;sType=SimpleSearch&amp;metaData=&amp;browseView=true&amp;manufacturer=&amp;resultCatEntryType=&amp;catalogId=10576&amp;pageView=image&amp;facet=ads_f8_ntk_cs%253ASaffron&amp;minPrice=&amp;categoryId=25573&amp;storeId=10601","name":"Saffron","count":"3","className":""},{"url":"http://shop.coles.com.au/online/SearchDisplay?searchTermScope=&amp;multiSearch=&amp;searchType=2&amp;maxPrice=&amp;showResultsPage=true&amp;langId=-1&amp;beginIndex=0&amp;sType=SimpleSearch&amp;metaData=&amp;browseView=true&amp;manufacturer=&amp;resultCatEntryType=&amp;catalogId=10576&amp;pageView=image&amp;facet=ads_f8_ntk_cs%253ASage&amp;minPrice=&amp;categoryId=25573&amp;storeId=10601","name":"Sage","count":"2","className":""},{"url":"http://shop.coles.com.au/online/SearchDisplay?searchTermScope=&amp;multiSearch=&amp;searchType=2&amp;maxPrice=&amp;showResultsPage=true&amp;langId=-1&amp;beginIndex=0&amp;sType=SimpleSearch&amp;metaData=&amp;browseView=true&amp;manufacturer=&amp;resultCatEntryType=&amp;catalogId=10576&amp;pageView=image&amp;facet=ads_f8_ntk_cs%253ASalsa&amp;minPrice=&amp;categoryId=25573&amp;storeId=10601","name":"Salsa","count":"7","className":""},{"url":"http://shop.coles.com.au/online/SearchDisplay?searchTermScope=&amp;multiSearch=&amp;searchType=2&amp;maxPrice=&amp;showResultsPage=true&amp;langId=-1&amp;beginIndex=0&amp;sType=SimpleSearch&amp;metaData=&amp;browseView=true&amp;manufacturer=&amp;resultCatEntryType=&amp;catalogId=10576&amp;pageView=image&amp;facet=ads_f8_ntk_cs%253ASalt%2B%2526%2BPepper&amp;minPrice=&amp;categoryId=25573&amp;storeId=10601","name":"Salt &amp; Pepper","count":"55","className":""},{"url":"http://shop.coles.com.au/online/SearchDisplay?searchTermScope=&amp;multiSearch=&amp;searchType=2&amp;maxPrice=&amp;showResultsPage=true&amp;langId=-1&amp;beginIndex=0&amp;sType=SimpleSearch&amp;metaData=&amp;browseView=true&amp;manufacturer=&amp;resultCatEntryType=&amp;catalogId=10576&amp;pageView=image&amp;facet=ads_f8_ntk_cs%253ASalt%2B%2526%2BVinegar%2BChips&amp;minPrice=&amp;categoryId=25573&amp;storeId=10601","name":"Salt &amp; Vinegar Chips","count":"13","className":""},{"url":"http://shop.coles.com.au/online/SearchDisplay?searchTermScope=&amp;multiSearch=&amp;searchType=2&amp;maxPrice=&amp;showResultsPage=true&amp;langId=-1&amp;beginIndex=0&amp;sType=SimpleSearch&amp;metaData=&amp;browseView=true&amp;manufacturer=&amp;resultCatEntryType=&amp;catalogId=10576&amp;pageView=image&amp;facet=ads_f8_ntk_cs%253ASardines&amp;minPrice=&amp;categoryId=25573&amp;storeId=10601","name":"Sardines","count":"12","className":""},{"url":"http://shop.coles.com.au/online/SearchDisplay?searchTermScope=&amp;multiSearch=&amp;searchType=2&amp;maxPrice=&amp;showResultsPage=true&amp;langId=-1&amp;beginIndex=0&amp;sType=SimpleSearch&amp;metaData=&amp;browseView=true&amp;manufacturer=&amp;resultCatEntryType=&amp;catalogId=10576&amp;pageView=image&amp;facet=ads_f8_ntk_cs%253ASatay%2BSauce&amp;minPrice=&amp;categoryId=25573&amp;storeId=10601","name":"Satay Sauce","count":"1","className":""},{"url":"http://shop.coles.com.au/online/SearchDisplay?searchTermScope=&amp;multiSearch=&amp;searchType=2&amp;maxPrice=&amp;showResultsPage=true&amp;langId=-1&amp;beginIndex=0&amp;sType=SimpleSearch&amp;metaData=&amp;browseView=true&amp;manufacturer=&amp;resultCatEntryType=&amp;catalogId=10576&amp;pageView=image&amp;facet=ads_f8_ntk_cs%253ASauces&amp;minPrice=&amp;categoryId=25573&amp;storeId=10601","name":"Sauces","count":"1","className":""},{"url":"http://shop.coles.com.au/online/SearchDisplay?searchTermScope=&amp;multiSearch=&amp;searchType=2&amp;maxPrice=&amp;showResultsPage=true&amp;langId=-1&amp;beginIndex=0&amp;sType=SimpleSearch&amp;metaData=&amp;browseView=true&amp;manufacturer=&amp;resultCatEntryType=&amp;catalogId=10576&amp;pageView=image&amp;facet=ads_f8_ntk_cs%253ASavoury%2BCrackers&amp;minPrice=&amp;categoryId=25573&amp;storeId=10601","name":"Savoury Crackers","count":"19","className":""},{"url":"http://shop.coles.com.au/online/SearchDisplay?searchTermScope=&amp;multiSearch=&amp;searchType=2&amp;maxPrice=&amp;showResultsPage=true&amp;langId=-1&amp;beginIndex=0&amp;sType=SimpleSearch&amp;metaData=&amp;browseView=true&amp;manufacturer=&amp;resultCatEntryType=&amp;catalogId=10576&amp;pageView=image&amp;facet=ads_f8_ntk_cs%253ASavoury%2BSpread&amp;minPrice=&amp;categoryId=25573&amp;storeId=10601","name":"Savoury Spread","count":"7","className":""},{"url":"http://shop.coles.com.au/online/SearchDisplay?searchTermScope=&amp;multiSearch=&amp;searchType=2&amp;maxPrice=&amp;showResultsPage=true&amp;langId=-1&amp;beginIndex=0&amp;sType=SimpleSearch&amp;metaData=&amp;browseView=true&amp;manufacturer=&amp;resultCatEntryType=&amp;catalogId=10576&amp;pageView=image&amp;facet=ads_f8_ntk_cs%253ASeafood%2BSauces&amp;minPrice=&amp;categoryId=25573&amp;storeId=10601","name":"Seafood Sauces","count":"2","className":""},{"url":"http://shop.coles.com.au/online/SearchDisplay?searchTermScope=&amp;multiSearch=&amp;searchType=2&amp;maxPrice=&amp;showResultsPage=true&amp;langId=-1&amp;beginIndex=0&amp;sType=SimpleSearch&amp;metaData=&amp;browseView=true&amp;manufacturer=&amp;resultCatEntryType=&amp;catalogId=10576&amp;pageView=image&amp;facet=ads_f8_ntk_cs%253ASeasoning&amp;minPrice=&amp;categoryId=25573&amp;storeId=10601","name":"Seasoning","count":"36","className":""},{"url":"http://shop.coles.com.au/online/SearchDisplay?searchTermScope=&amp;multiSearch=&amp;searchType=2&amp;maxPrice=&amp;showResultsPage=true&amp;langId=-1&amp;beginIndex=0&amp;sType=SimpleSearch&amp;metaData=&amp;browseView=true&amp;manufacturer=&amp;resultCatEntryType=&amp;catalogId=10576&amp;pageView=image&amp;facet=ads_f8_ntk_cs%253ASeasonings&amp;minPrice=&amp;categoryId=25573&amp;storeId=10601","name":"Seasonings","count":"7","className":""},{"url":"http://shop.coles.com.au/online/SearchDisplay?searchTermScope=&amp;multiSearch=&amp;searchType=2&amp;maxPrice=&amp;showResultsPage=true&amp;langId=-1&amp;beginIndex=0&amp;sType=SimpleSearch&amp;metaData=&amp;browseView=true&amp;manufacturer=&amp;resultCatEntryType=&amp;catalogId=10576&amp;pageView=image&amp;facet=ads_f8_ntk_cs%253ASelf%2BRaising%2BFlour&amp;minPrice=&amp;categoryId=25573&amp;storeId=10601","name":"Self Raising Flour","count":"10","className":""},{"url":"http://shop.coles.com.au/online/SearchDisplay?searchTermScope=&amp;multiSearch=&amp;searchType=2&amp;maxPrice=&amp;showResultsPage=true&amp;langId=-1&amp;beginIndex=0&amp;sType=SimpleSearch&amp;metaData=&amp;browseView=true&amp;manufacturer=&amp;resultCatEntryType=&amp;catalogId=10576&amp;pageView=image&amp;facet=ads_f8_ntk_cs%253ASesame%2BOil&amp;minPrice=&amp;categoryId=25573&amp;storeId=10601","name":"Sesame Oil","count":"3","className":""},{"url":"http://shop.coles.com.au/online/SearchDisplay?searchTermScope=&amp;multiSearch=&amp;searchType=2&amp;maxPrice=&amp;showResultsPage=true&amp;langId=-1&amp;beginIndex=0&amp;sType=SimpleSearch&amp;metaData=&amp;browseView=true&amp;manufacturer=&amp;resultCatEntryType=&amp;catalogId=10576&amp;pageView=image&amp;facet=ads_f8_ntk_cs%253ASesame%2BSeeds&amp;minPrice=&amp;categoryId=25573&amp;storeId=10601","name":"Sesame Seeds","count":"3","className":""},{"url":"http://shop.coles.com.au/online/SearchDisplay?searchTermScope=&amp;multiSearch=&amp;searchType=2&amp;maxPrice=&amp;showResultsPage=true&amp;langId=-1&amp;beginIndex=0&amp;sType=SimpleSearch&amp;metaData=&amp;browseView=true&amp;manufacturer=&amp;resultCatEntryType=&amp;catalogId=10576&amp;pageView=image&amp;facet=ads_f8_ntk_cs%253AShapes&amp;minPrice=&amp;categoryId=25573&amp;storeId=10601","name":"Shapes","count":"4","className":""},{"url":"http://shop.coles.com.au/online/SearchDisplay?searchTermScope=&amp;multiSearch=&amp;searchType=2&amp;maxPrice=&amp;showResultsPage=true&amp;langId=-1&amp;beginIndex=0&amp;sType=SimpleSearch&amp;metaData=&amp;browseView=true&amp;manufacturer=&amp;resultCatEntryType=&amp;catalogId=10576&amp;pageView=image&amp;facet=ads_f8_ntk_cs%253AShells&amp;minPrice=&amp;categoryId=25573&amp;storeId=10601","name":"Shells","count":"5","className":""},{"url":"http://shop.coles.com.au/online/SearchDisplay?searchTermScope=&amp;multiSearch=&amp;searchType=2&amp;maxPrice=&amp;showResultsPage=true&amp;langId=-1&amp;beginIndex=0&amp;sType=SimpleSearch&amp;metaData=&amp;browseView=true&amp;manufacturer=&amp;resultCatEntryType=&amp;catalogId=10576&amp;pageView=image&amp;facet=ads_f8_ntk_cs%253AShort%2BGrain%2BRice&amp;minPrice=&amp;categoryId=25573&amp;storeId=10601","name":"Short Grain Rice","count":"3","className":""},{"url":"http://shop.coles.com.au/online/SearchDisplay?searchTermScope=&amp;multiSearch=&amp;searchType=2&amp;maxPrice=&amp;showResultsPage=true&amp;langId=-1&amp;beginIndex=0&amp;sType=SimpleSearch&amp;metaData=&amp;browseView=true&amp;manufacturer=&amp;resultCatEntryType=&amp;catalogId=10576&amp;pageView=image&amp;facet=ads_f8_ntk_cs%253AShort%2BPasta&amp;minPrice=&amp;categoryId=25573&amp;storeId=10601","name":"Short Pasta","count":"15","className":""},{"url":"http://shop.coles.com.au/online/SearchDisplay?searchTermScope=&amp;multiSearch=&amp;searchType=2&amp;maxPrice=&amp;showResultsPage=true&amp;langId=-1&amp;beginIndex=0&amp;sType=SimpleSearch&amp;metaData=&amp;browseView=true&amp;manufacturer=&amp;resultCatEntryType=&amp;catalogId=10576&amp;pageView=image&amp;facet=ads_f8_ntk_cs%253ASnacks&amp;minPrice=&amp;categoryId=25573&amp;storeId=10601","name":"Snacks","count":"1","className":""},{"url":"http://shop.coles.com.au/online/SearchDisplay?searchTermScope=&amp;multiSearch=&amp;searchType=2&amp;maxPrice=&amp;showResultsPage=true&amp;langId=-1&amp;beginIndex=0&amp;sType=SimpleSearch&amp;metaData=&amp;browseView=true&amp;manufacturer=&amp;resultCatEntryType=&amp;catalogId=10576&amp;pageView=image&amp;facet=ads_f8_ntk_cs%253ASnacks%2B%2526%2BSweets&amp;minPrice=&amp;categoryId=25573&amp;storeId=10601","name":"Snacks &amp; Sweets","count":"2","className":""},{"url":"http://shop.coles.com.au/online/SearchDisplay?searchTermScope=&amp;multiSearch=&amp;searchType=2&amp;maxPrice=&amp;showResultsPage=true&amp;langId=-1&amp;beginIndex=0&amp;sType=SimpleSearch&amp;metaData=&amp;browseView=true&amp;manufacturer=&amp;resultCatEntryType=&amp;catalogId=10576&amp;pageView=image&amp;facet=ads_f8_ntk_cs%253ASour%2BCream%2BChips&amp;minPrice=&amp;categoryId=25573&amp;storeId=10601","name":"Sour Cream Chips","count":"6","className":""},{"url":"http://shop.coles.com.au/online/SearchDisplay?searchTermScope=&amp;multiSearch=&amp;searchType=2&amp;maxPrice=&amp;showResultsPage=true&amp;langId=-1&amp;beginIndex=0&amp;sType=SimpleSearch&amp;metaData=&amp;browseView=true&amp;manufacturer=&amp;resultCatEntryType=&amp;catalogId=10576&amp;pageView=image&amp;facet=ads_f8_ntk_cs%253ASoy%2BSauce&amp;minPrice=&amp;categoryId=25573&amp;storeId=10601","name":"Soy Sauce","count":"11","className":""},{"url":"http://shop.coles.com.au/online/SearchDisplay?searchTermScope=&amp;multiSearch=&amp;searchType=2&amp;maxPrice=&amp;showResultsPage=true&amp;langId=-1&amp;beginIndex=0&amp;sType=SimpleSearch&amp;metaData=&amp;browseView=true&amp;manufacturer=&amp;resultCatEntryType=&amp;catalogId=10576&amp;pageView=image&amp;facet=ads_f8_ntk_cs%253ASpaghetti&amp;minPrice=&amp;categoryId=25573&amp;storeId=10601","name":"Spaghetti","count":"33","className":""},{"url":"http://shop.coles.com.au/online/SearchDisplay?searchTermScope=&amp;multiSearch=&amp;searchType=2&amp;maxPrice=&amp;showResultsPage=true&amp;langId=-1&amp;beginIndex=0&amp;sType=SimpleSearch&amp;metaData=&amp;browseView=true&amp;manufacturer=&amp;resultCatEntryType=&amp;catalogId=10576&amp;pageView=image&amp;facet=ads_f8_ntk_cs%253ASpam&amp;minPrice=&amp;categoryId=25573&amp;storeId=10601","name":"Spam","count":"8","className":""},{"url":"http://shop.coles.com.au/online/SearchDisplay?searchTermScope=&amp;multiSearch=&amp;searchType=2&amp;maxPrice=&amp;showResultsPage=true&amp;langId=-1&amp;beginIndex=0&amp;sType=SimpleSearch&amp;metaData=&amp;browseView=true&amp;manufacturer=&amp;resultCatEntryType=&amp;catalogId=10576&amp;pageView=image&amp;facet=ads_f8_ntk_cs%253ASpeciality%2BCoffee&amp;minPrice=&amp;categoryId=25573&amp;storeId=10601","name":"Speciality Coffee","count":"1","className":""},{"url":"http://shop.coles.com.au/online/SearchDisplay?searchTermScope=&amp;multiSearch=&amp;searchType=2&amp;maxPrice=&amp;showResultsPage=true&amp;langId=-1&amp;beginIndex=0&amp;sType=SimpleSearch&amp;metaData=&amp;browseView=true&amp;manufacturer=&amp;resultCatEntryType=&amp;catalogId=10576&amp;pageView=image&amp;facet=ads_f8_ntk_cs%253ASpeciality%2BTeas&amp;minPrice=&amp;categoryId=25573&amp;storeId=10601","name":"Speciality Teas","count":"8","className":""},{"url":"http://shop.coles.com.au/online/SearchDisplay?searchTermScope=&amp;multiSearch=&amp;searchType=2&amp;maxPrice=&amp;showResultsPage=true&amp;langId=-1&amp;beginIndex=0&amp;sType=SimpleSearch&amp;metaData=&amp;browseView=true&amp;manufacturer=&amp;resultCatEntryType=&amp;catalogId=10576&amp;pageView=image&amp;facet=ads_f8_ntk_cs%253ASpecialty&amp;minPrice=&amp;categoryId=25573&amp;storeId=10601","name":"Specialty","count":"1","className":""},{"url":"http://shop.coles.com.au/online/SearchDisplay?searchTermScope=&amp;multiSearch=&amp;searchType=2&amp;maxPrice=&amp;showResultsPage=true&amp;langId=-1&amp;beginIndex=0&amp;sType=SimpleSearch&amp;metaData=&amp;browseView=true&amp;manufacturer=&amp;resultCatEntryType=&amp;catalogId=10576&amp;pageView=image&amp;facet=ads_f8_ntk_cs%253ASpecialty%2BFish&amp;minPrice=&amp;categoryId=25573&amp;storeId=10601","name":"Specialty Fish","count":"2","className":""},{"url":"http://shop.coles.com.au/online/SearchDisplay?searchTermScope=&amp;multiSearch=&amp;searchType=2&amp;maxPrice=&amp;showResultsPage=true&amp;langId=-1&amp;beginIndex=0&amp;sType=SimpleSearch&amp;metaData=&amp;browseView=true&amp;manufacturer=&amp;resultCatEntryType=&amp;catalogId=10576&amp;pageView=image&amp;facet=ads_f8_ntk_cs%253ASpecialty%2BFlour&amp;minPrice=&amp;categoryId=25573&amp;storeId=10601","name":"Specialty Flour","count":"18","className":""},{"url":"http://shop.coles.com.au/online/SearchDisplay?searchTermScope=&amp;multiSearch=&amp;searchType=2&amp;maxPrice=&amp;showResultsPage=true&amp;langId=-1&amp;beginIndex=0&amp;sType=SimpleSearch&amp;metaData=&amp;browseView=true&amp;manufacturer=&amp;resultCatEntryType=&amp;catalogId=10576&amp;pageView=image&amp;facet=ads_f8_ntk_cs%253ASpecialty%2BOils&amp;minPrice=&amp;categoryId=25573&amp;storeId=10601","name":"Specialty Oils","count":"4","className":""},{"url":"http://shop.coles.com.au/online/SearchDisplay?searchTermScope=&amp;multiSearch=&amp;searchType=2&amp;maxPrice=&amp;showResultsPage=true&amp;langId=-1&amp;beginIndex=0&amp;sType=SimpleSearch&amp;metaData=&amp;browseView=true&amp;manufacturer=&amp;resultCatEntryType=&amp;catalogId=10576&amp;pageView=image&amp;facet=ads_f8_ntk_cs%253ASpirals%2B%2526%2BBows&amp;minPrice=&amp;categoryId=25573&amp;storeId=10601","name":"Spirals &amp; Bows","count":"24","className":""},{"url":"http://shop.coles.com.au/online/SearchDisplay?searchTermScope=&amp;multiSearch=&amp;searchType=2&amp;maxPrice=&amp;showResultsPage=true&amp;langId=-1&amp;beginIndex=0&amp;sType=SimpleSearch&amp;metaData=&amp;browseView=true&amp;manufacturer=&amp;resultCatEntryType=&amp;catalogId=10576&amp;pageView=image&amp;facet=ads_f8_ntk_cs%253ASpreads&amp;minPrice=&amp;categoryId=25573&amp;storeId=10601","name":"Spreads","count":"10","className":""},{"url":"http://shop.coles.com.au/online/SearchDisplay?searchTermScope=&amp;multiSearch=&amp;searchType=2&amp;maxPrice=&amp;showResultsPage=true&amp;langId=-1&amp;beginIndex=0&amp;sType=SimpleSearch&amp;metaData=&amp;browseView=true&amp;manufacturer=&amp;resultCatEntryType=&amp;catalogId=10576&amp;pageView=image&amp;facet=ads_f8_ntk_cs%253ASprinkles%2B%2526%2BToppings&amp;minPrice=&amp;categoryId=25573&amp;storeId=10601","name":"Sprinkles &amp; Toppings","count":"17","className":""},{"url":"http://shop.coles.com.au/online/SearchDisplay?searchTermScope=&amp;multiSearch=&amp;searchType=2&amp;maxPrice=&amp;showResultsPage=true&amp;langId=-1&amp;beginIndex=0&amp;sType=SimpleSearch&amp;metaData=&amp;browseView=true&amp;manufacturer=&amp;resultCatEntryType=&amp;catalogId=10576&amp;pageView=image&amp;facet=ads_f8_ntk_cs%253ASqueeze%2BMayonnaise&amp;minPrice=&amp;categoryId=25573&amp;storeId=10601","name":"Squeeze Mayonnaise","count":"5","className":""},{"url":"http://shop.coles.com.au/online/SearchDisplay?searchTermScope=&amp;multiSearch=&amp;searchType=2&amp;maxPrice=&amp;showResultsPage=true&amp;langId=-1&amp;beginIndex=0&amp;sType=SimpleSearch&amp;metaData=&amp;browseView=true&amp;manufacturer=&amp;resultCatEntryType=&amp;catalogId=10576&amp;pageView=image&amp;facet=ads_f8_ntk_cs%253AStar%2BAnise&amp;minPrice=&amp;categoryId=25573&amp;storeId=10601","name":"Star Anise","count":"1","className":""},{"url":"http://shop.coles.com.au/online/SearchDisplay?searchTermScope=&amp;multiSearch=&amp;searchType=2&amp;maxPrice=&amp;showResultsPage=true&amp;langId=-1&amp;beginIndex=0&amp;sType=SimpleSearch&amp;metaData=&amp;browseView=true&amp;manufacturer=&amp;resultCatEntryType=&amp;catalogId=10576&amp;pageView=image&amp;facet=ads_f8_ntk_cs%253ASteak%2BSauce&amp;minPrice=&amp;categoryId=25573&amp;storeId=10601","name":"Steak Sauce","count":"1","className":""},{"url":"http://shop.coles.com.au/online/SearchDisplay?searchTermScope=&amp;multiSearch=&amp;searchType=2&amp;maxPrice=&amp;showResultsPage=true&amp;langId=-1&amp;beginIndex=0&amp;sType=SimpleSearch&amp;metaData=&amp;browseView=true&amp;manufacturer=&amp;resultCatEntryType=&amp;catalogId=10576&amp;pageView=image&amp;facet=ads_f8_ntk_cs%253AStill%2BWater&amp;minPrice=&amp;categoryId=25573&amp;storeId=10601","name":"Still Water","count":"2","className":""},{"url":"http://shop.coles.com.au/online/SearchDisplay?searchTermScope=&amp;multiSearch=&amp;searchType=2&amp;maxPrice=&amp;showResultsPage=true&amp;langId=-1&amp;beginIndex=0&amp;sType=SimpleSearch&amp;metaData=&amp;browseView=true&amp;manufacturer=&amp;resultCatEntryType=&amp;catalogId=10576&amp;pageView=image&amp;facet=ads_f8_ntk_cs%253AStir%2BFry%2BSauces&amp;minPrice=&amp;categoryId=25573&amp;storeId=10601","name":"Stir Fry Sauces","count":"15","className":""},{"url":"http://shop.coles.com.au/online/SearchDisplay?searchTermScope=&amp;multiSearch=&amp;searchType=2&amp;maxPrice=&amp;showResultsPage=true&amp;langId=-1&amp;beginIndex=0&amp;sType=SimpleSearch&amp;metaData=&amp;browseView=true&amp;manufacturer=&amp;resultCatEntryType=&amp;catalogId=10576&amp;pageView=image&amp;facet=ads_f8_ntk_cs%253AStrawberry%2BDrinks&amp;minPrice=&amp;categoryId=25573&amp;storeId=10601","name":"Strawberry Drinks","count":"3","className":""},{"url":"http://shop.coles.com.au/online/SearchDisplay?searchTermScope=&amp;multiSearch=&amp;searchType=2&amp;maxPrice=&amp;showResultsPage=true&amp;langId=-1&amp;beginIndex=0&amp;sType=SimpleSearch&amp;metaData=&amp;browseView=true&amp;manufacturer=&amp;resultCatEntryType=&amp;catalogId=10576&amp;pageView=image&amp;facet=ads_f8_ntk_cs%253AStrawberry%2BJam&amp;minPrice=&amp;categoryId=25573&amp;storeId=10601","name":"Strawberry Jam","count":"14","className":""},{"url":"http://shop.coles.com.au/online/SearchDisplay?searchTermScope=&amp;multiSearch=&amp;searchType=2&amp;maxPrice=&amp;showResultsPage=true&amp;langId=-1&amp;beginIndex=0&amp;sType=SimpleSearch&amp;metaData=&amp;browseView=true&amp;manufacturer=&amp;resultCatEntryType=&amp;catalogId=10576&amp;pageView=image&amp;facet=ads_f8_ntk_cs%253AStuffing&amp;minPrice=&amp;categoryId=25573&amp;storeId=10601","name":"Stuffing","count":"3","className":""},{"url":"http://shop.coles.com.au/online/SearchDisplay?searchTermScope=&amp;multiSearch=&amp;searchType=2&amp;maxPrice=&amp;showResultsPage=true&amp;langId=-1&amp;beginIndex=0&amp;sType=SimpleSearch&amp;metaData=&amp;browseView=true&amp;manufacturer=&amp;resultCatEntryType=&amp;catalogId=10576&amp;pageView=image&amp;facet=ads_f8_ntk_cs%253ASugar%2BSubstitutes&amp;minPrice=&amp;categoryId=25573&amp;storeId=10601","name":"Sugar Substitutes","count":"30","className":""},{"url":"http://shop.coles.com.au/online/SearchDisplay?searchTermScope=&amp;multiSearch=&amp;searchType=2&amp;maxPrice=&amp;showResultsPage=true&amp;langId=-1&amp;beginIndex=0&amp;sType=SimpleSearch&amp;metaData=&amp;browseView=true&amp;manufacturer=&amp;resultCatEntryType=&amp;catalogId=10576&amp;pageView=image&amp;facet=ads_f8_ntk_cs%253ASundried%2BTomatoes&amp;minPrice=&amp;categoryId=25573&amp;storeId=10601","name":"Sundried Tomatoes","count":"11","className":""},{"url":"http://shop.coles.com.au/online/SearchDisplay?searchTermScope=&amp;multiSearch=&amp;searchType=2&amp;maxPrice=&amp;showResultsPage=true&amp;langId=-1&amp;beginIndex=0&amp;sType=SimpleSearch&amp;metaData=&amp;browseView=true&amp;manufacturer=&amp;resultCatEntryType=&amp;catalogId=10576&amp;pageView=image&amp;facet=ads_f8_ntk_cs%253ASunflower%2BOil&amp;minPrice=&amp;categoryId=25573&amp;storeId=10601","name":"Sunflower Oil","count":"4","className":""},{"url":"http://shop.coles.com.au/online/SearchDisplay?searchTermScope=&amp;multiSearch=&amp;searchType=2&amp;maxPrice=&amp;showResultsPage=true&amp;langId=-1&amp;beginIndex=0&amp;sType=SimpleSearch&amp;metaData=&amp;browseView=true&amp;manufacturer=&amp;resultCatEntryType=&amp;catalogId=10576&amp;pageView=image&amp;facet=ads_f8_ntk_cs%253ASweet%2B%2526%2BSour%2BSauces&amp;minPrice=&amp;categoryId=25573&amp;storeId=10601","name":"Sweet &amp; Sour Sauces","count":"3","className":""},{"url":"http://shop.coles.com.au/online/SearchDisplay?searchTermScope=&amp;multiSearch=&amp;searchType=2&amp;maxPrice=&amp;showResultsPage=true&amp;langId=-1&amp;beginIndex=0&amp;sType=SimpleSearch&amp;metaData=&amp;browseView=true&amp;manufacturer=&amp;resultCatEntryType=&amp;catalogId=10576&amp;pageView=image&amp;facet=ads_f8_ntk_cs%253ATarragon&amp;minPrice=&amp;categoryId=25573&amp;storeId=10601","name":"Tarragon","count":"2","className":""},{"url":"http://shop.coles.com.au/online/SearchDisplay?searchTermScope=&amp;multiSearch=&amp;searchType=2&amp;maxPrice=&amp;showResultsPage=true&amp;langId=-1&amp;beginIndex=0&amp;sType=SimpleSearch&amp;metaData=&amp;browseView=true&amp;manufacturer=&amp;resultCatEntryType=&amp;catalogId=10576&amp;pageView=image&amp;facet=ads_f8_ntk_cs%253AThickened%2BCream&amp;minPrice=&amp;categoryId=25573&amp;storeId=10601","name":"Thickened Cream","count":"1","className":""},{"url":"http://shop.coles.com.au/online/SearchDisplay?searchTermScope=&amp;multiSearch=&amp;searchType=2&amp;maxPrice=&amp;showResultsPage=true&amp;langId=-1&amp;beginIndex=0&amp;sType=SimpleSearch&amp;metaData=&amp;browseView=true&amp;manufacturer=&amp;resultCatEntryType=&amp;catalogId=10576&amp;pageView=image&amp;facet=ads_f8_ntk_cs%253AThroat%2BLozenges&amp;minPrice=&amp;categoryId=25573&amp;storeId=10601","name":"Throat Lozenges","count":"8","className":""},{"url":"http://shop.coles.com.au/online/SearchDisplay?searchTermScope=&amp;multiSearch=&amp;searchType=2&amp;maxPrice=&amp;showResultsPage=true&amp;langId=-1&amp;beginIndex=0&amp;sType=SimpleSearch&amp;metaData=&amp;browseView=true&amp;manufacturer=&amp;resultCatEntryType=&amp;catalogId=10576&amp;pageView=image&amp;facet=ads_f8_ntk_cs%253AThyme&amp;minPrice=&amp;categoryId=25573&amp;storeId=10601","name":"Thyme","count":"3","className":""},{"url":"http://shop.coles.com.au/online/SearchDisplay?searchTermScope=&amp;multiSearch=&amp;searchType=2&amp;maxPrice=&amp;showResultsPage=true&amp;langId=-1&amp;beginIndex=0&amp;sType=SimpleSearch&amp;metaData=&amp;browseView=true&amp;manufacturer=&amp;resultCatEntryType=&amp;catalogId=10576&amp;pageView=image&amp;facet=ads_f8_ntk_cs%253AToffees%2B%2526%2BCaramels&amp;minPrice=&amp;categoryId=25573&amp;storeId=10601","name":"Toffees &amp; Caramels","count":"2","className":""},{"url":"http://shop.coles.com.au/online/SearchDisplay?searchTermScope=&amp;multiSearch=&amp;searchType=2&amp;maxPrice=&amp;showResultsPage=true&amp;langId=-1&amp;beginIndex=0&amp;sType=SimpleSearch&amp;metaData=&amp;browseView=true&amp;manufacturer=&amp;resultCatEntryType=&amp;catalogId=10576&amp;pageView=image&amp;facet=ads_f8_ntk_cs%253ATomato%2BBased%2BSauces&amp;minPrice=&amp;categoryId=25573&amp;storeId=10601","name":"Tomato Based Sauces","count":"49","className":""},{"url":"http://shop.coles.com.au/online/SearchDisplay?searchTermScope=&amp;multiSearch=&amp;searchType=2&amp;maxPrice=&amp;showResultsPage=true&amp;langId=-1&amp;beginIndex=0&amp;sType=SimpleSearch&amp;metaData=&amp;browseView=true&amp;manufacturer=&amp;resultCatEntryType=&amp;catalogId=10576&amp;pageView=image&amp;facet=ads_f8_ntk_cs%253ATomato%2BPaste&amp;minPrice=&amp;categoryId=25573&amp;storeId=10601","name":"Tomato Paste","count":"26","className":""},{"url":"http://shop.coles.com.au/online/SearchDisplay?searchTermScope=&amp;multiSearch=&amp;searchType=2&amp;maxPrice=&amp;showResultsPage=true&amp;langId=-1&amp;beginIndex=0&amp;sType=SimpleSearch&amp;metaData=&amp;browseView=true&amp;manufacturer=&amp;resultCatEntryType=&amp;catalogId=10576&amp;pageView=image&amp;facet=ads_f8_ntk_cs%253ATomato%2BPesto&amp;minPrice=&amp;categoryId=25573&amp;storeId=10601","name":"Tomato Pesto","count":"3","className":""},{"url":"http://shop.coles.com.au/online/SearchDisplay?searchTermScope=&amp;multiSearch=&amp;searchType=2&amp;maxPrice=&amp;showResultsPage=true&amp;langId=-1&amp;beginIndex=0&amp;sType=SimpleSearch&amp;metaData=&amp;browseView=true&amp;manufacturer=&amp;resultCatEntryType=&amp;catalogId=10576&amp;pageView=image&amp;facet=ads_f8_ntk_cs%253ATomato%2BSauce&amp;minPrice=&amp;categoryId=25573&amp;storeId=10601","name":"Tomato Sauce","count":"20","className":""},{"url":"http://shop.coles.com.au/online/SearchDisplay?searchTermScope=&amp;multiSearch=&amp;searchType=2&amp;maxPrice=&amp;showResultsPage=true&amp;langId=-1&amp;beginIndex=0&amp;sType=SimpleSearch&amp;metaData=&amp;browseView=true&amp;manufacturer=&amp;resultCatEntryType=&amp;catalogId=10576&amp;pageView=image&amp;facet=ads_f8_ntk_cs%253ATortellini&amp;minPrice=&amp;categoryId=25573&amp;storeId=10601","name":"Tortellini","count":"9","className":""},{"url":"http://shop.coles.com.au/online/SearchDisplay?searchTermScope=&amp;multiSearch=&amp;searchType=2&amp;maxPrice=&amp;showResultsPage=true&amp;langId=-1&amp;beginIndex=0&amp;sType=SimpleSearch&amp;metaData=&amp;browseView=true&amp;manufacturer=&amp;resultCatEntryType=&amp;catalogId=10576&amp;pageView=image&amp;facet=ads_f8_ntk_cs%253ATrail%2BMix%2BBars&amp;minPrice=&amp;categoryId=25573&amp;storeId=10601","name":"Trail Mix Bars","count":"7","className":""},{"url":"http://shop.coles.com.au/online/SearchDisplay?searchTermScope=&amp;multiSearch=&amp;searchType=2&amp;maxPrice=&amp;showResultsPage=true&amp;langId=-1&amp;beginIndex=0&amp;sType=SimpleSearch&amp;metaData=&amp;browseView=true&amp;manufacturer=&amp;resultCatEntryType=&amp;catalogId=10576&amp;pageView=image&amp;facet=ads_f8_ntk_cs%253ATreacle%2BSyrup&amp;minPrice=&amp;categoryId=25573&amp;storeId=10601","name":"Treacle Syrup","count":"1","className":""},{"url":"http://shop.coles.com.au/online/SearchDisplay?searchTermScope=&amp;multiSearch=&amp;searchType=2&amp;maxPrice=&amp;showResultsPage=true&amp;langId=-1&amp;beginIndex=0&amp;sType=SimpleSearch&amp;metaData=&amp;browseView=true&amp;manufacturer=&amp;resultCatEntryType=&amp;catalogId=10576&amp;pageView=image&amp;facet=ads_f8_ntk_cs%253ATuna%2BIn%2BBrine&amp;minPrice=&amp;categoryId=25573&amp;storeId=10601","name":"Tuna In Brine","count":"7","className":""},{"url":"http://shop.coles.com.au/online/SearchDisplay?searchTermScope=&amp;multiSearch=&amp;searchType=2&amp;maxPrice=&amp;showResultsPage=true&amp;langId=-1&amp;beginIndex=0&amp;sType=SimpleSearch&amp;metaData=&amp;browseView=true&amp;manufacturer=&amp;resultCatEntryType=&amp;catalogId=10576&amp;pageView=image&amp;facet=ads_f8_ntk_cs%253ATuna%2Bin%2BOil&amp;minPrice=&amp;categoryId=25573&amp;storeId=10601","name":"Tuna in Oil","count":"18","className":""},{"url":"http://shop.coles.com.au/online/SearchDisplay?searchTermScope=&amp;multiSearch=&amp;searchType=2&amp;maxPrice=&amp;showResultsPage=true&amp;langId=-1&amp;beginIndex=0&amp;sType=SimpleSearch&amp;metaData=&amp;browseView=true&amp;manufacturer=&amp;resultCatEntryType=&amp;catalogId=10576&amp;pageView=image&amp;facet=ads_f8_ntk_cs%253ATuna%2Bin%2BSpringwater&amp;minPrice=&amp;categoryId=25573&amp;storeId=10601","name":"Tuna in Springwater","count":"16","className":""},{"url":"http://shop.coles.com.au/online/SearchDisplay?searchTermScope=&amp;multiSearch=&amp;searchType=2&amp;maxPrice=&amp;showResultsPage=true&amp;langId=-1&amp;beginIndex=0&amp;sType=SimpleSearch&amp;metaData=&amp;browseView=true&amp;manufacturer=&amp;resultCatEntryType=&amp;catalogId=10576&amp;pageView=image&amp;facet=ads_f8_ntk_cs%253ATurmeric&amp;minPrice=&amp;categoryId=25573&amp;storeId=10601","name":"Turmeric","count":"3","className":""},{"url":"http://shop.coles.com.au/online/SearchDisplay?searchTermScope=&amp;multiSearch=&amp;searchType=2&amp;maxPrice=&amp;showResultsPage=true&amp;langId=-1&amp;beginIndex=0&amp;sType=SimpleSearch&amp;metaData=&amp;browseView=true&amp;manufacturer=&amp;resultCatEntryType=&amp;catalogId=10576&amp;pageView=image&amp;facet=ads_f8_ntk_cs%253AUdon%2BNoodles&amp;minPrice=&amp;categoryId=25573&amp;storeId=10601","name":"Udon Noodles","count":"2","className":""},{"url":"http://shop.coles.com.au/online/SearchDisplay?searchTermScope=&amp;multiSearch=&amp;searchType=2&amp;maxPrice=&amp;showResultsPage=true&amp;langId=-1&amp;beginIndex=0&amp;sType=SimpleSearch&amp;metaData=&amp;browseView=true&amp;manufacturer=&amp;resultCatEntryType=&amp;catalogId=10576&amp;pageView=image&amp;facet=ads_f8_ntk_cs%253AUnpopped%2BPopcorn&amp;minPrice=&amp;categoryId=25573&amp;storeId=10601","name":"Unpopped Popcorn","count":"10","className":""},{"url":"http://shop.coles.com.au/online/SearchDisplay?searchTermScope=&amp;multiSearch=&amp;searchType=2&amp;maxPrice=&amp;showResultsPage=true&amp;langId=-1&amp;beginIndex=0&amp;sType=SimpleSearch&amp;metaData=&amp;browseView=true&amp;manufacturer=&amp;resultCatEntryType=&amp;catalogId=10576&amp;pageView=image&amp;facet=ads_f8_ntk_cs%253AVanilla&amp;minPrice=&amp;categoryId=25573&amp;storeId=10601","name":"Vanilla","count":"4","className":""},{"url":"http://shop.coles.com.au/online/SearchDisplay?searchTermScope=&amp;multiSearch=&amp;searchType=2&amp;maxPrice=&amp;showResultsPage=true&amp;langId=-1&amp;beginIndex=0&amp;sType=SimpleSearch&amp;metaData=&amp;browseView=true&amp;manufacturer=&amp;resultCatEntryType=&amp;catalogId=10576&amp;pageView=image&amp;facet=ads_f8_ntk_cs%253AVanilla%2BDrinks&amp;minPrice=&amp;categoryId=25573&amp;storeId=10601","name":"Vanilla Drinks","count":"7","className":""},{"url":"http://shop.coles.com.au/online/SearchDisplay?searchTermScope=&amp;multiSearch=&amp;searchType=2&amp;maxPrice=&amp;showResultsPage=true&amp;langId=-1&amp;beginIndex=0&amp;sType=SimpleSearch&amp;metaData=&amp;browseView=true&amp;manufacturer=&amp;resultCatEntryType=&amp;catalogId=10576&amp;pageView=image&amp;facet=ads_f8_ntk_cs%253AVariety%2BPacks&amp;minPrice=&amp;categoryId=25573&amp;storeId=10601","name":"Variety Packs","count":"1","className":""},{"url":"http://shop.coles.com.au/online/SearchDisplay?searchTermScope=&amp;multiSearch=&amp;searchType=2&amp;maxPrice=&amp;showResultsPage=true&amp;langId=-1&amp;beginIndex=0&amp;sType=SimpleSearch&amp;metaData=&amp;browseView=true&amp;manufacturer=&amp;resultCatEntryType=&amp;catalogId=10576&amp;pageView=image&amp;facet=ads_f8_ntk_cs%253AVegemite%2B%2526%2BYeast%2BSpreads&amp;minPrice=&amp;categoryId=25573&amp;storeId=10601","name":"Vegemite &amp; Yeast Spreads","count":"10","className":""},{"url":"http://shop.coles.com.au/online/SearchDisplay?searchTermScope=&amp;multiSearch=&amp;searchType=2&amp;maxPrice=&amp;showResultsPage=true&amp;langId=-1&amp;beginIndex=0&amp;sType=SimpleSearch&amp;metaData=&amp;browseView=true&amp;manufacturer=&amp;resultCatEntryType=&amp;catalogId=10576&amp;pageView=image&amp;facet=ads_f8_ntk_cs%253AVegetable%2BSoup&amp;minPrice=&amp;categoryId=25573&amp;storeId=10601","name":"Vegetable Soup","count":"61","className":""},{"url":"http://shop.coles.com.au/online/SearchDisplay?searchTermScope=&amp;multiSearch=&amp;searchType=2&amp;maxPrice=&amp;showResultsPage=true&amp;langId=-1&amp;beginIndex=0&amp;sType=SimpleSearch&amp;metaData=&amp;browseView=true&amp;manufacturer=&amp;resultCatEntryType=&amp;catalogId=10576&amp;pageView=image&amp;facet=ads_f8_ntk_cs%253AVegetable%2BStock&amp;minPrice=&amp;categoryId=25573&amp;storeId=10601","name":"Vegetable Stock","count":"11","className":""},{"url":"http://shop.coles.com.au/online/SearchDisplay?searchTermScope=&amp;multiSearch=&amp;searchType=2&amp;maxPrice=&amp;showResultsPage=true&amp;langId=-1&amp;beginIndex=0&amp;sType=SimpleSearch&amp;metaData=&amp;browseView=true&amp;manufacturer=&amp;resultCatEntryType=&amp;catalogId=10576&amp;pageView=image&amp;facet=ads_f8_ntk_cs%253AVegetables&amp;minPrice=&amp;categoryId=25573&amp;storeId=10601","name":"Vegetables","count":"1","className":""},{"url":"http://shop.coles.com.au/online/SearchDisplay?searchTermScope=&amp;multiSearch=&amp;searchType=2&amp;maxPrice=&amp;showResultsPage=true&amp;langId=-1&amp;beginIndex=0&amp;sType=SimpleSearch&amp;metaData=&amp;browseView=true&amp;manufacturer=&amp;resultCatEntryType=&amp;catalogId=10576&amp;pageView=image&amp;facet=ads_f8_ntk_cs%253AVinegar%2BCider&amp;minPrice=&amp;categoryId=25573&amp;storeId=10601","name":"Vinegar Cider","count":"3","className":""},{"url":"http://shop.coles.com.au/online/SearchDisplay?searchTermScope=&amp;multiSearch=&amp;searchType=2&amp;maxPrice=&amp;showResultsPage=true&amp;langId=-1&amp;beginIndex=0&amp;sType=SimpleSearch&amp;metaData=&amp;browseView=true&amp;manufacturer=&amp;resultCatEntryType=&amp;catalogId=10576&amp;pageView=image&amp;facet=ads_f8_ntk_cs%253AWafer%2BCones&amp;minPrice=&amp;categoryId=25573&amp;storeId=10601","name":"Wafer Cones","count":"2","className":""},{"url":"http://shop.coles.com.au/online/SearchDisplay?searchTermScope=&amp;multiSearch=&amp;searchType=2&amp;maxPrice=&amp;showResultsPage=true&amp;langId=-1&amp;beginIndex=0&amp;sType=SimpleSearch&amp;metaData=&amp;browseView=true&amp;manufacturer=&amp;resultCatEntryType=&amp;catalogId=10576&amp;pageView=image&amp;facet=ads_f8_ntk_cs%253AWaffle%2BCones&amp;minPrice=&amp;categoryId=25573&amp;storeId=10601","name":"Waffle Cones","count":"1","className":""},{"url":"http://shop.coles.com.au/online/SearchDisplay?searchTermScope=&amp;multiSearch=&amp;searchType=2&amp;maxPrice=&amp;showResultsPage=true&amp;langId=-1&amp;beginIndex=0&amp;sType=SimpleSearch&amp;metaData=&amp;browseView=true&amp;manufacturer=&amp;resultCatEntryType=&amp;catalogId=10576&amp;pageView=image&amp;facet=ads_f8_ntk_cs%253AWeight%2BLoss%2BBars&amp;minPrice=&amp;categoryId=25573&amp;storeId=10601","name":"Weight Loss Bars","count":"22","className":""},{"url":"http://shop.coles.com.au/online/SearchDisplay?searchTermScope=&amp;multiSearch=&amp;searchType=2&amp;maxPrice=&amp;showResultsPage=true&amp;langId=-1&amp;beginIndex=0&amp;sType=SimpleSearch&amp;metaData=&amp;browseView=true&amp;manufacturer=&amp;resultCatEntryType=&amp;catalogId=10576&amp;pageView=image&amp;facet=ads_f8_ntk_cs%253AWheat%2BCereals&amp;minPrice=&amp;categoryId=25573&amp;storeId=10601","name":"Wheat Cereals","count":"20","className":""},{"url":"http://shop.coles.com.au/online/SearchDisplay?searchTermScope=&amp;multiSearch=&amp;searchType=2&amp;maxPrice=&amp;showResultsPage=true&amp;langId=-1&amp;beginIndex=0&amp;sType=SimpleSearch&amp;metaData=&amp;browseView=true&amp;manufacturer=&amp;resultCatEntryType=&amp;catalogId=10576&amp;pageView=image&amp;facet=ads_f8_ntk_cs%253AWhite%2BChocolate&amp;minPrice=&amp;categoryId=25573&amp;storeId=10601","name":"White Chocolate","count":"8","className":""},{"url":"http://shop.coles.com.au/online/SearchDisplay?searchTermScope=&amp;multiSearch=&amp;searchType=2&amp;maxPrice=&amp;showResultsPage=true&amp;langId=-1&amp;beginIndex=0&amp;sType=SimpleSearch&amp;metaData=&amp;browseView=true&amp;manufacturer=&amp;resultCatEntryType=&amp;catalogId=10576&amp;pageView=image&amp;facet=ads_f8_ntk_cs%253AWhite%2BSugar&amp;minPrice=&amp;categoryId=25573&amp;storeId=10601","name":"White Sugar","count":"10","className":""},{"url":"http://shop.coles.com.au/online/SearchDisplay?searchTermScope=&amp;multiSearch=&amp;searchType=2&amp;maxPrice=&amp;showResultsPage=true&amp;langId=-1&amp;beginIndex=0&amp;sType=SimpleSearch&amp;metaData=&amp;browseView=true&amp;manufacturer=&amp;resultCatEntryType=&amp;catalogId=10576&amp;pageView=image&amp;facet=ads_f8_ntk_cs%253AWhite%2BTeas&amp;minPrice=&amp;categoryId=25573&amp;storeId=10601","name":"White Teas","count":"1","className":""},{"url":"http://shop.coles.com.au/online/SearchDisplay?searchTermScope=&amp;multiSearch=&amp;searchType=2&amp;maxPrice=&amp;showResultsPage=true&amp;langId=-1&amp;beginIndex=0&amp;sType=SimpleSearch&amp;metaData=&amp;browseView=true&amp;manufacturer=&amp;resultCatEntryType=&amp;catalogId=10576&amp;pageView=image&amp;facet=ads_f8_ntk_cs%253AWhite%2BVinegar&amp;minPrice=&amp;categoryId=25573&amp;storeId=10601","name":"White Vinegar","count":"4","className":""},{"url":"http://shop.coles.com.au/online/SearchDisplay?searchTermScope=&amp;multiSearch=&amp;searchType=2&amp;maxPrice=&amp;showResultsPage=true&amp;langId=-1&amp;beginIndex=0&amp;sType=SimpleSearch&amp;metaData=&amp;browseView=true&amp;manufacturer=&amp;resultCatEntryType=&amp;catalogId=10576&amp;pageView=image&amp;facet=ads_f8_ntk_cs%253AWhite%2BWine%2BVinegar&amp;minPrice=&amp;categoryId=25573&amp;storeId=10601","name":"White Wine Vinegar","count":"3","className":""},{"url":"http://shop.coles.com.au/online/SearchDisplay?searchTermScope=&amp;multiSearch=&amp;searchType=2&amp;maxPrice=&amp;showResultsPage=true&amp;langId=-1&amp;beginIndex=0&amp;sType=SimpleSearch&amp;metaData=&amp;browseView=true&amp;manufacturer=&amp;resultCatEntryType=&amp;catalogId=10576&amp;pageView=image&amp;facet=ads_f8_ntk_cs%253AWhitener&amp;minPrice=&amp;categoryId=25573&amp;storeId=10601","name":"Whitener","count":"3","className":""},{"url":"http://shop.coles.com.au/online/SearchDisplay?searchTermScope=&amp;multiSearch=&amp;searchType=2&amp;maxPrice=&amp;showResultsPage=true&amp;langId=-1&amp;beginIndex=0&amp;sType=SimpleSearch&amp;metaData=&amp;browseView=true&amp;manufacturer=&amp;resultCatEntryType=&amp;catalogId=10576&amp;pageView=image&amp;facet=ads_f8_ntk_cs%253AWholegrain%2BRice&amp;minPrice=&amp;categoryId=25573&amp;storeId=10601","name":"Wholegrain Rice","count":"3","className":""},{"url":"http://shop.coles.com.au/online/SearchDisplay?searchTermScope=&amp;multiSearch=&amp;searchType=2&amp;maxPrice=&amp;showResultsPage=true&amp;langId=-1&amp;beginIndex=0&amp;sType=SimpleSearch&amp;metaData=&amp;browseView=true&amp;manufacturer=&amp;resultCatEntryType=&amp;catalogId=10576&amp;pageView=image&amp;facet=ads_f8_ntk_cs%253AWholemeal%2BFlour&amp;minPrice=&amp;categoryId=25573&amp;storeId=10601","name":"Wholemeal Flour","count":"5","className":""},{"url":"http://shop.coles.com.au/online/SearchDisplay?searchTermScope=&amp;multiSearch=&amp;searchType=2&amp;maxPrice=&amp;showResultsPage=true&amp;langId=-1&amp;beginIndex=0&amp;sType=SimpleSearch&amp;metaData=&amp;browseView=true&amp;manufacturer=&amp;resultCatEntryType=&amp;catalogId=10576&amp;pageView=image&amp;facet=ads_f8_ntk_cs%253AWorcestershire%2BSauce&amp;minPrice=&amp;categoryId=25573&amp;storeId=10601","name":"Worcestershire Sauce","count":"5","className":""},{"url":"http://shop.coles.com.au/online/SearchDisplay?searchTermScope=&amp;multiSearch=&amp;searchType=2&amp;maxPrice=&amp;showResultsPage=true&amp;langId=-1&amp;beginIndex=0&amp;sType=SimpleSearch&amp;metaData=&amp;browseView=true&amp;manufacturer=&amp;resultCatEntryType=&amp;catalogId=10576&amp;pageView=image&amp;facet=ads_f8_ntk_cs%253AYoghurt%2BBased%2BDesserts&amp;minPrice=&amp;categoryId=25573&amp;storeId=10601","name":"Yoghurt Based Desserts","count":"5","className":""}]}' title="View other types">+  view 374 other types</a></li>
	     		
    		</ul>
		</li>
		
		<li role="presentation">
			<h3>Dietary</h3>
			
					<a class="2" href="http://shop.coles.com.au/online/SearchDisplay?multiSearch=&amp;showResultsPage=true&amp;langId=-1&amp;beginIndex=0&amp;sType=SimpleSearch&amp;browseView=true&amp;pageSize=20&amp;resultCatEntryType=&amp;catalogId=10576&amp;pageView=image&amp;urlLangId=-1&amp;categoryId=25573&amp;storeId=10601" name="type-Dietary" title=""><span class="cat-facet">Show all</span>&nbsp;<span role="presentation" aria-hidden="true" class="cat-count">(6307)</span><span class="cat-count accessibility">(6307items)</span></a>
				
  			<ul>
	     		
							<li >
								
										<a href="http://shop.coles.com.au/online/SearchDisplay?searchTermScope=&amp;multiSearch=&amp;searchType=2&amp;maxPrice=&amp;showResultsPage=true&amp;langId=-1&amp;beginIndex=0&amp;sType=SimpleSearch&amp;metaData=&amp;browseView=true&amp;manufacturer=&amp;resultCatEntryType=&amp;catalogId=10576&amp;pageView=image&amp;facet=ads_f3_ntk_cs%253A97%2525%2BFat%2BFree&amp;minPrice=&amp;categoryId=25573&amp;storeId=10601" name="type-Dietary" title=""><span class="cat-facet">97% Fat Free</span>&nbsp;<span role="presentation" aria-hidden="true" class="cat-count">(92)</span><span class="cat-count accessibility">(92items)</span></a>
									
							</li>
			     		
							<li >
								
										<a href="http://shop.coles.com.au/online/SearchDisplay?searchTermScope=&amp;multiSearch=&amp;searchType=2&amp;maxPrice=&amp;showResultsPage=true&amp;langId=-1&amp;beginIndex=0&amp;sType=SimpleSearch&amp;metaData=&amp;browseView=true&amp;manufacturer=&amp;resultCatEntryType=&amp;catalogId=10576&amp;pageView=image&amp;facet=ads_f3_ntk_cs%253A98%2525%2BFat%2BFree&amp;minPrice=&amp;categoryId=25573&amp;storeId=10601" name="type-Dietary" title=""><span class="cat-facet">98% Fat Free</span>&nbsp;<span role="presentation" aria-hidden="true" class="cat-count">(136)</span><span class="cat-count accessibility">(136items)</span></a>
									
							</li>
			     		
							<li >
								
										<a href="http://shop.coles.com.au/online/SearchDisplay?searchTermScope=&amp;multiSearch=&amp;searchType=2&amp;maxPrice=&amp;showResultsPage=true&amp;langId=-1&amp;beginIndex=0&amp;sType=SimpleSearch&amp;metaData=&amp;browseView=true&amp;manufacturer=&amp;resultCatEntryType=&amp;catalogId=10576&amp;pageView=image&amp;facet=ads_f3_ntk_cs%253A99%2525%2BFat%2BFree&amp;minPrice=&amp;categoryId=25573&amp;storeId=10601" name="type-Dietary" title=""><span class="cat-facet">99% Fat Free</span>&nbsp;<span role="presentation" aria-hidden="true" class="cat-count">(260)</span><span class="cat-count accessibility">(260items)</span></a>
									
							</li>
			     		
							<li >
								
										<a href="http://shop.coles.com.au/online/SearchDisplay?searchTermScope=&amp;multiSearch=&amp;searchType=2&amp;maxPrice=&amp;showResultsPage=true&amp;langId=-1&amp;beginIndex=0&amp;sType=SimpleSearch&amp;metaData=&amp;browseView=true&amp;manufacturer=&amp;resultCatEntryType=&amp;catalogId=10576&amp;pageView=image&amp;facet=ads_f3_ntk_cs%253ACholesterol%2Bfree&amp;minPrice=&amp;categoryId=25573&amp;storeId=10601" name="type-Dietary" title=""><span class="cat-facet">Cholesterol free</span>&nbsp;<span role="presentation" aria-hidden="true" class="cat-count">(162)</span><span class="cat-count accessibility">(162items)</span></a>
									
							</li>
			     		
							<li >
								
										<a href="http://shop.coles.com.au/online/SearchDisplay?searchTermScope=&amp;multiSearch=&amp;searchType=2&amp;maxPrice=&amp;showResultsPage=true&amp;langId=-1&amp;beginIndex=0&amp;sType=SimpleSearch&amp;metaData=&amp;browseView=true&amp;manufacturer=&amp;resultCatEntryType=&amp;catalogId=10576&amp;pageView=image&amp;facet=ads_f3_ntk_cs%253AHigh%2Bin%2BAntioxidants&amp;minPrice=&amp;categoryId=25573&amp;storeId=10601" name="type-Dietary" title=""><span class="cat-facet">High in Antioxidants</span>&nbsp;<span role="presentation" aria-hidden="true" class="cat-count">(26)</span><span class="cat-count accessibility">(26items)</span></a>
									
							</li>
			     		
							<li >
								
										<a href="http://shop.coles.com.au/online/SearchDisplay?searchTermScope=&amp;multiSearch=&amp;searchType=2&amp;maxPrice=&amp;showResultsPage=true&amp;langId=-1&amp;beginIndex=0&amp;sType=SimpleSearch&amp;metaData=&amp;browseView=true&amp;manufacturer=&amp;resultCatEntryType=&amp;catalogId=10576&amp;pageView=image&amp;facet=ads_f3_ntk_cs%253AHigh%2Bin%2BFibre&amp;minPrice=&amp;categoryId=25573&amp;storeId=10601" name="type-Dietary" title=""><span class="cat-facet">High in Fibre</span>&nbsp;<span role="presentation" aria-hidden="true" class="cat-count">(209)</span><span class="cat-count accessibility">(209items)</span></a>
									
							</li>
			     		
							<li >
								
										<a href="http://shop.coles.com.au/online/SearchDisplay?searchTermScope=&amp;multiSearch=&amp;searchType=2&amp;maxPrice=&amp;showResultsPage=true&amp;langId=-1&amp;beginIndex=0&amp;sType=SimpleSearch&amp;metaData=&amp;browseView=true&amp;manufacturer=&amp;resultCatEntryType=&amp;catalogId=10576&amp;pageView=image&amp;facet=ads_f3_ntk_cs%253ALow%2BGI&amp;minPrice=&amp;categoryId=25573&amp;storeId=10601" name="type-Dietary" title=""><span class="cat-facet">Low GI</span>&nbsp;<span role="presentation" aria-hidden="true" class="cat-count">(152)</span><span class="cat-count accessibility">(152items)</span></a>
									
							</li>
			     		
							<li >
								
										<a href="http://shop.coles.com.au/online/SearchDisplay?searchTermScope=&amp;multiSearch=&amp;searchType=2&amp;maxPrice=&amp;showResultsPage=true&amp;langId=-1&amp;beginIndex=0&amp;sType=SimpleSearch&amp;metaData=&amp;browseView=true&amp;manufacturer=&amp;resultCatEntryType=&amp;catalogId=10576&amp;pageView=image&amp;facet=ads_f3_ntk_cs%253ALow%2Bin%2BSodium&amp;minPrice=&amp;categoryId=25573&amp;storeId=10601" name="type-Dietary" title=""><span class="cat-facet">Low in Sodium</span>&nbsp;<span role="presentation" aria-hidden="true" class="cat-count">(49)</span><span class="cat-count accessibility">(49items)</span></a>
									
							</li>
			     		
							<li >
								
										<a href="http://shop.coles.com.au/online/SearchDisplay?searchTermScope=&amp;multiSearch=&amp;searchType=2&amp;maxPrice=&amp;showResultsPage=true&amp;langId=-1&amp;beginIndex=0&amp;sType=SimpleSearch&amp;metaData=&amp;browseView=true&amp;manufacturer=&amp;resultCatEntryType=&amp;catalogId=10576&amp;pageView=image&amp;facet=ads_f3_ntk_cs%253ALow%2Bin%2BSugar&amp;minPrice=&amp;categoryId=25573&amp;storeId=10601" name="type-Dietary" title=""><span class="cat-facet">Low in Sugar</span>&nbsp;<span role="presentation" aria-hidden="true" class="cat-count">(22)</span><span class="cat-count accessibility">(22items)</span></a>
									
							</li>
			     		
							<li >
								
										<a href="http://shop.coles.com.au/online/SearchDisplay?searchTermScope=&amp;multiSearch=&amp;searchType=2&amp;maxPrice=&amp;showResultsPage=true&amp;langId=-1&amp;beginIndex=0&amp;sType=SimpleSearch&amp;metaData=&amp;browseView=true&amp;manufacturer=&amp;resultCatEntryType=&amp;catalogId=10576&amp;pageView=image&amp;facet=ads_f3_ntk_cs%253ANo%2BAdded%2BColours&amp;minPrice=&amp;categoryId=25573&amp;storeId=10601" name="type-Dietary" title=""><span class="cat-facet">No Added Colours</span>&nbsp;<span role="presentation" aria-hidden="true" class="cat-count">(102)</span><span class="cat-count accessibility">(102items)</span></a>
									
							</li>
			     		
				<li><a href="#" class="more" data-hidden-facets='{"type":"Dietary","facets":[{"url":"http://shop.coles.com.au/online/SearchDisplay?searchTermScope=&amp;multiSearch=&amp;searchType=2&amp;maxPrice=&amp;showResultsPage=true&amp;langId=-1&amp;beginIndex=0&amp;sType=SimpleSearch&amp;metaData=&amp;browseView=true&amp;manufacturer=&amp;resultCatEntryType=&amp;catalogId=10576&amp;pageView=image&amp;facet=ads_f3_ntk_cs%253ANo%2BAdded%2BSalt&amp;minPrice=&amp;categoryId=25573&amp;storeId=10601","name":"No Added Salt","count":"37","className":""},{"url":"http://shop.coles.com.au/online/SearchDisplay?searchTermScope=&amp;multiSearch=&amp;searchType=2&amp;maxPrice=&amp;showResultsPage=true&amp;langId=-1&amp;beginIndex=0&amp;sType=SimpleSearch&amp;metaData=&amp;browseView=true&amp;manufacturer=&amp;resultCatEntryType=&amp;catalogId=10576&amp;pageView=image&amp;facet=ads_f3_ntk_cs%253ANo%2BAdded%2BSugars&amp;minPrice=&amp;categoryId=25573&amp;storeId=10601","name":"No Added Sugars","count":"94","className":""},{"url":"http://shop.coles.com.au/online/SearchDisplay?searchTermScope=&amp;multiSearch=&amp;searchType=2&amp;maxPrice=&amp;showResultsPage=true&amp;langId=-1&amp;beginIndex=0&amp;sType=SimpleSearch&amp;metaData=&amp;browseView=true&amp;manufacturer=&amp;resultCatEntryType=&amp;catalogId=10576&amp;pageView=image&amp;facet=ads_f3_ntk_cs%253ANo%2BArtificial%2BFlavours%2Bor%2BColours&amp;minPrice=&amp;categoryId=25573&amp;storeId=10601","name":"No Artificial Flavours or Colours","count":"1014","className":""},{"url":"http://shop.coles.com.au/online/SearchDisplay?searchTermScope=&amp;multiSearch=&amp;searchType=2&amp;maxPrice=&amp;showResultsPage=true&amp;langId=-1&amp;beginIndex=0&amp;sType=SimpleSearch&amp;metaData=&amp;browseView=true&amp;manufacturer=&amp;resultCatEntryType=&amp;catalogId=10576&amp;pageView=image&amp;facet=ads_f3_ntk_cs%253ANo%2BPreservatives&amp;minPrice=&amp;categoryId=25573&amp;storeId=10601","name":"No Preservatives","count":"604","className":""},{"url":"http://shop.coles.com.au/online/SearchDisplay?searchTermScope=&amp;multiSearch=&amp;searchType=2&amp;maxPrice=&amp;showResultsPage=true&amp;langId=-1&amp;beginIndex=0&amp;sType=SimpleSearch&amp;metaData=&amp;browseView=true&amp;manufacturer=&amp;resultCatEntryType=&amp;catalogId=10576&amp;pageView=image&amp;facet=ads_f3_ntk_cs%253AOmega%2B3&amp;minPrice=&amp;categoryId=25573&amp;storeId=10601","name":"Omega 3","count":"142","className":""},{"url":"http://shop.coles.com.au/online/SearchDisplay?searchTermScope=&amp;multiSearch=&amp;searchType=2&amp;maxPrice=&amp;showResultsPage=true&amp;langId=-1&amp;beginIndex=0&amp;sType=SimpleSearch&amp;metaData=&amp;browseView=true&amp;manufacturer=&amp;resultCatEntryType=&amp;catalogId=10576&amp;pageView=image&amp;facet=ads_f3_ntk_cs%253ASource%2Bof%2BCalcium&amp;minPrice=&amp;categoryId=25573&amp;storeId=10601","name":"Source of Calcium","count":"46","className":""},{"url":"http://shop.coles.com.au/online/SearchDisplay?searchTermScope=&amp;multiSearch=&amp;searchType=2&amp;maxPrice=&amp;showResultsPage=true&amp;langId=-1&amp;beginIndex=0&amp;sType=SimpleSearch&amp;metaData=&amp;browseView=true&amp;manufacturer=&amp;resultCatEntryType=&amp;catalogId=10576&amp;pageView=image&amp;facet=ads_f3_ntk_cs%253ASource%2Bof%2BDietary%2BFibre&amp;minPrice=&amp;categoryId=25573&amp;storeId=10601","name":"Source of Dietary Fibre","count":"240","className":""},{"url":"http://shop.coles.com.au/online/SearchDisplay?searchTermScope=&amp;multiSearch=&amp;searchType=2&amp;maxPrice=&amp;showResultsPage=true&amp;langId=-1&amp;beginIndex=0&amp;sType=SimpleSearch&amp;metaData=&amp;browseView=true&amp;manufacturer=&amp;resultCatEntryType=&amp;catalogId=10576&amp;pageView=image&amp;facet=ads_f3_ntk_cs%253ASource%2Bof%2BIron&amp;minPrice=&amp;categoryId=25573&amp;storeId=10601","name":"Source of Iron","count":"41","className":""},{"url":"http://shop.coles.com.au/online/SearchDisplay?searchTermScope=&amp;multiSearch=&amp;searchType=2&amp;maxPrice=&amp;showResultsPage=true&amp;langId=-1&amp;beginIndex=0&amp;sType=SimpleSearch&amp;metaData=&amp;browseView=true&amp;manufacturer=&amp;resultCatEntryType=&amp;catalogId=10576&amp;pageView=image&amp;facet=ads_f3_ntk_cs%253ASource%2Bof%2BVitamin%2BC&amp;minPrice=&amp;categoryId=25573&amp;storeId=10601","name":"Source of Vitamin C","count":"4","className":""}]}' title="View other types">+  view 9 other types</a></li>
	     		
    		</ul>
		</li>
		
		<li role="presentation">
			<h3>Allergen</h3>
			
					<a class="2" href="http://shop.coles.com.au/online/SearchDisplay?multiSearch=&amp;showResultsPage=true&amp;langId=-1&amp;beginIndex=0&amp;sType=SimpleSearch&amp;browseView=true&amp;pageSize=20&amp;resultCatEntryType=&amp;catalogId=10576&amp;pageView=image&amp;urlLangId=-1&amp;categoryId=25573&amp;storeId=10601" name="type-Allergen" title=""><span class="cat-facet">Show all</span>&nbsp;<span role="presentation" aria-hidden="true" class="cat-count">(6307)</span><span class="cat-count accessibility">(6307items)</span></a>
				
  			<ul>
	     		
							<li >
								
										<a href="http://shop.coles.com.au/online/SearchDisplay?searchTermScope=&amp;multiSearch=&amp;searchType=2&amp;maxPrice=&amp;showResultsPage=true&amp;langId=-1&amp;beginIndex=0&amp;sType=SimpleSearch&amp;metaData=&amp;browseView=true&amp;manufacturer=&amp;resultCatEntryType=&amp;catalogId=10576&amp;pageView=image&amp;facet=ads_f2_ntk_cs%253AAdditive%2BFree&amp;minPrice=&amp;categoryId=25573&amp;storeId=10601" name="type-Allergen" title=""><span class="cat-facet">Additive Free</span>&nbsp;<span role="presentation" aria-hidden="true" class="cat-count">(19)</span><span class="cat-count accessibility">(19items)</span></a>
									
							</li>
			     		
							<li >
								
										<a href="http://shop.coles.com.au/online/SearchDisplay?searchTermScope=&amp;multiSearch=&amp;searchType=2&amp;maxPrice=&amp;showResultsPage=true&amp;langId=-1&amp;beginIndex=0&amp;sType=SimpleSearch&amp;metaData=&amp;browseView=true&amp;manufacturer=&amp;resultCatEntryType=&amp;catalogId=10576&amp;pageView=image&amp;facet=ads_f2_ntk_cs%253ABarley%2BFree&amp;minPrice=&amp;categoryId=25573&amp;storeId=10601" name="type-Allergen" title=""><span class="cat-facet">Barley Free</span>&nbsp;<span role="presentation" aria-hidden="true" class="cat-count">(1)</span><span class="cat-count accessibility">(1items)</span></a>
									
							</li>
			     		
							<li >
								
										<a href="http://shop.coles.com.au/online/SearchDisplay?searchTermScope=&amp;multiSearch=&amp;searchType=2&amp;maxPrice=&amp;showResultsPage=true&amp;langId=-1&amp;beginIndex=0&amp;sType=SimpleSearch&amp;metaData=&amp;browseView=true&amp;manufacturer=&amp;resultCatEntryType=&amp;catalogId=10576&amp;pageView=image&amp;facet=ads_f2_ntk_cs%253ACaffeine%2BFree&amp;minPrice=&amp;categoryId=25573&amp;storeId=10601" name="type-Allergen" title=""><span class="cat-facet">Caffeine Free</span>&nbsp;<span role="presentation" aria-hidden="true" class="cat-count">(18)</span><span class="cat-count accessibility">(18items)</span></a>
									
							</li>
			     		
							<li >
								
										<a href="http://shop.coles.com.au/online/SearchDisplay?searchTermScope=&amp;multiSearch=&amp;searchType=2&amp;maxPrice=&amp;showResultsPage=true&amp;langId=-1&amp;beginIndex=0&amp;sType=SimpleSearch&amp;metaData=&amp;browseView=true&amp;manufacturer=&amp;resultCatEntryType=&amp;catalogId=10576&amp;pageView=image&amp;facet=ads_f2_ntk_cs%253ACholesterol%2BFree&amp;minPrice=&amp;categoryId=25573&amp;storeId=10601" name="type-Allergen" title=""><span class="cat-facet">Cholesterol Free</span>&nbsp;<span role="presentation" aria-hidden="true" class="cat-count">(172)</span><span class="cat-count accessibility">(172items)</span></a>
									
							</li>
			     		
							<li >
								
										<a href="http://shop.coles.com.au/online/SearchDisplay?searchTermScope=&amp;multiSearch=&amp;searchType=2&amp;maxPrice=&amp;showResultsPage=true&amp;langId=-1&amp;beginIndex=0&amp;sType=SimpleSearch&amp;metaData=&amp;browseView=true&amp;manufacturer=&amp;resultCatEntryType=&amp;catalogId=10576&amp;pageView=image&amp;facet=ads_f2_ntk_cs%253ADairy%2BFree&amp;minPrice=&amp;categoryId=25573&amp;storeId=10601" name="type-Allergen" title=""><span class="cat-facet">Dairy Free</span>&nbsp;<span role="presentation" aria-hidden="true" class="cat-count">(108)</span><span class="cat-count accessibility">(108items)</span></a>
									
							</li>
			     		
							<li >
								
										<a href="http://shop.coles.com.au/online/SearchDisplay?searchTermScope=&amp;multiSearch=&amp;searchType=2&amp;maxPrice=&amp;showResultsPage=true&amp;langId=-1&amp;beginIndex=0&amp;sType=SimpleSearch&amp;metaData=&amp;browseView=true&amp;manufacturer=&amp;resultCatEntryType=&amp;catalogId=10576&amp;pageView=image&amp;facet=ads_f2_ntk_cs%253AEgg%2BFree&amp;minPrice=&amp;categoryId=25573&amp;storeId=10601" name="type-Allergen" title=""><span class="cat-facet">Egg Free</span>&nbsp;<span role="presentation" aria-hidden="true" class="cat-count">(52)</span><span class="cat-count accessibility">(52items)</span></a>
									
							</li>
			     		
							<li >
								
										<a href="http://shop.coles.com.au/online/SearchDisplay?searchTermScope=&amp;multiSearch=&amp;searchType=2&amp;maxPrice=&amp;showResultsPage=true&amp;langId=-1&amp;beginIndex=0&amp;sType=SimpleSearch&amp;metaData=&amp;browseView=true&amp;manufacturer=&amp;resultCatEntryType=&amp;catalogId=10576&amp;pageView=image&amp;facet=ads_f2_ntk_cs%253AFat%2BFree&amp;minPrice=&amp;categoryId=25573&amp;storeId=10601" name="type-Allergen" title=""><span class="cat-facet">Fat Free</span>&nbsp;<span role="presentation" aria-hidden="true" class="cat-count">(48)</span><span class="cat-count accessibility">(48items)</span></a>
									
							</li>
			     		
							<li >
								
										<a href="http://shop.coles.com.au/online/SearchDisplay?searchTermScope=&amp;multiSearch=&amp;searchType=2&amp;maxPrice=&amp;showResultsPage=true&amp;langId=-1&amp;beginIndex=0&amp;sType=SimpleSearch&amp;metaData=&amp;browseView=true&amp;manufacturer=&amp;resultCatEntryType=&amp;catalogId=10576&amp;pageView=image&amp;facet=ads_f2_ntk_cs%253AFree%2Bfrom%2BArtificial%2BColours&amp;minPrice=&amp;categoryId=25573&amp;storeId=10601" name="type-Allergen" title=""><span class="cat-facet">Free from Artificial Colours</span>&nbsp;<span role="presentation" aria-hidden="true" class="cat-count">(865)</span><span class="cat-count accessibility">(865items)</span></a>
									
							</li>
			     		
							<li >
								
										<a href="http://shop.coles.com.au/online/SearchDisplay?searchTermScope=&amp;multiSearch=&amp;searchType=2&amp;maxPrice=&amp;showResultsPage=true&amp;langId=-1&amp;beginIndex=0&amp;sType=SimpleSearch&amp;metaData=&amp;browseView=true&amp;manufacturer=&amp;resultCatEntryType=&amp;catalogId=10576&amp;pageView=image&amp;facet=ads_f2_ntk_cs%253AFree%2Bfrom%2BArtificial%2BFlavours&amp;minPrice=&amp;categoryId=25573&amp;storeId=10601" name="type-Allergen" title=""><span class="cat-facet">Free from Artificial Flavours</span>&nbsp;<span role="presentation" aria-hidden="true" class="cat-count">(762)</span><span class="cat-count accessibility">(762items)</span></a>
									
							</li>
			     		
							<li >
								
										<a href="http://shop.coles.com.au/online/SearchDisplay?searchTermScope=&amp;multiSearch=&amp;searchType=2&amp;maxPrice=&amp;showResultsPage=true&amp;langId=-1&amp;beginIndex=0&amp;sType=SimpleSearch&amp;metaData=&amp;browseView=true&amp;manufacturer=&amp;resultCatEntryType=&amp;catalogId=10576&amp;pageView=image&amp;facet=ads_f2_ntk_cs%253AFree%2Bfrom%2BArtificial%2BPreservatives&amp;minPrice=&amp;categoryId=25573&amp;storeId=10601" name="type-Allergen" title=""><span class="cat-facet">Free from Artificial Preservatives</span>&nbsp;<span role="presentation" aria-hidden="true" class="cat-count">(396)</span><span class="cat-count accessibility">(396items)</span></a>
									
							</li>
			     		
				<li><a href="#" class="more" data-hidden-facets='{"type":"Allergen","facets":[{"url":"http://shop.coles.com.au/online/SearchDisplay?searchTermScope=&amp;multiSearch=&amp;searchType=2&amp;maxPrice=&amp;showResultsPage=true&amp;langId=-1&amp;beginIndex=0&amp;sType=SimpleSearch&amp;metaData=&amp;browseView=true&amp;manufacturer=&amp;resultCatEntryType=&amp;catalogId=10576&amp;pageView=image&amp;facet=ads_f2_ntk_cs%253AGluten%2BFree&amp;minPrice=&amp;categoryId=25573&amp;storeId=10601","name":"Gluten Free","count":"620","className":""},{"url":"http://shop.coles.com.au/online/SearchDisplay?searchTermScope=&amp;multiSearch=&amp;searchType=2&amp;maxPrice=&amp;showResultsPage=true&amp;langId=-1&amp;beginIndex=0&amp;sType=SimpleSearch&amp;metaData=&amp;browseView=true&amp;manufacturer=&amp;resultCatEntryType=&amp;catalogId=10576&amp;pageView=image&amp;facet=ads_f2_ntk_cs%253AHazelnut%2BFree&amp;minPrice=&amp;categoryId=25573&amp;storeId=10601","name":"Hazelnut Free","count":"1","className":""},{"url":"http://shop.coles.com.au/online/SearchDisplay?searchTermScope=&amp;multiSearch=&amp;searchType=2&amp;maxPrice=&amp;showResultsPage=true&amp;langId=-1&amp;beginIndex=0&amp;sType=SimpleSearch&amp;metaData=&amp;browseView=true&amp;manufacturer=&amp;resultCatEntryType=&amp;catalogId=10576&amp;pageView=image&amp;facet=ads_f2_ntk_cs%253ALactose%2BFree&amp;minPrice=&amp;categoryId=25573&amp;storeId=10601","name":"Lactose Free","count":"34","className":""},{"url":"http://shop.coles.com.au/online/SearchDisplay?searchTermScope=&amp;multiSearch=&amp;searchType=2&amp;maxPrice=&amp;showResultsPage=true&amp;langId=-1&amp;beginIndex=0&amp;sType=SimpleSearch&amp;metaData=&amp;browseView=true&amp;manufacturer=&amp;resultCatEntryType=&amp;catalogId=10576&amp;pageView=image&amp;facet=ads_f2_ntk_cs%253AMSG%2BFree&amp;minPrice=&amp;categoryId=25573&amp;storeId=10601","name":"MSG Free","count":"225","className":""},{"url":"http://shop.coles.com.au/online/SearchDisplay?searchTermScope=&amp;multiSearch=&amp;searchType=2&amp;maxPrice=&amp;showResultsPage=true&amp;langId=-1&amp;beginIndex=0&amp;sType=SimpleSearch&amp;metaData=&amp;browseView=true&amp;manufacturer=&amp;resultCatEntryType=&amp;catalogId=10576&amp;pageView=image&amp;facet=ads_f2_ntk_cs%253AMilk%2BFree&amp;minPrice=&amp;categoryId=25573&amp;storeId=10601","name":"Milk Free","count":"6","className":""},{"url":"http://shop.coles.com.au/online/SearchDisplay?searchTermScope=&amp;multiSearch=&amp;searchType=2&amp;maxPrice=&amp;showResultsPage=true&amp;langId=-1&amp;beginIndex=0&amp;sType=SimpleSearch&amp;metaData=&amp;browseView=true&amp;manufacturer=&amp;resultCatEntryType=&amp;catalogId=10576&amp;pageView=image&amp;facet=ads_f2_ntk_cs%253ANo%2BAdded%2BSugar&amp;minPrice=&amp;categoryId=25573&amp;storeId=10601","name":"No Added Sugar","count":"50","className":""},{"url":"http://shop.coles.com.au/online/SearchDisplay?searchTermScope=&amp;multiSearch=&amp;searchType=2&amp;maxPrice=&amp;showResultsPage=true&amp;langId=-1&amp;beginIndex=0&amp;sType=SimpleSearch&amp;metaData=&amp;browseView=true&amp;manufacturer=&amp;resultCatEntryType=&amp;catalogId=10576&amp;pageView=image&amp;facet=ads_f2_ntk_cs%253ANut%2BFree&amp;minPrice=&amp;categoryId=25573&amp;storeId=10601","name":"Nut Free","count":"69","className":""},{"url":"http://shop.coles.com.au/online/SearchDisplay?searchTermScope=&amp;multiSearch=&amp;searchType=2&amp;maxPrice=&amp;showResultsPage=true&amp;langId=-1&amp;beginIndex=0&amp;sType=SimpleSearch&amp;metaData=&amp;browseView=true&amp;manufacturer=&amp;resultCatEntryType=&amp;catalogId=10576&amp;pageView=image&amp;facet=ads_f2_ntk_cs%253APeanut%2BFree&amp;minPrice=&amp;categoryId=25573&amp;storeId=10601","name":"Peanut Free","count":"23","className":""},{"url":"http://shop.coles.com.au/online/SearchDisplay?searchTermScope=&amp;multiSearch=&amp;searchType=2&amp;maxPrice=&amp;showResultsPage=true&amp;langId=-1&amp;beginIndex=0&amp;sType=SimpleSearch&amp;metaData=&amp;browseView=true&amp;manufacturer=&amp;resultCatEntryType=&amp;catalogId=10576&amp;pageView=image&amp;facet=ads_f2_ntk_cs%253ARye%2BFree&amp;minPrice=&amp;categoryId=25573&amp;storeId=10601","name":"Rye Free","count":"1","className":""},{"url":"http://shop.coles.com.au/online/SearchDisplay?searchTermScope=&amp;multiSearch=&amp;searchType=2&amp;maxPrice=&amp;showResultsPage=true&amp;langId=-1&amp;beginIndex=0&amp;sType=SimpleSearch&amp;metaData=&amp;browseView=true&amp;manufacturer=&amp;resultCatEntryType=&amp;catalogId=10576&amp;pageView=image&amp;facet=ads_f2_ntk_cs%253ASesame%2BFree&amp;minPrice=&amp;categoryId=25573&amp;storeId=10601","name":"Sesame Free","count":"4","className":""},{"url":"http://shop.coles.com.au/online/SearchDisplay?searchTermScope=&amp;multiSearch=&amp;searchType=2&amp;maxPrice=&amp;showResultsPage=true&amp;langId=-1&amp;beginIndex=0&amp;sType=SimpleSearch&amp;metaData=&amp;browseView=true&amp;manufacturer=&amp;resultCatEntryType=&amp;catalogId=10576&amp;pageView=image&amp;facet=ads_f2_ntk_cs%253ASoy%2BFree&amp;minPrice=&amp;categoryId=25573&amp;storeId=10601","name":"Soy Free","count":"22","className":""},{"url":"http://shop.coles.com.au/online/SearchDisplay?searchTermScope=&amp;multiSearch=&amp;searchType=2&amp;maxPrice=&amp;showResultsPage=true&amp;langId=-1&amp;beginIndex=0&amp;sType=SimpleSearch&amp;metaData=&amp;browseView=true&amp;manufacturer=&amp;resultCatEntryType=&amp;catalogId=10576&amp;pageView=image&amp;facet=ads_f2_ntk_cs%253ASugar%2BFree&amp;minPrice=&amp;categoryId=25573&amp;storeId=10601","name":"Sugar Free","count":"50","className":""},{"url":"http://shop.coles.com.au/online/SearchDisplay?searchTermScope=&amp;multiSearch=&amp;searchType=2&amp;maxPrice=&amp;showResultsPage=true&amp;langId=-1&amp;beginIndex=0&amp;sType=SimpleSearch&amp;metaData=&amp;browseView=true&amp;manufacturer=&amp;resultCatEntryType=&amp;catalogId=10576&amp;pageView=image&amp;facet=ads_f2_ntk_cs%253ATree%2BNut%2BFree&amp;minPrice=&amp;categoryId=25573&amp;storeId=10601","name":"Tree Nut Free","count":"7","className":""},{"url":"http://shop.coles.com.au/online/SearchDisplay?searchTermScope=&amp;multiSearch=&amp;searchType=2&amp;maxPrice=&amp;showResultsPage=true&amp;langId=-1&amp;beginIndex=0&amp;sType=SimpleSearch&amp;metaData=&amp;browseView=true&amp;manufacturer=&amp;resultCatEntryType=&amp;catalogId=10576&amp;pageView=image&amp;facet=ads_f2_ntk_cs%253AWheat%2BFree&amp;minPrice=&amp;categoryId=25573&amp;storeId=10601","name":"Wheat Free","count":"86","className":""},{"url":"http://shop.coles.com.au/online/SearchDisplay?searchTermScope=&amp;multiSearch=&amp;searchType=2&amp;maxPrice=&amp;showResultsPage=true&amp;langId=-1&amp;beginIndex=0&amp;sType=SimpleSearch&amp;metaData=&amp;browseView=true&amp;manufacturer=&amp;resultCatEntryType=&amp;catalogId=10576&amp;pageView=image&amp;facet=ads_f2_ntk_cs%253AYeast%2BFree&amp;minPrice=&amp;categoryId=25573&amp;storeId=10601","name":"Yeast Free","count":"32","className":""}]}' title="View other types">+  view 15 other types</a></li>
	     		
    		</ul>
		</li>
		
		<li role="presentation">
			<h3>Environmental</h3>
			
					<a class="2" href="http://shop.coles.com.au/online/SearchDisplay?multiSearch=&amp;showResultsPage=true&amp;langId=-1&amp;beginIndex=0&amp;sType=SimpleSearch&amp;browseView=true&amp;pageSize=20&amp;resultCatEntryType=&amp;catalogId=10576&amp;pageView=image&amp;urlLangId=-1&amp;categoryId=25573&amp;storeId=10601" name="type-Environmental" title=""><span class="cat-facet">Show all</span>&nbsp;<span role="presentation" aria-hidden="true" class="cat-count">(6307)</span><span class="cat-count accessibility">(6307items)</span></a>
				
  			<ul>
	     		
							<li >
								
										<a href="http://shop.coles.com.au/online/SearchDisplay?searchTermScope=&amp;multiSearch=&amp;searchType=2&amp;maxPrice=&amp;showResultsPage=true&amp;langId=-1&amp;beginIndex=0&amp;sType=SimpleSearch&amp;metaData=&amp;browseView=true&amp;manufacturer=&amp;resultCatEntryType=&amp;catalogId=10576&amp;pageView=image&amp;facet=ads_f5_ntk_cs%253AAustralian%2BGrown&amp;minPrice=&amp;categoryId=25573&amp;storeId=10601" name="type-Environmental" title=""><span class="cat-facet">Australian Grown</span>&nbsp;<span role="presentation" aria-hidden="true" class="cat-count">(46)</span><span class="cat-count accessibility">(46items)</span></a>
									
							</li>
			     		
							<li >
								
										<a href="http://shop.coles.com.au/online/SearchDisplay?searchTermScope=&amp;multiSearch=&amp;searchType=2&amp;maxPrice=&amp;showResultsPage=true&amp;langId=-1&amp;beginIndex=0&amp;sType=SimpleSearch&amp;metaData=&amp;browseView=true&amp;manufacturer=&amp;resultCatEntryType=&amp;catalogId=10576&amp;pageView=image&amp;facet=ads_f5_ntk_cs%253AAustralian%2BMade%2Band%2BOwned&amp;minPrice=&amp;categoryId=25573&amp;storeId=10601" name="type-Environmental" title=""><span class="cat-facet">Australian Made and Owned</span>&nbsp;<span role="presentation" aria-hidden="true" class="cat-count">(206)</span><span class="cat-count accessibility">(206items)</span></a>
									
							</li>
			     		
							<li >
								
										<a href="http://shop.coles.com.au/online/SearchDisplay?searchTermScope=&amp;multiSearch=&amp;searchType=2&amp;maxPrice=&amp;showResultsPage=true&amp;langId=-1&amp;beginIndex=0&amp;sType=SimpleSearch&amp;metaData=&amp;browseView=true&amp;manufacturer=&amp;resultCatEntryType=&amp;catalogId=10576&amp;pageView=image&amp;facet=ads_f5_ntk_cs%253ABiodegradable&amp;minPrice=&amp;categoryId=25573&amp;storeId=10601" name="type-Environmental" title=""><span class="cat-facet">Biodegradable</span>&nbsp;<span role="presentation" aria-hidden="true" class="cat-count">(1)</span><span class="cat-count accessibility">(1items)</span></a>
									
							</li>
			     		
							<li >
								
										<a href="http://shop.coles.com.au/online/SearchDisplay?searchTermScope=&amp;multiSearch=&amp;searchType=2&amp;maxPrice=&amp;showResultsPage=true&amp;langId=-1&amp;beginIndex=0&amp;sType=SimpleSearch&amp;metaData=&amp;browseView=true&amp;manufacturer=&amp;resultCatEntryType=&amp;catalogId=10576&amp;pageView=image&amp;facet=ads_f5_ntk_cs%253AEnvironmentally%2BFriendly&amp;minPrice=&amp;categoryId=25573&amp;storeId=10601" name="type-Environmental" title=""><span class="cat-facet">Environmentally Friendly</span>&nbsp;<span role="presentation" aria-hidden="true" class="cat-count">(4)</span><span class="cat-count accessibility">(4items)</span></a>
									
							</li>
			     		
							<li >
								
										<a href="http://shop.coles.com.au/online/SearchDisplay?searchTermScope=&amp;multiSearch=&amp;searchType=2&amp;maxPrice=&amp;showResultsPage=true&amp;langId=-1&amp;beginIndex=0&amp;sType=SimpleSearch&amp;metaData=&amp;browseView=true&amp;manufacturer=&amp;resultCatEntryType=&amp;catalogId=10576&amp;pageView=image&amp;facet=ads_f5_ntk_cs%253AFair%2BTrade&amp;minPrice=&amp;categoryId=25573&amp;storeId=10601" name="type-Environmental" title=""><span class="cat-facet">Fair Trade</span>&nbsp;<span role="presentation" aria-hidden="true" class="cat-count">(8)</span><span class="cat-count accessibility">(8items)</span></a>
									
							</li>
			     		
							<li >
								
										<a href="http://shop.coles.com.au/online/SearchDisplay?searchTermScope=&amp;multiSearch=&amp;searchType=2&amp;maxPrice=&amp;showResultsPage=true&amp;langId=-1&amp;beginIndex=0&amp;sType=SimpleSearch&amp;metaData=&amp;browseView=true&amp;manufacturer=&amp;resultCatEntryType=&amp;catalogId=10576&amp;pageView=image&amp;facet=ads_f5_ntk_cs%253ARecycled&amp;minPrice=&amp;categoryId=25573&amp;storeId=10601" name="type-Environmental" title=""><span class="cat-facet">Recycled</span>&nbsp;<span role="presentation" aria-hidden="true" class="cat-count">(11)</span><span class="cat-count accessibility">(11items)</span></a>
									
							</li>
			     		
    		</ul>
		</li>
		
		<li role="presentation">
			<h3>Lifestyle</h3>
			
					<a class="2" href="http://shop.coles.com.au/online/SearchDisplay?multiSearch=&amp;showResultsPage=true&amp;langId=-1&amp;beginIndex=0&amp;sType=SimpleSearch&amp;browseView=true&amp;pageSize=20&amp;resultCatEntryType=&amp;catalogId=10576&amp;pageView=image&amp;urlLangId=-1&amp;categoryId=25573&amp;storeId=10601" name="type-Lifestyle" title=""><span class="cat-facet">Show all</span>&nbsp;<span role="presentation" aria-hidden="true" class="cat-count">(6307)</span><span class="cat-count accessibility">(6307items)</span></a>
				
  			<ul>
	     		
							<li >
								
										<a href="http://shop.coles.com.au/online/SearchDisplay?searchTermScope=&amp;multiSearch=&amp;searchType=2&amp;maxPrice=&amp;showResultsPage=true&amp;langId=-1&amp;beginIndex=0&amp;sType=SimpleSearch&amp;metaData=&amp;browseView=true&amp;manufacturer=&amp;resultCatEntryType=&amp;catalogId=10576&amp;pageView=image&amp;facet=ads_f1_ntk_cs%253AFree%2BRange&amp;minPrice=&amp;categoryId=25573&amp;storeId=10601" name="type-Lifestyle" title=""><span class="cat-facet">Free Range</span>&nbsp;<span role="presentation" aria-hidden="true" class="cat-count">(2)</span><span class="cat-count accessibility">(2items)</span></a>
									
							</li>
			     		
							<li >
								
										<a href="http://shop.coles.com.au/online/SearchDisplay?searchTermScope=&amp;multiSearch=&amp;searchType=2&amp;maxPrice=&amp;showResultsPage=true&amp;langId=-1&amp;beginIndex=0&amp;sType=SimpleSearch&amp;metaData=&amp;browseView=true&amp;manufacturer=&amp;resultCatEntryType=&amp;catalogId=10576&amp;pageView=image&amp;facet=ads_f1_ntk_cs%253AGMO%2BFree&amp;minPrice=&amp;categoryId=25573&amp;storeId=10601" name="type-Lifestyle" title=""><span class="cat-facet">GMO Free</span>&nbsp;<span role="presentation" aria-hidden="true" class="cat-count">(136)</span><span class="cat-count accessibility">(136items)</span></a>
									
							</li>
			     		
							<li >
								
										<a href="http://shop.coles.com.au/online/SearchDisplay?searchTermScope=&amp;multiSearch=&amp;searchType=2&amp;maxPrice=&amp;showResultsPage=true&amp;langId=-1&amp;beginIndex=0&amp;sType=SimpleSearch&amp;metaData=&amp;browseView=true&amp;manufacturer=&amp;resultCatEntryType=&amp;catalogId=10576&amp;pageView=image&amp;facet=ads_f1_ntk_cs%253AHalal&amp;minPrice=&amp;categoryId=25573&amp;storeId=10601" name="type-Lifestyle" title=""><span class="cat-facet">Halal</span>&nbsp;<span role="presentation" aria-hidden="true" class="cat-count">(268)</span><span class="cat-count accessibility">(268items)</span></a>
									
							</li>
			     		
							<li >
								
										<a href="http://shop.coles.com.au/online/SearchDisplay?searchTermScope=&amp;multiSearch=&amp;searchType=2&amp;maxPrice=&amp;showResultsPage=true&amp;langId=-1&amp;beginIndex=0&amp;sType=SimpleSearch&amp;metaData=&amp;browseView=true&amp;manufacturer=&amp;resultCatEntryType=&amp;catalogId=10576&amp;pageView=image&amp;facet=ads_f1_ntk_cs%253AKosher&amp;minPrice=&amp;categoryId=25573&amp;storeId=10601" name="type-Lifestyle" title=""><span class="cat-facet">Kosher</span>&nbsp;<span role="presentation" aria-hidden="true" class="cat-count">(135)</span><span class="cat-count accessibility">(135items)</span></a>
									
							</li>
			     		
							<li >
								
										<a href="http://shop.coles.com.au/online/SearchDisplay?searchTermScope=&amp;multiSearch=&amp;searchType=2&amp;maxPrice=&amp;showResultsPage=true&amp;langId=-1&amp;beginIndex=0&amp;sType=SimpleSearch&amp;metaData=&amp;browseView=true&amp;manufacturer=&amp;resultCatEntryType=&amp;catalogId=10576&amp;pageView=image&amp;facet=ads_f1_ntk_cs%253AOrganic&amp;minPrice=&amp;categoryId=25573&amp;storeId=10601" name="type-Lifestyle" title=""><span class="cat-facet">Organic</span>&nbsp;<span role="presentation" aria-hidden="true" class="cat-count">(130)</span><span class="cat-count accessibility">(130items)</span></a>
									
							</li>
			     		
							<li >
								
										<a href="http://shop.coles.com.au/online/SearchDisplay?searchTermScope=&amp;multiSearch=&amp;searchType=2&amp;maxPrice=&amp;showResultsPage=true&amp;langId=-1&amp;beginIndex=0&amp;sType=SimpleSearch&amp;metaData=&amp;browseView=true&amp;manufacturer=&amp;resultCatEntryType=&amp;catalogId=10576&amp;pageView=image&amp;facet=ads_f1_ntk_cs%253AVegan&amp;minPrice=&amp;categoryId=25573&amp;storeId=10601" name="type-Lifestyle" title=""><span class="cat-facet">Vegan</span>&nbsp;<span role="presentation" aria-hidden="true" class="cat-count">(44)</span><span class="cat-count accessibility">(44items)</span></a>
									
							</li>
			     		
							<li >
								
										<a href="http://shop.coles.com.au/online/SearchDisplay?searchTermScope=&amp;multiSearch=&amp;searchType=2&amp;maxPrice=&amp;showResultsPage=true&amp;langId=-1&amp;beginIndex=0&amp;sType=SimpleSearch&amp;metaData=&amp;browseView=true&amp;manufacturer=&amp;resultCatEntryType=&amp;catalogId=10576&amp;pageView=image&amp;facet=ads_f1_ntk_cs%253AVegetarian&amp;minPrice=&amp;categoryId=25573&amp;storeId=10601" name="type-Lifestyle" title=""><span class="cat-facet">Vegetarian</span>&nbsp;<span role="presentation" aria-hidden="true" class="cat-count">(187)</span><span class="cat-count accessibility">(187items)</span></a>
									
							</li>
			     		
    		</ul>
		</li>
		
			</ul>
		</li>
	</ul>
	<button type="submit" class="hidden" title="Refine results">Refine results</button>
</div>

				</div>
				

<div id="searchResults" class="column-2">
	
		<div class="column-100 clearfix">
			<div class="espot searchEspot">
				

<div data-analytics="center-top" class="genericESpot" id="WC_ContentAreaESpot_div_1_28651" style="width: 768px; min-height: -1px;">
	
	    <p class="caption" style="display:none" id="WC_ContentAreaESpot_div_2_28651">[CAT_All_Product_1]</p>   
	
        <h2  ><span>Featured</span> products </h2>
    
	<div class="billboard-view">
		
	</div>

            <div class="ad" id="ad_28651">
        
									<a id="WC_ContentAreaESpot_links_3_1" href="http://shop.coles.com.au/webapp/wcs/stores/servlet/ClickInfo?evtype=CpgnClick&mpe_id=28651&intv_id=94132&storeId=10601&catalogId=10576&langId=-1&URL=ColesBrowsePromotionView%3fpromoName%3dmoccona%26WT.ic_id%3dpr_Banner_Aisle_20150107_Moccona_2"  >
									
										<img
										   src='/wcsstore/ColesStorefrontAssetStore/images/-catimg/2015/01/20150107_Moccona/Leaderboard - Moccona Mixes Half Price Moments - 728x90.jpg'
										   alt='Moccona Coffee - Moccona Cafe Moments, half price! Click here to shop now!'
										   border="0"
										/>
									
										</a>
									
            </div>
        


</div>


			</div>
		</div>
        

<div data-analytics="center-middle" class="genericESpot" style="width: 768px; min-height: 0px;">
	
	    <p class="caption" style="display:none" id="WC_MarketProductContentAreaESpot_div_2_72851">[VENDOR_Marketing_1]</p>   
	
</div>

    <div class="list-view viewContainer clearfix searchEspot">
<p id="skip-to-products" class="accessibility">Product list for Pantry</p>	 


<span class="available hidden"></span>


<div class="outer-prod prodtile" 
		data-refresh='{
					catalogId: "10576",
					doInventory: "N",
					fulfillmentCenterId: "11576",
					forStoreId: "10401",
					
					productDisplayURL: "http://shop.coles.com.au/online/national/betty-crocker-cake-mix-chocolate-fudge"				
			}'>
	<form id="catEntryForm_98562" name="catEntryForm_98562" action="AjaxOrderChangeServiceItemAdd">
		
<div class=" " data-catentry="catEntry_98562" 
		data-refresh='{
				addCalculationUsage: "-1",
				langId: "-1",
				storeId: "10601", 
				catEntryId: "98562", 
				catEntryName: "Chocolate Fudge Cake Mix", 
				productView: "list",
				productId: "98562",
				itemId: "157095",
				hideMultibuy: "false",
                ticketType: "",
                partNumber: "9491284",
                offerCode: "20141217"
		}'>
   	<div class="wrapper clearfix">   	
		

<h4 class="accessibility" id="heading_98562" tabindex="-1">
		Betty Crocker&nbsp;Chocolate Fudge Cake Mix&nbsp;
		583g&nbsp;
		 
</h4> 

<div class="offer-icon"></div>
<a role="presentation" aria-hidden="true" class="product-url" href="http://shop.coles.com.au/online/national/betty-crocker-cake-mix-chocolate-fudge" >
	    <img role="presentation" aria-hidden="true" class="photo" 
		 src="/wcsstore/Coles-CAS/images/9/4/9/9491284-th.jpg" 
		 onError="this.src='/wcsstore/ColesStorefrontAssetStore/dist/8784d175201f/images/spacer.gif'" 
		 alt="Chocolate Fudge Cake Mix" 
		 width="110" 
		 height="110"/>
	</a>

<div class="detail">	
    <span role="presentation" aria-hidden="true"  class="brand">Betty Crocker</span>
    <span class="item"  role="presentation" aria-hidden="true" >
        <a role="presentation" aria-hidden="true"   class="product-url" href="http://shop.coles.com.au/online/national/betty-crocker-cake-mix-chocolate-fudge">
        	Chocolate Fudge Cake Mix&nbsp;
        	583g
        </a>
    </span>
	<span class="size">
			
 	</span>
</div>


	<div class="purchasing">	    
	    <div class="saving">
	    	
	    </div>
	   	
	    		<div class="price"><span class="accessibility">Purchase price </span><small>$</small>5.71</div>
	    	
	    <div class="unit-price"><span class="accessibility">Unit price </span>$0.98 per 100G</div>
	    <div class="special-offer">	    	
	    	
	    </div> 
	    <div class="availability">Temporarily unavailable</div>
	    <div class="purchase">
		
			<input type="number" title="Add Quantity for Betty Crocker Chocolate Fudge Cake Mix 583g" name="quantity" id="catEntry_98562_qty" value="1" maxlength="2" size="2" class="v-mandatory v-numeric v-minval-1">
	        <button role="button" type="submit" title="Add to trolley&nbsp;Betty Crocker Chocolate Fudge Cake Mix 583g" class="btn-red action-addToTrolley"><span role="presentation" aria-hidden="true">Add to trolley</span></button>
		
		</div>
	</div>
	<div class="lists">
		
	</div>


	    <div class="actions">
	        			
			   <div class="MUItemForTrolleyDiv MUItemForTrolley_157095" data-catentry="157095">
		         <div class="MUul_157095"><div class="MUli_157095 hidden" aria-hidden="true"><span class="inTrolley"><span class="MUSpan_157095">0</span> in trolley</span></div></div>
		       </div>
		        <p class="clear"></p>
			 
			<div class="member-usuals-remove">
				<a href="#"	class="action-removeFromUsuals usuals-remove">Remove from list <span class="accessibility">Betty Crocker Chocolate Fudge Cake Mix 583g</span></a>			
			</div>
			
				<div class="list">
					<a href="#"	class="action-addToList action-list-add">Add to list <span class="accessibility">Betty Crocker Chocolate Fudge Cake Mix 583g</span></a> 
				</div>
				<div class="member-list-add">
					<a href="#"	class="action-addToList action-list-add">Add to another list <span class="accessibility">Betty Crocker Chocolate Fudge Cake Mix 583g</span></a>
				</div>
			
			<div class="member-list-remove">
				 <a href="#" class="action-removeFromList">Remove from list <span class="accessibility">Betty Crocker Chocolate Fudge Cake Mix 583g</span></a> 
			</div>
			
				<div class="compareProd" role="presentation" aria-hidden="true">
					<a href="#" class="compare compare-add">Compare</a>
				</div>
			
				<a href="http://shop.coles.com.au/online/national/betty-crocker-cake-mix-chocolate-fudge" class="product-url accessibility">More details for Betty Crocker&nbsp;Chocolate Fudge Cake Mix</a>
			
		</div>  
      

       	
		    <div role="presentation" aria-hidden="true" id="share" class="share" data-social="{productImgUrl:'http://shop.coles.com.au:27900/wcsstore/Coles-CAS/images/9/4/9/9491284-th.jpg'
	                                               ,productDisplayUrl:'http://shop.coles.com.au/online/national/betty-crocker-cake-mix-chocolate-fudge'
	                                               ,title:'Betty Crocker Chocolate Fudge Cake Mix '
	                                               ,description:''}">
		 	</div>
 		
	</div>
</div>


	</form>
</div>


<span class="available hidden"></span>


<div class="outer-prod prodtile" 
		data-refresh='{
					catalogId: "10576",
					doInventory: "N",
					fulfillmentCenterId: "11576",
					forStoreId: "10401",
					
					productDisplayURL: "http://shop.coles.com.au/online/national/sanitarium-gluten-free-weet-bix"				
			}'>
	<form id="catEntryForm_377002" name="catEntryForm_377002" action="AjaxOrderChangeServiceItemAdd">
		
<div class=" " data-catentry="catEntry_377002" 
		data-refresh='{
				addCalculationUsage: "-1",
				langId: "-1",
				storeId: "10601", 
				catEntryId: "377002", 
				catEntryName: "Gluten Free Weet Bix", 
				productView: "list",
				productId: "377002",
				itemId: "377163",
				hideMultibuy: "false",
                ticketType: "",
                partNumber: "2001365",
                offerCode: "20141105"
		}'>
   	<div class="wrapper clearfix">   	
		

<h4 class="accessibility" id="heading_377002" tabindex="-1">
		Sanitarium&nbsp;Gluten Free Weet Bix&nbsp;
		375g&nbsp;
		 
</h4> 

<div class="offer-icon"></div>
<a role="presentation" aria-hidden="true" class="product-url" href="http://shop.coles.com.au/online/national/sanitarium-gluten-free-weet-bix" >
	    <img role="presentation" aria-hidden="true" class="photo" 
		 src="/wcsstore/Coles-CAS/images/2/0/0/2001365-th.jpg" 
		 onError="this.src='/wcsstore/ColesStorefrontAssetStore/dist/8784d175201f/images/spacer.gif'" 
		 alt="Gluten Free Weet Bix" 
		 width="110" 
		 height="110"/>
	</a>

<div class="detail">	
    <span role="presentation" aria-hidden="true"  class="brand">Sanitarium</span>
    <span class="item"  role="presentation" aria-hidden="true" >
        <a role="presentation" aria-hidden="true"   class="product-url" href="http://shop.coles.com.au/online/national/sanitarium-gluten-free-weet-bix">
        	Gluten Free Weet Bix&nbsp;
        	375g
        </a>
    </span>
	<span class="size">
			
 	</span>
</div>


	<div class="purchasing">	    
	    <div class="saving">
	    	
	    </div>
	   	
	    		<div class="price"><span class="accessibility">Purchase price </span><small>$</small>5.50</div>
	    	
	    <div class="unit-price"><span class="accessibility">Unit price </span>$1.47 per 100G</div>
	    <div class="special-offer">	    	
	    	
	    </div> 
	    <div class="availability">Temporarily unavailable</div>
	    <div class="purchase">
		
			<input type="number" title="Add Quantity for Sanitarium Gluten Free Weet Bix 375g" name="quantity" id="catEntry_377002_qty" value="1" maxlength="2" size="2" class="v-mandatory v-numeric v-minval-1">
	        <button role="button" type="submit" title="Add to trolley&nbsp;Sanitarium Gluten Free Weet Bix 375g" class="btn-red action-addToTrolley"><span role="presentation" aria-hidden="true">Add to trolley</span></button>
		
		</div>
	</div>
	<div class="lists">
		
	</div>


	    <div class="actions">
	        			
			   <div class="MUItemForTrolleyDiv MUItemForTrolley_377163" data-catentry="377163">
		         <div class="MUul_377163"><div class="MUli_377163 hidden" aria-hidden="true"><span class="inTrolley"><span class="MUSpan_377163">0</span> in trolley</span></div></div>
		       </div>
		        <p class="clear"></p>
			 
			<div class="member-usuals-remove">
				<a href="#"	class="action-removeFromUsuals usuals-remove">Remove from list <span class="accessibility">Sanitarium Gluten Free Weet Bix 375g</span></a>			
			</div>
			
				<div class="list">
					<a href="#"	class="action-addToList action-list-add">Add to list <span class="accessibility">Sanitarium Gluten Free Weet Bix 375g</span></a> 
				</div>
				<div class="member-list-add">
					<a href="#"	class="action-addToList action-list-add">Add to another list <span class="accessibility">Sanitarium Gluten Free Weet Bix 375g</span></a>
				</div>
			
			<div class="member-list-remove">
				 <a href="#" class="action-removeFromList">Remove from list <span class="accessibility">Sanitarium Gluten Free Weet Bix 375g</span></a> 
			</div>
			
				<div class="compareProd" role="presentation" aria-hidden="true">
					<a href="#" class="compare compare-add">Compare</a>
				</div>
			
				<a href="http://shop.coles.com.au/online/national/sanitarium-gluten-free-weet-bix" class="product-url accessibility">More details for Sanitarium&nbsp;Gluten Free Weet Bix</a>
			
		</div>  
      

       	
		    <div role="presentation" aria-hidden="true" id="share" class="share" data-social="{productImgUrl:'http://shop.coles.com.au:27900/wcsstore/Coles-CAS/images/2/0/0/2001365-th.jpg'
	                                               ,productDisplayUrl:'http://shop.coles.com.au/online/national/sanitarium-gluten-free-weet-bix'
	                                               ,title:'Sanitarium Gluten Free Weet Bix '
	                                               ,description:'If you&amp;#039;ve been avoiding gluten and haven&amp;#039;t had Weet-Bix in a while, then we&amp;#039;d like to say welcome back. Because Weet-Bix is now available in Gluten Free. Gluten Free Weet-Bix are made the same way as regular Weet-Bix, except in a separate factory dedicated to making gluten free products.'}">
		 	</div>
 		
	</div>
</div>


	</form>
</div>

					<div class="espot marketed-eSpot">
						
					</div>
					

<span class="available hidden"></span>


<div class="outer-prod prodtile" 
		data-refresh='{
					catalogId: "10576",
					doInventory: "N",
					fulfillmentCenterId: "11576",
					forStoreId: "10401",
					
					productDisplayURL: "http://shop.coles.com.au/online/national/betty-crocker-cake-mix-vanilla"				
			}'>
	<form id="catEntryForm_85097" name="catEntryForm_85097" action="AjaxOrderChangeServiceItemAdd">
		
<div class=" " data-catentry="catEntry_85097" 
		data-refresh='{
				addCalculationUsage: "-1",
				langId: "-1",
				storeId: "10601", 
				catEntryId: "85097", 
				catEntryName: "Vanilla Cake Mix", 
				productView: "list",
				productId: "85097",
				itemId: "147109",
				hideMultibuy: "false",
                ticketType: "",
                partNumber: "4525710",
                offerCode: "20141217"
		}'>
   	<div class="wrapper clearfix">   	
		

<h4 class="accessibility" id="heading_85097" tabindex="-1">
		Betty Crocker&nbsp;Vanilla Cake Mix&nbsp;
		600g&nbsp;
		 
</h4> 

<div class="offer-icon"></div>
<a role="presentation" aria-hidden="true" class="product-url" href="http://shop.coles.com.au/online/national/betty-crocker-cake-mix-vanilla" >
	    <img role="presentation" aria-hidden="true" class="photo" 
		 src="/wcsstore/Coles-CAS/images/4/5/2/4525710-th.jpg" 
		 onError="this.src='/wcsstore/ColesStorefrontAssetStore/dist/8784d175201f/images/spacer.gif'" 
		 alt="Vanilla Cake Mix" 
		 width="110" 
		 height="110"/>
	</a>

<div class="detail">	
    <span role="presentation" aria-hidden="true"  class="brand">Betty Crocker</span>
    <span class="item"  role="presentation" aria-hidden="true" >
        <a role="presentation" aria-hidden="true"   class="product-url" href="http://shop.coles.com.au/online/national/betty-crocker-cake-mix-vanilla">
        	Vanilla Cake Mix&nbsp;
        	600g
        </a>
    </span>
	<span class="size">
			
 	</span>
</div>


	<div class="purchasing">	    
	    <div class="saving">
	    	
	    </div>
	   	
	    		<div class="price"><span class="accessibility">Purchase price </span><small>$</small>5.71</div>
	    	
	    <div class="unit-price"><span class="accessibility">Unit price </span>$0.95 per 100G</div>
	    <div class="special-offer">	    	
	    	
	    </div> 
	    <div class="availability">Temporarily unavailable</div>
	    <div class="purchase">
		
			<input type="number" title="Add Quantity for Betty Crocker Vanilla Cake Mix 600g" name="quantity" id="catEntry_85097_qty" value="1" maxlength="2" size="2" class="v-mandatory v-numeric v-minval-1">
	        <button role="button" type="submit" title="Add to trolley&nbsp;Betty Crocker Vanilla Cake Mix 600g" class="btn-red action-addToTrolley"><span role="presentation" aria-hidden="true">Add to trolley</span></button>
		
		</div>
	</div>
	<div class="lists">
		
	</div>


	    <div class="actions">
	        			
			   <div class="MUItemForTrolleyDiv MUItemForTrolley_147109" data-catentry="147109">
		         <div class="MUul_147109"><div class="MUli_147109 hidden" aria-hidden="true"><span class="inTrolley"><span class="MUSpan_147109">0</span> in trolley</span></div></div>
		       </div>
		        <p class="clear"></p>
			 
			<div class="member-usuals-remove">
				<a href="#"	class="action-removeFromUsuals usuals-remove">Remove from list <span class="accessibility">Betty Crocker Vanilla Cake Mix 600g</span></a>			
			</div>
			
				<div class="list">
					<a href="#"	class="action-addToList action-list-add">Add to list <span class="accessibility">Betty Crocker Vanilla Cake Mix 600g</span></a> 
				</div>
				<div class="member-list-add">
					<a href="#"	class="action-addToList action-list-add">Add to another list <span class="accessibility">Betty Crocker Vanilla Cake Mix 600g</span></a>
				</div>
			
			<div class="member-list-remove">
				 <a href="#" class="action-removeFromList">Remove from list <span class="accessibility">Betty Crocker Vanilla Cake Mix 600g</span></a> 
			</div>
			
				<div class="compareProd" role="presentation" aria-hidden="true">
					<a href="#" class="compare compare-add">Compare</a>
				</div>
			
				<a href="http://shop.coles.com.au/online/national/betty-crocker-cake-mix-vanilla" class="product-url accessibility">More details for Betty Crocker&nbsp;Vanilla Cake Mix</a>
			
		</div>  
      

       	
		    <div role="presentation" aria-hidden="true" id="share" class="share" data-social="{productImgUrl:'http://shop.coles.com.au:27900/wcsstore/Coles-CAS/images/4/5/2/4525710-th.jpg'
	                                               ,productDisplayUrl:'http://shop.coles.com.au/online/national/betty-crocker-cake-mix-vanilla'
	                                               ,title:'Betty Crocker Vanilla Cake Mix '
	                                               ,description:''}">
		 	</div>
 		
	</div>
</div>


	</form>
</div>


<span class="available hidden"></span>


<div class="outer-prod prodtile" 
		data-refresh='{
					catalogId: "10576",
					doInventory: "N",
					fulfillmentCenterId: "11576",
					forStoreId: "10401",
					
					productDisplayURL: "http://shop.coles.com.au/online/national/betty-crocker-cake-mix-devils-food"				
			}'>
	<form id="catEntryForm_83568" name="catEntryForm_83568" action="AjaxOrderChangeServiceItemAdd">
		
<div class=" " data-catentry="catEntry_83568" 
		data-refresh='{
				addCalculationUsage: "-1",
				langId: "-1",
				storeId: "10601", 
				catEntryId: "83568", 
				catEntryName: "Devils Food Cake Mix", 
				productView: "list",
				productId: "83568",
				itemId: "145643",
				hideMultibuy: "false",
                ticketType: "",
                partNumber: "5028448",
                offerCode: "20141217"
		}'>
   	<div class="wrapper clearfix">   	
		

<h4 class="accessibility" id="heading_83568" tabindex="-1">
		Betty Crocker&nbsp;Devils Food Cake Mix&nbsp;
		583g&nbsp;
		 
</h4> 

<div class="offer-icon"></div>
<a role="presentation" aria-hidden="true" class="product-url" href="http://shop.coles.com.au/online/national/betty-crocker-cake-mix-devils-food" >
	    <img role="presentation" aria-hidden="true" class="photo" 
		 src="/wcsstore/Coles-CAS/images/5/0/2/5028448-th.jpg" 
		 onError="this.src='/wcsstore/ColesStorefrontAssetStore/dist/8784d175201f/images/spacer.gif'" 
		 alt="Devils Food Cake Mix" 
		 width="110" 
		 height="110"/>
	</a>

<div class="detail">	
    <span role="presentation" aria-hidden="true"  class="brand">Betty Crocker</span>
    <span class="item"  role="presentation" aria-hidden="true" >
        <a role="presentation" aria-hidden="true"   class="product-url" href="http://shop.coles.com.au/online/national/betty-crocker-cake-mix-devils-food">
        	Devils Food Cake Mix&nbsp;
        	583g
        </a>
    </span>
	<span class="size">
			
 	</span>
</div>


	<div class="purchasing">	    
	    <div class="saving">
	    	
	    </div>
	   	
	    		<div class="price"><span class="accessibility">Purchase price </span><small>$</small>5.71</div>
	    	
	    <div class="unit-price"><span class="accessibility">Unit price </span>$0.98 per 100G</div>
	    <div class="special-offer">	    	
	    	
	    </div> 
	    <div class="availability">Temporarily unavailable</div>
	    <div class="purchase">
		
			<input type="number" title="Add Quantity for Betty Crocker Devils Food Cake Mix 583g" name="quantity" id="catEntry_83568_qty" value="1" maxlength="2" size="2" class="v-mandatory v-numeric v-minval-1">
	        <button role="button" type="submit" title="Add to trolley&nbsp;Betty Crocker Devils Food Cake Mix 583g" class="btn-red action-addToTrolley"><span role="presentation" aria-hidden="true">Add to trolley</span></button>
		
		</div>
	</div>
	<div class="lists">
		
	</div>


	    <div class="actions">
	        			
			   <div class="MUItemForTrolleyDiv MUItemForTrolley_145643" data-catentry="145643">
		         <div class="MUul_145643"><div class="MUli_145643 hidden" aria-hidden="true"><span class="inTrolley"><span class="MUSpan_145643">0</span> in trolley</span></div></div>
		       </div>
		        <p class="clear"></p>
			 
			<div class="member-usuals-remove">
				<a href="#"	class="action-removeFromUsuals usuals-remove">Remove from list <span class="accessibility">Betty Crocker Devils Food Cake Mix 583g</span></a>			
			</div>
			
				<div class="list">
					<a href="#"	class="action-addToList action-list-add">Add to list <span class="accessibility">Betty Crocker Devils Food Cake Mix 583g</span></a> 
				</div>
				<div class="member-list-add">
					<a href="#"	class="action-addToList action-list-add">Add to another list <span class="accessibility">Betty Crocker Devils Food Cake Mix 583g</span></a>
				</div>
			
			<div class="member-list-remove">
				 <a href="#" class="action-removeFromList">Remove from list <span class="accessibility">Betty Crocker Devils Food Cake Mix 583g</span></a> 
			</div>
			
				<div class="compareProd" role="presentation" aria-hidden="true">
					<a href="#" class="compare compare-add">Compare</a>
				</div>
			
				<a href="http://shop.coles.com.au/online/national/betty-crocker-cake-mix-devils-food" class="product-url accessibility">More details for Betty Crocker&nbsp;Devils Food Cake Mix</a>
			
		</div>  
      

       	
		    <div role="presentation" aria-hidden="true" id="share" class="share" data-social="{productImgUrl:'http://shop.coles.com.au:27900/wcsstore/Coles-CAS/images/5/0/2/5028448-th.jpg'
	                                               ,productDisplayUrl:'http://shop.coles.com.au/online/national/betty-crocker-cake-mix-devils-food'
	                                               ,title:'Betty Crocker Devils Food Cake Mix '
	                                               ,description:'Super Moist Devil&amp;#039;s Food Cake Mix.'}">
		 	</div>
 		
	</div>
</div>


	</form>
</div>


<span class="available hidden"></span>


<div class="outer-prod prodtile" 
		data-refresh='{
					catalogId: "10576",
					doInventory: "N",
					fulfillmentCenterId: "11576",
					forStoreId: "10401",
					
					productDisplayURL: "http://shop.coles.com.au/online/national/betty-crocker-strawberry-and-cream-cake"				
			}'>
	<form id="catEntryForm_54524" name="catEntryForm_54524" action="AjaxOrderChangeServiceItemAdd">
		
<div class=" " data-catentry="catEntry_54524" 
		data-refresh='{
				addCalculationUsage: "-1",
				langId: "-1",
				storeId: "10601", 
				catEntryId: "54524", 
				catEntryName: "Strawberries &amp; Cream Cake Mix", 
				productView: "list",
				productId: "54524",
				itemId: "116952",
				hideMultibuy: "false",
                ticketType: "",
                partNumber: "8622026",
                offerCode: "20141217"
		}'>
   	<div class="wrapper clearfix">   	
		

<h4 class="accessibility" id="heading_54524" tabindex="-1">
		Betty Crocker&nbsp;Strawberries &amp; Cream Cake Mix&nbsp;
		550g&nbsp;
		 
</h4> 

<div class="offer-icon"></div>
<a role="presentation" aria-hidden="true" class="product-url" href="http://shop.coles.com.au/online/national/betty-crocker-strawberry-and-cream-cake" >
	    <img role="presentation" aria-hidden="true" class="photo" 
		 src="/wcsstore/Coles-CAS/images/8/6/2/8622026-th.jpg" 
		 onError="this.src='/wcsstore/ColesStorefrontAssetStore/dist/8784d175201f/images/spacer.gif'" 
		 alt="Strawberries &amp; Cream Cake Mix" 
		 width="110" 
		 height="110"/>
	</a>

<div class="detail">	
    <span role="presentation" aria-hidden="true"  class="brand">Betty Crocker</span>
    <span class="item"  role="presentation" aria-hidden="true" >
        <a role="presentation" aria-hidden="true"   class="product-url" href="http://shop.coles.com.au/online/national/betty-crocker-strawberry-and-cream-cake">
        	Strawberries & Cream Cake Mix&nbsp;
        	550g
        </a>
    </span>
	<span class="size">
			
 	</span>
</div>


	<div class="purchasing">	    
	    <div class="saving">
	    	
	    </div>
	   	
	    		<div class="price"><span class="accessibility">Purchase price </span><small>$</small>5.71</div>
	    	
	    <div class="unit-price"><span class="accessibility">Unit price </span>$1.04 per 100G</div>
	    <div class="special-offer">	    	
	    	
	    </div> 
	    <div class="availability">Temporarily unavailable</div>
	    <div class="purchase">
		
			<input type="number" title="Add Quantity for Betty Crocker Strawberries &amp; Cream Cake Mix 550g" name="quantity" id="catEntry_54524_qty" value="1" maxlength="2" size="2" class="v-mandatory v-numeric v-minval-1">
	        <button role="button" type="submit" title="Add to trolley&nbsp;Betty Crocker Strawberries &amp; Cream Cake Mix 550g" class="btn-red action-addToTrolley"><span role="presentation" aria-hidden="true">Add to trolley</span></button>
		
		</div>
	</div>
	<div class="lists">
		
	</div>


	    <div class="actions">
	        			
			   <div class="MUItemForTrolleyDiv MUItemForTrolley_116952" data-catentry="116952">
		         <div class="MUul_116952"><div class="MUli_116952 hidden" aria-hidden="true"><span class="inTrolley"><span class="MUSpan_116952">0</span> in trolley</span></div></div>
		       </div>
		        <p class="clear"></p>
			 
			<div class="member-usuals-remove">
				<a href="#"	class="action-removeFromUsuals usuals-remove">Remove from list <span class="accessibility">Betty Crocker Strawberries &amp; Cream Cake Mix 550g</span></a>			
			</div>
			
				<div class="list">
					<a href="#"	class="action-addToList action-list-add">Add to list <span class="accessibility">Betty Crocker Strawberries &amp; Cream Cake Mix 550g</span></a> 
				</div>
				<div class="member-list-add">
					<a href="#"	class="action-addToList action-list-add">Add to another list <span class="accessibility">Betty Crocker Strawberries &amp; Cream Cake Mix 550g</span></a>
				</div>
			
			<div class="member-list-remove">
				 <a href="#" class="action-removeFromList">Remove from list <span class="accessibility">Betty Crocker Strawberries &amp; Cream Cake Mix 550g</span></a> 
			</div>
			
				<div class="compareProd" role="presentation" aria-hidden="true">
					<a href="#" class="compare compare-add">Compare</a>
				</div>
			
				<a href="http://shop.coles.com.au/online/national/betty-crocker-strawberry-and-cream-cake" class="product-url accessibility">More details for Betty Crocker&nbsp;Strawberries & Cream Cake Mix</a>
			
		</div>  
      

       	
		    <div role="presentation" aria-hidden="true" id="share" class="share" data-social="{productImgUrl:'http://shop.coles.com.au:27900/wcsstore/Coles-CAS/images/8/6/2/8622026-th.jpg'
	                                               ,productDisplayUrl:'http://shop.coles.com.au/online/national/betty-crocker-strawberry-and-cream-cake'
	                                               ,title:'Betty Crocker Strawberries &amp; Cream Cake Mix '
	                                               ,description:'Strawberry Flavoured Cake with Creamy Vanilla Frosting.'}">
		 	</div>
 		
	</div>
</div>


	</form>
</div>


<span class="available hidden"></span>


<div class="outer-prod prodtile" 
		data-refresh='{
					catalogId: "10576",
					doInventory: "N",
					fulfillmentCenterId: "11576",
					forStoreId: "10401",
					
					productDisplayURL: "http://shop.coles.com.au/online/national/wrigleys-extra-white-peppermint-46-pack"				
			}'>
	<form id="catEntryForm_79575" name="catEntryForm_79575" action="AjaxOrderChangeServiceItemAdd">
		
<div class=" " data-catentry="catEntry_79575" 
		data-refresh='{
				addCalculationUsage: "-1",
				langId: "-1",
				storeId: "10601", 
				catEntryId: "79575", 
				catEntryName: "Extra White Peppermint Chewing Gum Bottle 46 Pack", 
				productView: "list",
				productId: "79575",
				itemId: "140957",
				hideMultibuy: "false",
                ticketType: "",
                partNumber: "5727695",
                offerCode: "20140521"
		}'>
   	<div class="wrapper clearfix">   	
		

<h4 class="accessibility" id="heading_79575" tabindex="-1">
		Wrigley&nbsp;Extra White Peppermint Chewing Gum Bottle 46 Pack&nbsp;
		64g&nbsp;
		 
</h4> 

<div class="offer-icon"></div>
<a role="presentation" aria-hidden="true" class="product-url" href="http://shop.coles.com.au/online/national/wrigleys-extra-white-peppermint-46-pack" >
	    <img role="presentation" aria-hidden="true" class="photo" 
		 src="/wcsstore/Coles-CAS/images/5/7/2/5727695-th.jpg" 
		 onError="this.src='/wcsstore/ColesStorefrontAssetStore/dist/8784d175201f/images/spacer.gif'" 
		 alt="Extra White Peppermint Chewing Gum Bottle 46 Pack" 
		 width="110" 
		 height="110"/>
	</a>

<div class="detail">	
    <span role="presentation" aria-hidden="true"  class="brand">Wrigley</span>
    <span class="item"  role="presentation" aria-hidden="true" >
        <a role="presentation" aria-hidden="true"   class="product-url" href="http://shop.coles.com.au/online/national/wrigleys-extra-white-peppermint-46-pack">
        	Extra White Peppermint Chewing Gum Bottle 46 Pack&nbsp;
        	64g
        </a>
    </span>
	<span class="size">
			
 	</span>
</div>


	<div class="purchasing">	    
	    <div class="saving">
	    	
	    </div>
	   	
	    		<div class="price"><span class="accessibility">Purchase price </span><small>$</small>4.40</div>
	    	
	    <div class="unit-price"><span class="accessibility">Unit price </span>$6.88 per 100G</div>
	    <div class="special-offer">	    	
	    	
	    </div> 
	    <div class="availability">Temporarily unavailable</div>
	    <div class="purchase">
		
			<input type="number" title="Add Quantity for Wrigley Extra White Peppermint Chewing Gum Bottle 46 Pack 64g" name="quantity" id="catEntry_79575_qty" value="1" maxlength="2" size="2" class="v-mandatory v-numeric v-minval-1">
	        <button role="button" type="submit" title="Add to trolley&nbsp;Wrigley Extra White Peppermint Chewing Gum Bottle 46 Pack 64g" class="btn-red action-addToTrolley"><span role="presentation" aria-hidden="true">Add to trolley</span></button>
		
		</div>
	</div>
	<div class="lists">
		
	</div>


	    <div class="actions">
	        			
			   <div class="MUItemForTrolleyDiv MUItemForTrolley_140957" data-catentry="140957">
		         <div class="MUul_140957"><div class="MUli_140957 hidden" aria-hidden="true"><span class="inTrolley"><span class="MUSpan_140957">0</span> in trolley</span></div></div>
		       </div>
		        <p class="clear"></p>
			 
			<div class="member-usuals-remove">
				<a href="#"	class="action-removeFromUsuals usuals-remove">Remove from list <span class="accessibility">Wrigley Extra White Peppermint Chewing Gum Bottle 46 Pack 64g</span></a>			
			</div>
			
				<div class="list">
					<a href="#"	class="action-addToList action-list-add">Add to list <span class="accessibility">Wrigley Extra White Peppermint Chewing Gum Bottle 46 Pack 64g</span></a> 
				</div>
				<div class="member-list-add">
					<a href="#"	class="action-addToList action-list-add">Add to another list <span class="accessibility">Wrigley Extra White Peppermint Chewing Gum Bottle 46 Pack 64g</span></a>
				</div>
			
			<div class="member-list-remove">
				 <a href="#" class="action-removeFromList">Remove from list <span class="accessibility">Wrigley Extra White Peppermint Chewing Gum Bottle 46 Pack 64g</span></a> 
			</div>
			
				<div class="compareProd" role="presentation" aria-hidden="true">
					<a href="#" class="compare compare-add">Compare</a>
				</div>
			
				<a href="http://shop.coles.com.au/online/national/wrigleys-extra-white-peppermint-46-pack" class="product-url accessibility">More details for Wrigley&nbsp;Extra White Peppermint Chewing Gum Bottle 46 Pack</a>
			
		</div>  
      

       	
		    <div role="presentation" aria-hidden="true" id="share" class="share" data-social="{productImgUrl:'http://shop.coles.com.au:27900/wcsstore/Coles-CAS/images/5/7/2/5727695-th.jpg'
	                                               ,productDisplayUrl:'http://shop.coles.com.au/online/national/wrigleys-extra-white-peppermint-46-pack'
	                                               ,title:'Wrigley Extra White Peppermint Chewing Gum Bottle 46 Pack '
	                                               ,description:'Extra Professional White- Whitens Teeth.'}">
		 	</div>
 		
	</div>
</div>


	</form>
</div>


<span class="available hidden"></span>


<div class="outer-prod prodtile" 
		data-refresh='{
					catalogId: "10576",
					doInventory: "N",
					fulfillmentCenterId: "11576",
					forStoreId: "10401",
					
					productDisplayURL: "http://shop.coles.com.au/online/national/wrigley-extra-spearmint-chewing-gum-bottle-46-pack"				
			}'>
	<form id="catEntryForm_342002" name="catEntryForm_342002" action="AjaxOrderChangeServiceItemAdd">
		
<div class=" " data-catentry="catEntry_342002" 
		data-refresh='{
				addCalculationUsage: "-1",
				langId: "-1",
				storeId: "10601", 
				catEntryId: "342002", 
				catEntryName: "Extra Spearmint Chewing Gum Bottle 46 pack", 
				productView: "list",
				productId: "342002",
				itemId: "342004",
				hideMultibuy: "false",
                ticketType: "",
                partNumber: "1804513",
                offerCode: "20140519"
		}'>
   	<div class="wrapper clearfix">   	
		

<h4 class="accessibility" id="heading_342002" tabindex="-1">
		Wrigley&nbsp;Extra Spearmint Chewing Gum Bottle 46 pack&nbsp;
		64g&nbsp;
		 
</h4> 

<div class="offer-icon"></div>
<a role="presentation" aria-hidden="true" class="product-url" href="http://shop.coles.com.au/online/national/wrigley-extra-spearmint-chewing-gum-bottle-46-pack" >
	    <img role="presentation" aria-hidden="true" class="photo" 
		 src="/wcsstore/Coles-CAS/images/1/8/0/1804513-th.jpg" 
		 onError="this.src='/wcsstore/ColesStorefrontAssetStore/dist/8784d175201f/images/spacer.gif'" 
		 alt="Extra Spearmint Chewing Gum Bottle 46 pack" 
		 width="110" 
		 height="110"/>
	</a>

<div class="detail">	
    <span role="presentation" aria-hidden="true"  class="brand">Wrigley</span>
    <span class="item"  role="presentation" aria-hidden="true" >
        <a role="presentation" aria-hidden="true"   class="product-url" href="http://shop.coles.com.au/online/national/wrigley-extra-spearmint-chewing-gum-bottle-46-pack">
        	Extra Spearmint Chewing Gum Bottle 46 pack&nbsp;
        	64g
        </a>
    </span>
	<span class="size">
			
 	</span>
</div>


	<div class="purchasing">	    
	    <div class="saving">
	    	
	    </div>
	   	
	    		<div class="price"><span class="accessibility">Purchase price </span><small>$</small>4.40</div>
	    	
	    <div class="unit-price"><span class="accessibility">Unit price </span>$6.88 per 100G</div>
	    <div class="special-offer">	    	
	    	
	    </div> 
	    <div class="availability">Temporarily unavailable</div>
	    <div class="purchase">
		
			<input type="number" title="Add Quantity for Wrigley Extra Spearmint Chewing Gum Bottle 46 pack 64g" name="quantity" id="catEntry_342002_qty" value="1" maxlength="2" size="2" class="v-mandatory v-numeric v-minval-1">
	        <button role="button" type="submit" title="Add to trolley&nbsp;Wrigley Extra Spearmint Chewing Gum Bottle 46 pack 64g" class="btn-red action-addToTrolley"><span role="presentation" aria-hidden="true">Add to trolley</span></button>
		
		</div>
	</div>
	<div class="lists">
		
	</div>


	    <div class="actions">
	        			
			   <div class="MUItemForTrolleyDiv MUItemForTrolley_342004" data-catentry="342004">
		         <div class="MUul_342004"><div class="MUli_342004 hidden" aria-hidden="true"><span class="inTrolley"><span class="MUSpan_342004">0</span> in trolley</span></div></div>
		       </div>
		        <p class="clear"></p>
			 
			<div class="member-usuals-remove">
				<a href="#"	class="action-removeFromUsuals usuals-remove">Remove from list <span class="accessibility">Wrigley Extra Spearmint Chewing Gum Bottle 46 pack 64g</span></a>			
			</div>
			
				<div class="list">
					<a href="#"	class="action-addToList action-list-add">Add to list <span class="accessibility">Wrigley Extra Spearmint Chewing Gum Bottle 46 pack 64g</span></a> 
				</div>
				<div class="member-list-add">
					<a href="#"	class="action-addToList action-list-add">Add to another list <span class="accessibility">Wrigley Extra Spearmint Chewing Gum Bottle 46 pack 64g</span></a>
				</div>
			
			<div class="member-list-remove">
				 <a href="#" class="action-removeFromList">Remove from list <span class="accessibility">Wrigley Extra Spearmint Chewing Gum Bottle 46 pack 64g</span></a> 
			</div>
			
				<div class="compareProd" role="presentation" aria-hidden="true">
					<a href="#" class="compare compare-add">Compare</a>
				</div>
			
				<a href="http://shop.coles.com.au/online/national/wrigley-extra-spearmint-chewing-gum-bottle-46-pack" class="product-url accessibility">More details for Wrigley&nbsp;Extra Spearmint Chewing Gum Bottle 46 pack</a>
			
		</div>  
      

       	
		    <div role="presentation" aria-hidden="true" id="share" class="share" data-social="{productImgUrl:'http://shop.coles.com.au:27900/wcsstore/Coles-CAS/images/1/8/0/1804513-th.jpg'
	                                               ,productDisplayUrl:'http://shop.coles.com.au/online/national/wrigley-extra-spearmint-chewing-gum-bottle-46-pack'
	                                               ,title:'Wrigley Extra Spearmint Chewing Gum Bottle 46 pack '
	                                               ,description:''}">
		 	</div>
 		
	</div>
</div>


	</form>
</div>


<span class="available hidden"></span>


<div class="outer-prod prodtile" 
		data-refresh='{
					catalogId: "10576",
					doInventory: "N",
					fulfillmentCenterId: "11576",
					forStoreId: "10401",
					
					productDisplayURL: "http://shop.coles.com.au/online/national/wrigley-extra-peppermint-chewing-gum-bottle-46-pack"				
			}'>
	<form id="catEntryForm_342003" name="catEntryForm_342003" action="AjaxOrderChangeServiceItemAdd">
		
<div class=" " data-catentry="catEntry_342003" 
		data-refresh='{
				addCalculationUsage: "-1",
				langId: "-1",
				storeId: "10601", 
				catEntryId: "342003", 
				catEntryName: "Extra Peppermint Chewing Gum Bottle 46 pack", 
				productView: "list",
				productId: "342003",
				itemId: "342006",
				hideMultibuy: "false",
                ticketType: "",
                partNumber: "1804502",
                offerCode: "20140519"
		}'>
   	<div class="wrapper clearfix">   	
		

<h4 class="accessibility" id="heading_342003" tabindex="-1">
		Wrigley&nbsp;Extra Peppermint Chewing Gum Bottle 46 pack&nbsp;
		64g&nbsp;
		 
</h4> 

<div class="offer-icon"></div>
<a role="presentation" aria-hidden="true" class="product-url" href="http://shop.coles.com.au/online/national/wrigley-extra-peppermint-chewing-gum-bottle-46-pack" >
	    <img role="presentation" aria-hidden="true" class="photo" 
		 src="/wcsstore/Coles-CAS/images/1/8/0/1804502-th.jpg" 
		 onError="this.src='/wcsstore/ColesStorefrontAssetStore/dist/8784d175201f/images/spacer.gif'" 
		 alt="Extra Peppermint Chewing Gum Bottle 46 pack" 
		 width="110" 
		 height="110"/>
	</a>

<div class="detail">	
    <span role="presentation" aria-hidden="true"  class="brand">Wrigley</span>
    <span class="item"  role="presentation" aria-hidden="true" >
        <a role="presentation" aria-hidden="true"   class="product-url" href="http://shop.coles.com.au/online/national/wrigley-extra-peppermint-chewing-gum-bottle-46-pack">
        	Extra Peppermint Chewing Gum Bottle 46 pack&nbsp;
        	64g
        </a>
    </span>
	<span class="size">
			
 	</span>
</div>


	<div class="purchasing">	    
	    <div class="saving">
	    	
	    </div>
	   	
	    		<div class="price"><span class="accessibility">Purchase price </span><small>$</small>4.40</div>
	    	
	    <div class="unit-price"><span class="accessibility">Unit price </span>$6.88 per 100G</div>
	    <div class="special-offer">	    	
	    	
	    </div> 
	    <div class="availability">Temporarily unavailable</div>
	    <div class="purchase">
		
			<input type="number" title="Add Quantity for Wrigley Extra Peppermint Chewing Gum Bottle 46 pack 64g" name="quantity" id="catEntry_342003_qty" value="1" maxlength="2" size="2" class="v-mandatory v-numeric v-minval-1">
	        <button role="button" type="submit" title="Add to trolley&nbsp;Wrigley Extra Peppermint Chewing Gum Bottle 46 pack 64g" class="btn-red action-addToTrolley"><span role="presentation" aria-hidden="true">Add to trolley</span></button>
		
		</div>
	</div>
	<div class="lists">
		
	</div>


	    <div class="actions">
	        			
			   <div class="MUItemForTrolleyDiv MUItemForTrolley_342006" data-catentry="342006">
		         <div class="MUul_342006"><div class="MUli_342006 hidden" aria-hidden="true"><span class="inTrolley"><span class="MUSpan_342006">0</span> in trolley</span></div></div>
		       </div>
		        <p class="clear"></p>
			 
			<div class="member-usuals-remove">
				<a href="#"	class="action-removeFromUsuals usuals-remove">Remove from list <span class="accessibility">Wrigley Extra Peppermint Chewing Gum Bottle 46 pack 64g</span></a>			
			</div>
			
				<div class="list">
					<a href="#"	class="action-addToList action-list-add">Add to list <span class="accessibility">Wrigley Extra Peppermint Chewing Gum Bottle 46 pack 64g</span></a> 
				</div>
				<div class="member-list-add">
					<a href="#"	class="action-addToList action-list-add">Add to another list <span class="accessibility">Wrigley Extra Peppermint Chewing Gum Bottle 46 pack 64g</span></a>
				</div>
			
			<div class="member-list-remove">
				 <a href="#" class="action-removeFromList">Remove from list <span class="accessibility">Wrigley Extra Peppermint Chewing Gum Bottle 46 pack 64g</span></a> 
			</div>
			
				<div class="compareProd" role="presentation" aria-hidden="true">
					<a href="#" class="compare compare-add">Compare</a>
				</div>
			
				<a href="http://shop.coles.com.au/online/national/wrigley-extra-peppermint-chewing-gum-bottle-46-pack" class="product-url accessibility">More details for Wrigley&nbsp;Extra Peppermint Chewing Gum Bottle 46 pack</a>
			
		</div>  
      

       	
		    <div role="presentation" aria-hidden="true" id="share" class="share" data-social="{productImgUrl:'http://shop.coles.com.au:27900/wcsstore/Coles-CAS/images/1/8/0/1804502-th.jpg'
	                                               ,productDisplayUrl:'http://shop.coles.com.au/online/national/wrigley-extra-peppermint-chewing-gum-bottle-46-pack'
	                                               ,title:'Wrigley Extra Peppermint Chewing Gum Bottle 46 pack '
	                                               ,description:''}">
		 	</div>
 		
	</div>
</div>


	</form>
</div>


<span class="available hidden"></span>


<div class="outer-prod prodtile" 
		data-refresh='{
					catalogId: "10576",
					doInventory: "N",
					fulfillmentCenterId: "11576",
					forStoreId: "10401",
					
					productDisplayURL: "http://shop.coles.com.au/online/national/wrigleys-extra-chewing-gum-white"				
			}'>
	<form id="catEntryForm_104641" name="catEntryForm_104641" action="AjaxOrderChangeServiceItemAdd">
		
<div class=" " data-catentry="catEntry_104641" 
		data-refresh='{
				addCalculationUsage: "-1",
				langId: "-1",
				storeId: "10601", 
				catEntryId: "104641", 
				catEntryName: "Extra White Chewing Gum 4 pack", 
				productView: "list",
				productId: "104641",
				itemId: "108284",
				hideMultibuy: "false",
                ticketType: "",
                partNumber: "8752316",
                offerCode: "20140329"
		}'>
   	<div class="wrapper clearfix">   	
		

<h4 class="accessibility" id="heading_104641" tabindex="-1">
		Wrigley&nbsp;Extra White Chewing Gum 4 pack&nbsp;
		56g&nbsp;
		 
</h4> 

<div class="offer-icon"></div>
<a role="presentation" aria-hidden="true" class="product-url" href="http://shop.coles.com.au/online/national/wrigleys-extra-chewing-gum-white" >
	    <img role="presentation" aria-hidden="true" class="photo" 
		 src="/wcsstore/Coles-CAS/images/8/7/5/8752316-th.jpg" 
		 onError="this.src='/wcsstore/ColesStorefrontAssetStore/dist/8784d175201f/images/spacer.gif'" 
		 alt="Extra White Chewing Gum 4 pack" 
		 width="110" 
		 height="110"/>
	</a>

<div class="detail">	
    <span role="presentation" aria-hidden="true"  class="brand">Wrigley</span>
    <span class="item"  role="presentation" aria-hidden="true" >
        <a role="presentation" aria-hidden="true"   class="product-url" href="http://shop.coles.com.au/online/national/wrigleys-extra-chewing-gum-white">
        	Extra White Chewing Gum 4 pack&nbsp;
        	56g
        </a>
    </span>
	<span class="size">
			
 	</span>
</div>


	<div class="purchasing">	    
	    <div class="saving">
	    	
	    </div>
	   	
	    		<div class="price"><span class="accessibility">Purchase price </span><small>$</small>3.62</div>
	    	
	    <div class="unit-price"><span class="accessibility">Unit price </span>$6.46 per 100G</div>
	    <div class="special-offer">	    	
	    	
	    </div> 
	    <div class="availability">Temporarily unavailable</div>
	    <div class="purchase">
		
			<input type="number" title="Add Quantity for Wrigley Extra White Chewing Gum 4 pack 56g" name="quantity" id="catEntry_104641_qty" value="1" maxlength="2" size="2" class="v-mandatory v-numeric v-minval-1">
	        <button role="button" type="submit" title="Add to trolley&nbsp;Wrigley Extra White Chewing Gum 4 pack 56g" class="btn-red action-addToTrolley"><span role="presentation" aria-hidden="true">Add to trolley</span></button>
		
		</div>
	</div>
	<div class="lists">
		
	</div>


	    <div class="actions">
	        			
			   <div class="MUItemForTrolleyDiv MUItemForTrolley_108284" data-catentry="108284">
		         <div class="MUul_108284"><div class="MUli_108284 hidden" aria-hidden="true"><span class="inTrolley"><span class="MUSpan_108284">0</span> in trolley</span></div></div>
		       </div>
		        <p class="clear"></p>
			 
			<div class="member-usuals-remove">
				<a href="#"	class="action-removeFromUsuals usuals-remove">Remove from list <span class="accessibility">Wrigley Extra White Chewing Gum 4 pack 56g</span></a>			
			</div>
			
				<div class="list">
					<a href="#"	class="action-addToList action-list-add">Add to list <span class="accessibility">Wrigley Extra White Chewing Gum 4 pack 56g</span></a> 
				</div>
				<div class="member-list-add">
					<a href="#"	class="action-addToList action-list-add">Add to another list <span class="accessibility">Wrigley Extra White Chewing Gum 4 pack 56g</span></a>
				</div>
			
			<div class="member-list-remove">
				 <a href="#" class="action-removeFromList">Remove from list <span class="accessibility">Wrigley Extra White Chewing Gum 4 pack 56g</span></a> 
			</div>
			
				<div class="compareProd" role="presentation" aria-hidden="true">
					<a href="#" class="compare compare-add">Compare</a>
				</div>
			
				<a href="http://shop.coles.com.au/online/national/wrigleys-extra-chewing-gum-white" class="product-url accessibility">More details for Wrigley&nbsp;Extra White Chewing Gum 4 pack</a>
			
		</div>  
      

       	
		    <div role="presentation" aria-hidden="true" id="share" class="share" data-social="{productImgUrl:'http://shop.coles.com.au:27900/wcsstore/Coles-CAS/images/8/7/5/8752316-th.jpg'
	                                               ,productDisplayUrl:'http://shop.coles.com.au/online/national/wrigleys-extra-chewing-gum-white'
	                                               ,title:'Wrigley Extra White Chewing Gum 4 pack '
	                                               ,description:'Whitens teeth. Sugarfree gum.'}">
		 	</div>
 		
	</div>
</div>


	</form>
</div>


<span class="available hidden"></span>


<div class="outer-prod prodtile" 
		data-refresh='{
					catalogId: "10576",
					doInventory: "N",
					fulfillmentCenterId: "11576",
					forStoreId: "10401",
					
					productDisplayURL: "http://shop.coles.com.au/online/national/wrigleys-5-chewing-gum-multipack-electro"				
			}'>
	<form id="catEntryForm_66628" name="catEntryForm_66628" action="AjaxOrderChangeServiceItemAdd">
		
<div class=" " data-catentry="catEntry_66628" 
		data-refresh='{
				addCalculationUsage: "-1",
				langId: "-1",
				storeId: "10601", 
				catEntryId: "66628", 
				catEntryName: "5 Electro Chewing Gum 2 pack", 
				productView: "list",
				productId: "66628",
				itemId: "129474",
				hideMultibuy: "false",
                ticketType: "",
                partNumber: "7128512",
                offerCode: "20140329"
		}'>
   	<div class="wrapper clearfix">   	
		

<h4 class="accessibility" id="heading_66628" tabindex="-1">
		Wrigley&nbsp;5 Electro Chewing Gum 2 pack&nbsp;
		64g&nbsp;
		 
</h4> 

<div class="offer-icon"></div>
<a role="presentation" aria-hidden="true" class="product-url" href="http://shop.coles.com.au/online/national/wrigleys-5-chewing-gum-multipack-electro" >
	    <img role="presentation" aria-hidden="true" class="photo" 
		 src="/wcsstore/Coles-CAS/images/7/1/2/7128512-th.jpg" 
		 onError="this.src='/wcsstore/ColesStorefrontAssetStore/dist/8784d175201f/images/spacer.gif'" 
		 alt="5 Electro Chewing Gum 2 pack" 
		 width="110" 
		 height="110"/>
	</a>

<div class="detail">	
    <span role="presentation" aria-hidden="true"  class="brand">Wrigley</span>
    <span class="item"  role="presentation" aria-hidden="true" >
        <a role="presentation" aria-hidden="true"   class="product-url" href="http://shop.coles.com.au/online/national/wrigleys-5-chewing-gum-multipack-electro">
        	5 Electro Chewing Gum 2 pack&nbsp;
        	64g
        </a>
    </span>
	<span class="size">
			
 	</span>
</div>


	<div class="purchasing">	    
	    <div class="saving">
	    	
	    </div>
	   	
	    		<div class="price"><span class="accessibility">Purchase price </span><small>$</small>4.40</div>
	    	
	    <div class="unit-price"><span class="accessibility">Unit price </span>$6.88 per 100G</div>
	    <div class="special-offer">	    	
	    	
	    </div> 
	    <div class="availability">Temporarily unavailable</div>
	    <div class="purchase">
		
			<input type="number" title="Add Quantity for Wrigley 5 Electro Chewing Gum 2 pack 64g" name="quantity" id="catEntry_66628_qty" value="1" maxlength="2" size="2" class="v-mandatory v-numeric v-minval-1">
	        <button role="button" type="submit" title="Add to trolley&nbsp;Wrigley 5 Electro Chewing Gum 2 pack 64g" class="btn-red action-addToTrolley"><span role="presentation" aria-hidden="true">Add to trolley</span></button>
		
		</div>
	</div>
	<div class="lists">
		
	</div>


	    <div class="actions">
	        			
			   <div class="MUItemForTrolleyDiv MUItemForTrolley_129474" data-catentry="129474">
		         <div class="MUul_129474"><div class="MUli_129474 hidden" aria-hidden="true"><span class="inTrolley"><span class="MUSpan_129474">0</span> in trolley</span></div></div>
		       </div>
		        <p class="clear"></p>
			 
			<div class="member-usuals-remove">
				<a href="#"	class="action-removeFromUsuals usuals-remove">Remove from list <span class="accessibility">Wrigley 5 Electro Chewing Gum 2 pack 64g</span></a>			
			</div>
			
				<div class="list">
					<a href="#"	class="action-addToList action-list-add">Add to list <span class="accessibility">Wrigley 5 Electro Chewing Gum 2 pack 64g</span></a> 
				</div>
				<div class="member-list-add">
					<a href="#"	class="action-addToList action-list-add">Add to another list <span class="accessibility">Wrigley 5 Electro Chewing Gum 2 pack 64g</span></a>
				</div>
			
			<div class="member-list-remove">
				 <a href="#" class="action-removeFromList">Remove from list <span class="accessibility">Wrigley 5 Electro Chewing Gum 2 pack 64g</span></a> 
			</div>
			
				<div class="compareProd" role="presentation" aria-hidden="true">
					<a href="#" class="compare compare-add">Compare</a>
				</div>
			
				<a href="http://shop.coles.com.au/online/national/wrigleys-5-chewing-gum-multipack-electro" class="product-url accessibility">More details for Wrigley&nbsp;5 Electro Chewing Gum 2 pack</a>
			
		</div>  
      

       	
		    <div role="presentation" aria-hidden="true" id="share" class="share" data-social="{productImgUrl:'http://shop.coles.com.au:27900/wcsstore/Coles-CAS/images/7/1/2/7128512-th.jpg'
	                                               ,productDisplayUrl:'http://shop.coles.com.au/online/national/wrigleys-5-chewing-gum-multipack-electro'
	                                               ,title:'Wrigley 5 Electro Chewing Gum 2 pack '
	                                               ,description:'A Tingling Spearmint Flavour.'}">
		 	</div>
 		
	</div>
</div>


	</form>
</div>


<span class="available hidden"></span>


<div class="outer-prod prodtile" 
		data-refresh='{
					catalogId: "10576",
					doInventory: "N",
					fulfillmentCenterId: "11576",
					forStoreId: "10401",
					
					productDisplayURL: "http://shop.coles.com.au/online/national/wrigleys-5-chewing-gum-tempest-multipack"				
			}'>
	<form id="catEntryForm_65588" name="catEntryForm_65588" action="AjaxOrderChangeServiceItemAdd">
		
<div class=" " data-catentry="catEntry_65588" 
		data-refresh='{
				addCalculationUsage: "-1",
				langId: "-1",
				storeId: "10601", 
				catEntryId: "65588", 
				catEntryName: "5 Tempest Chewing Gum 2 pack", 
				productView: "list",
				productId: "65588",
				itemId: "124145",
				hideMultibuy: "false",
                ticketType: "",
                partNumber: "7517026",
                offerCode: "20140329"
		}'>
   	<div class="wrapper clearfix">   	
		

<h4 class="accessibility" id="heading_65588" tabindex="-1">
		Wrigley&nbsp;5 Tempest Chewing Gum 2 pack&nbsp;
		64g&nbsp;
		 
</h4> 

<div class="offer-icon"></div>
<a role="presentation" aria-hidden="true" class="product-url" href="http://shop.coles.com.au/online/national/wrigleys-5-chewing-gum-tempest-multipack" >
	    <img role="presentation" aria-hidden="true" class="photo" 
		 src="/wcsstore/Coles-CAS/images/7/5/1/7517026-th.jpg" 
		 onError="this.src='/wcsstore/ColesStorefrontAssetStore/dist/8784d175201f/images/spacer.gif'" 
		 alt="5 Tempest Chewing Gum 2 pack" 
		 width="110" 
		 height="110"/>
	</a>

<div class="detail">	
    <span role="presentation" aria-hidden="true"  class="brand">Wrigley</span>
    <span class="item"  role="presentation" aria-hidden="true" >
        <a role="presentation" aria-hidden="true"   class="product-url" href="http://shop.coles.com.au/online/national/wrigleys-5-chewing-gum-tempest-multipack">
        	5 Tempest Chewing Gum 2 pack&nbsp;
        	64g
        </a>
    </span>
	<span class="size">
			
 	</span>
</div>


	<div class="purchasing">	    
	    <div class="saving">
	    	
	    </div>
	   	
	    		<div class="price"><span class="accessibility">Purchase price </span><small>$</small>4.40</div>
	    	
	    <div class="unit-price"><span class="accessibility">Unit price </span>$6.88 per 100G</div>
	    <div class="special-offer">	    	
	    	
	    </div> 
	    <div class="availability">Temporarily unavailable</div>
	    <div class="purchase">
		
			<input type="number" title="Add Quantity for Wrigley 5 Tempest Chewing Gum 2 pack 64g" name="quantity" id="catEntry_65588_qty" value="1" maxlength="2" size="2" class="v-mandatory v-numeric v-minval-1">
	        <button role="button" type="submit" title="Add to trolley&nbsp;Wrigley 5 Tempest Chewing Gum 2 pack 64g" class="btn-red action-addToTrolley"><span role="presentation" aria-hidden="true">Add to trolley</span></button>
		
		</div>
	</div>
	<div class="lists">
		
	</div>


	    <div class="actions">
	        			
			   <div class="MUItemForTrolleyDiv MUItemForTrolley_124145" data-catentry="124145">
		         <div class="MUul_124145"><div class="MUli_124145 hidden" aria-hidden="true"><span class="inTrolley"><span class="MUSpan_124145">0</span> in trolley</span></div></div>
		       </div>
		        <p class="clear"></p>
			 
			<div class="member-usuals-remove">
				<a href="#"	class="action-removeFromUsuals usuals-remove">Remove from list <span class="accessibility">Wrigley 5 Tempest Chewing Gum 2 pack 64g</span></a>			
			</div>
			
				<div class="list">
					<a href="#"	class="action-addToList action-list-add">Add to list <span class="accessibility">Wrigley 5 Tempest Chewing Gum 2 pack 64g</span></a> 
				</div>
				<div class="member-list-add">
					<a href="#"	class="action-addToList action-list-add">Add to another list <span class="accessibility">Wrigley 5 Tempest Chewing Gum 2 pack 64g</span></a>
				</div>
			
			<div class="member-list-remove">
				 <a href="#" class="action-removeFromList">Remove from list <span class="accessibility">Wrigley 5 Tempest Chewing Gum 2 pack 64g</span></a> 
			</div>
			
				<div class="compareProd" role="presentation" aria-hidden="true">
					<a href="#" class="compare compare-add">Compare</a>
				</div>
			
				<a href="http://shop.coles.com.au/online/national/wrigleys-5-chewing-gum-tempest-multipack" class="product-url accessibility">More details for Wrigley&nbsp;5 Tempest Chewing Gum 2 pack</a>
			
		</div>  
      

       	
		    <div role="presentation" aria-hidden="true" id="share" class="share" data-social="{productImgUrl:'http://shop.coles.com.au:27900/wcsstore/Coles-CAS/images/7/5/1/7517026-th.jpg'
	                                               ,productDisplayUrl:'http://shop.coles.com.au/online/national/wrigleys-5-chewing-gum-tempest-multipack'
	                                               ,title:'Wrigley 5 Tempest Chewing Gum 2 pack '
	                                               ,description:'A mouthwatering watermelon flavour. Sugarfree gum.'}">
		 	</div>
 		
	</div>
</div>


	</form>
</div>


<span class="available hidden"></span>


<div class="outer-prod prodtile" 
		data-refresh='{
					catalogId: "10576",
					doInventory: "N",
					fulfillmentCenterId: "11576",
					forStoreId: "10401",
					
					productDisplayURL: "http://shop.coles.com.au/online/national/wrigley-5-strawberry-chewing-gum-2-pack"				
			}'>
	<form id="catEntryForm_374008" name="catEntryForm_374008" action="AjaxOrderChangeServiceItemAdd">
		
<div class=" " data-catentry="catEntry_374008" 
		data-refresh='{
				addCalculationUsage: "-1",
				langId: "-1",
				storeId: "10601", 
				catEntryId: "374008", 
				catEntryName: "5 Strawberry Chewing Gum 2 pack", 
				productView: "list",
				productId: "374008",
				itemId: "374034",
				hideMultibuy: "false",
                ticketType: "",
                partNumber: "1801796",
                offerCode: "20140329"
		}'>
   	<div class="wrapper clearfix">   	
		

<h4 class="accessibility" id="heading_374008" tabindex="-1">
		Wrigley&nbsp;5 Strawberry Chewing Gum 2 pack&nbsp;
		64g&nbsp;
		 
</h4> 

<div class="offer-icon"></div>
<a role="presentation" aria-hidden="true" class="product-url" href="http://shop.coles.com.au/online/national/wrigley-5-strawberry-chewing-gum-2-pack" >
	    <img role="presentation" aria-hidden="true" class="photo" 
		 src="/wcsstore/Coles-CAS/images/1/8/0/1801796-th.jpg" 
		 onError="this.src='/wcsstore/ColesStorefrontAssetStore/dist/8784d175201f/images/spacer.gif'" 
		 alt="5 Strawberry Chewing Gum 2 pack" 
		 width="110" 
		 height="110"/>
	</a>

<div class="detail">	
    <span role="presentation" aria-hidden="true"  class="brand">Wrigley</span>
    <span class="item"  role="presentation" aria-hidden="true" >
        <a role="presentation" aria-hidden="true"   class="product-url" href="http://shop.coles.com.au/online/national/wrigley-5-strawberry-chewing-gum-2-pack">
        	5 Strawberry Chewing Gum 2 pack&nbsp;
        	64g
        </a>
    </span>
	<span class="size">
			
 	</span>
</div>


	<div class="purchasing">	    
	    <div class="saving">
	    	
	    </div>
	   	
	    		<div class="price"><span class="accessibility">Purchase price </span><small>$</small>4.40</div>
	    	
	    <div class="unit-price"><span class="accessibility">Unit price </span>$6.88 per 100G</div>
	    <div class="special-offer">	    	
	    	
	    </div> 
	    <div class="availability">Temporarily unavailable</div>
	    <div class="purchase">
		
			<input type="number" title="Add Quantity for Wrigley 5 Strawberry Chewing Gum 2 pack 64g" name="quantity" id="catEntry_374008_qty" value="1" maxlength="2" size="2" class="v-mandatory v-numeric v-minval-1">
	        <button role="button" type="submit" title="Add to trolley&nbsp;Wrigley 5 Strawberry Chewing Gum 2 pack 64g" class="btn-red action-addToTrolley"><span role="presentation" aria-hidden="true">Add to trolley</span></button>
		
		</div>
	</div>
	<div class="lists">
		
	</div>


	    <div class="actions">
	        			
			   <div class="MUItemForTrolleyDiv MUItemForTrolley_374034" data-catentry="374034">
		         <div class="MUul_374034"><div class="MUli_374034 hidden" aria-hidden="true"><span class="inTrolley"><span class="MUSpan_374034">0</span> in trolley</span></div></div>
		       </div>
		        <p class="clear"></p>
			 
			<div class="member-usuals-remove">
				<a href="#"	class="action-removeFromUsuals usuals-remove">Remove from list <span class="accessibility">Wrigley 5 Strawberry Chewing Gum 2 pack 64g</span></a>			
			</div>
			
				<div class="list">
					<a href="#"	class="action-addToList action-list-add">Add to list <span class="accessibility">Wrigley 5 Strawberry Chewing Gum 2 pack 64g</span></a> 
				</div>
				<div class="member-list-add">
					<a href="#"	class="action-addToList action-list-add">Add to another list <span class="accessibility">Wrigley 5 Strawberry Chewing Gum 2 pack 64g</span></a>
				</div>
			
			<div class="member-list-remove">
				 <a href="#" class="action-removeFromList">Remove from list <span class="accessibility">Wrigley 5 Strawberry Chewing Gum 2 pack 64g</span></a> 
			</div>
			
				<div class="compareProd" role="presentation" aria-hidden="true">
					<a href="#" class="compare compare-add">Compare</a>
				</div>
			
				<a href="http://shop.coles.com.au/online/national/wrigley-5-strawberry-chewing-gum-2-pack" class="product-url accessibility">More details for Wrigley&nbsp;5 Strawberry Chewing Gum 2 pack</a>
			
		</div>  
      

       	
		    <div role="presentation" aria-hidden="true" id="share" class="share" data-social="{productImgUrl:'http://shop.coles.com.au:27900/wcsstore/Coles-CAS/images/1/8/0/1801796-th.jpg'
	                                               ,productDisplayUrl:'http://shop.coles.com.au/online/national/wrigley-5-strawberry-chewing-gum-2-pack'
	                                               ,title:'Wrigley 5 Strawberry Chewing Gum 2 pack '
	                                               ,description:''}">
		 	</div>
 		
	</div>
</div>


	</form>
</div>


<span class="available hidden"></span>


<div class="outer-prod prodtile" 
		data-refresh='{
					catalogId: "10576",
					doInventory: "N",
					fulfillmentCenterId: "11576",
					forStoreId: "10401",
					
					productDisplayURL: "http://shop.coles.com.au/online/national/wrigleys-air-waves-chewing-gum-menthol-eucalyptus-sugar-free"				
			}'>
	<form id="catEntryForm_45465" name="catEntryForm_45465" action="AjaxOrderChangeServiceItemAdd">
		
<div class=" " data-catentry="catEntry_45465" 
		data-refresh='{
				addCalculationUsage: "-1",
				langId: "-1",
				storeId: "10601", 
				catEntryId: "45465", 
				catEntryName: "Air Waves Menthol &amp; Eucalyptus Chewing Gum", 
				productView: "list",
				productId: "45465",
				itemId: "157763",
				hideMultibuy: "false",
                ticketType: "",
                partNumber: "8894605",
                offerCode: "20140329"
		}'>
   	<div class="wrapper clearfix">   	
		

<h4 class="accessibility" id="heading_45465" tabindex="-1">
		Wrigley&nbsp;Air Waves Menthol &amp; Eucalyptus Chewing Gum&nbsp;
		56g&nbsp;
		 
</h4> 

<div class="offer-icon"></div>
<a role="presentation" aria-hidden="true" class="product-url" href="http://shop.coles.com.au/online/national/wrigleys-air-waves-chewing-gum-menthol-eucalyptus-sugar-free" >
	    <img role="presentation" aria-hidden="true" class="photo" 
		 src="/wcsstore/Coles-CAS/images/8/8/9/8894605-th.jpg" 
		 onError="this.src='/wcsstore/ColesStorefrontAssetStore/dist/8784d175201f/images/spacer.gif'" 
		 alt="Air Waves Menthol &amp; Eucalyptus Chewing Gum" 
		 width="110" 
		 height="110"/>
	</a>

<div class="detail">	
    <span role="presentation" aria-hidden="true"  class="brand">Wrigley</span>
    <span class="item"  role="presentation" aria-hidden="true" >
        <a role="presentation" aria-hidden="true"   class="product-url" href="http://shop.coles.com.au/online/national/wrigleys-air-waves-chewing-gum-menthol-eucalyptus-sugar-free">
        	Air Waves Menthol & Eucalyptus Chewing Gum&nbsp;
        	56g
        </a>
    </span>
	<span class="size">
		4 pack	
 	</span>
</div>


	<div class="purchasing">	    
	    <div class="saving">
	    	
	    </div>
	   	
	    		<div class="price"><span class="accessibility">Purchase price </span><small>$</small>3.85</div>
	    	
	    <div class="unit-price"><span class="accessibility">Unit price </span>$6.88 per 100G</div>
	    <div class="special-offer">	    	
	    	
	    </div> 
	    <div class="availability">Temporarily unavailable</div>
	    <div class="purchase">
		
			<input type="number" title="Add Quantity for Wrigley Air Waves Menthol &amp; Eucalyptus Chewing Gum 56g" name="quantity" id="catEntry_45465_qty" value="1" maxlength="2" size="2" class="v-mandatory v-numeric v-minval-1">
	        <button role="button" type="submit" title="Add to trolley&nbsp;Wrigley Air Waves Menthol &amp; Eucalyptus Chewing Gum 56g" class="btn-red action-addToTrolley"><span role="presentation" aria-hidden="true">Add to trolley</span></button>
		
		</div>
	</div>
	<div class="lists">
		
	</div>


	    <div class="actions">
	        			
			   <div class="MUItemForTrolleyDiv MUItemForTrolley_157763" data-catentry="157763">
		         <div class="MUul_157763"><div class="MUli_157763 hidden" aria-hidden="true"><span class="inTrolley"><span class="MUSpan_157763">0</span> in trolley</span></div></div>
		       </div>
		        <p class="clear"></p>
			 
			<div class="member-usuals-remove">
				<a href="#"	class="action-removeFromUsuals usuals-remove">Remove from list <span class="accessibility">Wrigley Air Waves Menthol &amp; Eucalyptus Chewing Gum 56g</span></a>			
			</div>
			
				<div class="list">
					<a href="#"	class="action-addToList action-list-add">Add to list <span class="accessibility">Wrigley Air Waves Menthol &amp; Eucalyptus Chewing Gum 56g</span></a> 
				</div>
				<div class="member-list-add">
					<a href="#"	class="action-addToList action-list-add">Add to another list <span class="accessibility">Wrigley Air Waves Menthol &amp; Eucalyptus Chewing Gum 56g</span></a>
				</div>
			
			<div class="member-list-remove">
				 <a href="#" class="action-removeFromList">Remove from list <span class="accessibility">Wrigley Air Waves Menthol &amp; Eucalyptus Chewing Gum 56g</span></a> 
			</div>
			
				<div class="compareProd" role="presentation" aria-hidden="true">
					<a href="#" class="compare compare-add">Compare</a>
				</div>
			
				<a href="http://shop.coles.com.au/online/national/wrigleys-air-waves-chewing-gum-menthol-eucalyptus-sugar-free" class="product-url accessibility">More details for Wrigley&nbsp;Air Waves Menthol & Eucalyptus Chewing Gum</a>
			
		</div>  
      

       	
		    <div role="presentation" aria-hidden="true" id="share" class="share" data-social="{productImgUrl:'http://shop.coles.com.au:27900/wcsstore/Coles-CAS/images/8/8/9/8894605-th.jpg'
	                                               ,productDisplayUrl:'http://shop.coles.com.au/online/national/wrigleys-air-waves-chewing-gum-menthol-eucalyptus-sugar-free'
	                                               ,title:'Wrigley Air Waves Menthol &amp; Eucalyptus Chewing Gum 4 pack'
	                                               ,description:'Sugarfree Chewing Gum.'}">
		 	</div>
 		
	</div>
</div>


	</form>
</div>


<span class="available hidden"></span>


<div class="outer-prod prodtile" 
		data-refresh='{
					catalogId: "10576",
					doInventory: "N",
					fulfillmentCenterId: "11576",
					forStoreId: "10401",
					
					productDisplayURL: "http://shop.coles.com.au/online/national/wrigleys-extra-envelope-peppermint"				
			}'>
	<form id="catEntryForm_75972" name="catEntryForm_75972" action="AjaxOrderChangeServiceItemAdd">
		
<div class=" " data-catentry="catEntry_75972" 
		data-refresh='{
				addCalculationUsage: "-1",
				langId: "-1",
				storeId: "10601", 
				catEntryId: "75972", 
				catEntryName: "Extra Peppermint Chewing Gum 14 Piece Envelope Pack", 
				productView: "list",
				productId: "75972",
				itemId: "137929",
				hideMultibuy: "false",
                ticketType: "",
                partNumber: "5703176",
                offerCode: "20140611"
		}'>
   	<div class="wrapper clearfix">   	
		

<h4 class="accessibility" id="heading_75972" tabindex="-1">
		Wrigley&nbsp;Extra Peppermint Chewing Gum 14 Piece Envelope Pack&nbsp;
		27g&nbsp;
		 
</h4> 

<div class="offer-icon"></div>
<a role="presentation" aria-hidden="true" class="product-url" href="http://shop.coles.com.au/online/national/wrigleys-extra-envelope-peppermint" >
	    <img role="presentation" aria-hidden="true" class="photo" 
		 src="/wcsstore/Coles-CAS/images/5/7/0/5703176-th.jpg" 
		 onError="this.src='/wcsstore/ColesStorefrontAssetStore/dist/8784d175201f/images/spacer.gif'" 
		 alt="Extra Peppermint Chewing Gum 14 Piece Envelope Pack" 
		 width="110" 
		 height="110"/>
	</a>

<div class="detail">	
    <span role="presentation" aria-hidden="true"  class="brand">Wrigley</span>
    <span class="item"  role="presentation" aria-hidden="true" >
        <a role="presentation" aria-hidden="true"   class="product-url" href="http://shop.coles.com.au/online/national/wrigleys-extra-envelope-peppermint">
        	Extra Peppermint Chewing Gum 14 Piece Envelope Pack&nbsp;
        	27g
        </a>
    </span>
	<span class="size">
		14 piece	
 	</span>
</div>


	<div class="purchasing">	    
	    <div class="saving">
	    	
	    </div>
	   	
	    		<div class="price"><span class="accessibility">Purchase price </span><small>$</small>2.20</div>
	    	
	    <div class="unit-price"><span class="accessibility">Unit price </span>$8.15 per 100G</div>
	    <div class="special-offer">	    	
	    	
	    </div> 
	    <div class="availability">Temporarily unavailable</div>
	    <div class="purchase">
		
			<input type="number" title="Add Quantity for Wrigley Extra Peppermint Chewing Gum 14 Piece Envelope Pack 27g" name="quantity" id="catEntry_75972_qty" value="1" maxlength="2" size="2" class="v-mandatory v-numeric v-minval-1">
	        <button role="button" type="submit" title="Add to trolley&nbsp;Wrigley Extra Peppermint Chewing Gum 14 Piece Envelope Pack 27g" class="btn-red action-addToTrolley"><span role="presentation" aria-hidden="true">Add to trolley</span></button>
		
		</div>
	</div>
	<div class="lists">
		
	</div>


	    <div class="actions">
	        			
			   <div class="MUItemForTrolleyDiv MUItemForTrolley_137929" data-catentry="137929">
		         <div class="MUul_137929"><div class="MUli_137929 hidden" aria-hidden="true"><span class="inTrolley"><span class="MUSpan_137929">0</span> in trolley</span></div></div>
		       </div>
		        <p class="clear"></p>
			 
			<div class="member-usuals-remove">
				<a href="#"	class="action-removeFromUsuals usuals-remove">Remove from list <span class="accessibility">Wrigley Extra Peppermint Chewing Gum 14 Piece Envelope Pack 27g</span></a>			
			</div>
			
				<div class="list">
					<a href="#"	class="action-addToList action-list-add">Add to list <span class="accessibility">Wrigley Extra Peppermint Chewing Gum 14 Piece Envelope Pack 27g</span></a> 
				</div>
				<div class="member-list-add">
					<a href="#"	class="action-addToList action-list-add">Add to another list <span class="accessibility">Wrigley Extra Peppermint Chewing Gum 14 Piece Envelope Pack 27g</span></a>
				</div>
			
			<div class="member-list-remove">
				 <a href="#" class="action-removeFromList">Remove from list <span class="accessibility">Wrigley Extra Peppermint Chewing Gum 14 Piece Envelope Pack 27g</span></a> 
			</div>
			
				<div class="compareProd" role="presentation" aria-hidden="true">
					<a href="#" class="compare compare-add">Compare</a>
				</div>
			
				<a href="http://shop.coles.com.au/online/national/wrigleys-extra-envelope-peppermint" class="product-url accessibility">More details for Wrigley&nbsp;Extra Peppermint Chewing Gum 14 Piece Envelope Pack</a>
			
		</div>  
      

       	
		    <div role="presentation" aria-hidden="true" id="share" class="share" data-social="{productImgUrl:'http://shop.coles.com.au:27900/wcsstore/Coles-CAS/images/5/7/0/5703176-th.jpg'
	                                               ,productDisplayUrl:'http://shop.coles.com.au/online/national/wrigleys-extra-envelope-peppermint'
	                                               ,title:'Wrigley Extra Peppermint Chewing Gum 14 Piece Envelope Pack 14 piece'
	                                               ,description:'Helps keep teeth and gums healthy.'}">
		 	</div>
 		
	</div>
</div>


	</form>
</div>


<span class="available hidden"></span>


<div class="outer-prod prodtile" 
		data-refresh='{
					catalogId: "10576",
					doInventory: "N",
					fulfillmentCenterId: "11576",
					forStoreId: "10401",
					
					productDisplayURL: "http://shop.coles.com.au/online/national/wrigleys-extra-envelope-spearmint"				
			}'>
	<form id="catEntryForm_78422" name="catEntryForm_78422" action="AjaxOrderChangeServiceItemAdd">
		
<div class=" " data-catentry="catEntry_78422" 
		data-refresh='{
				addCalculationUsage: "-1",
				langId: "-1",
				storeId: "10601", 
				catEntryId: "78422", 
				catEntryName: "Extra Spearmint Chewing Gum 14 Piece Envelope Pack", 
				productView: "list",
				productId: "78422",
				itemId: "139208",
				hideMultibuy: "false",
                ticketType: "",
                partNumber: "5703165",
                offerCode: "20140611"
		}'>
   	<div class="wrapper clearfix">   	
		

<h4 class="accessibility" id="heading_78422" tabindex="-1">
		Wrigley&nbsp;Extra Spearmint Chewing Gum 14 Piece Envelope Pack&nbsp;
		27g&nbsp;
		 
</h4> 

<div class="offer-icon"></div>
<a role="presentation" aria-hidden="true" class="product-url" href="http://shop.coles.com.au/online/national/wrigleys-extra-envelope-spearmint" >
	    <img role="presentation" aria-hidden="true" class="photo" 
		 src="/wcsstore/Coles-CAS/images/5/7/0/5703165-th.jpg" 
		 onError="this.src='/wcsstore/ColesStorefrontAssetStore/dist/8784d175201f/images/spacer.gif'" 
		 alt="Extra Spearmint Chewing Gum 14 Piece Envelope Pack" 
		 width="110" 
		 height="110"/>
	</a>

<div class="detail">	
    <span role="presentation" aria-hidden="true"  class="brand">Wrigley</span>
    <span class="item"  role="presentation" aria-hidden="true" >
        <a role="presentation" aria-hidden="true"   class="product-url" href="http://shop.coles.com.au/online/national/wrigleys-extra-envelope-spearmint">
        	Extra Spearmint Chewing Gum 14 Piece Envelope Pack&nbsp;
        	27g
        </a>
    </span>
	<span class="size">
		14 piece	
 	</span>
</div>


	<div class="purchasing">	    
	    <div class="saving">
	    	
	    </div>
	   	
	    		<div class="price"><span class="accessibility">Purchase price </span><small>$</small>2.20</div>
	    	
	    <div class="unit-price"><span class="accessibility">Unit price </span>$8.15 per 100G</div>
	    <div class="special-offer">	    	
	    	
	    </div> 
	    <div class="availability">Temporarily unavailable</div>
	    <div class="purchase">
		
			<input type="number" title="Add Quantity for Wrigley Extra Spearmint Chewing Gum 14 Piece Envelope Pack 27g" name="quantity" id="catEntry_78422_qty" value="1" maxlength="2" size="2" class="v-mandatory v-numeric v-minval-1">
	        <button role="button" type="submit" title="Add to trolley&nbsp;Wrigley Extra Spearmint Chewing Gum 14 Piece Envelope Pack 27g" class="btn-red action-addToTrolley"><span role="presentation" aria-hidden="true">Add to trolley</span></button>
		
		</div>
	</div>
	<div class="lists">
		
	</div>


	    <div class="actions">
	        			
			   <div class="MUItemForTrolleyDiv MUItemForTrolley_139208" data-catentry="139208">
		         <div class="MUul_139208"><div class="MUli_139208 hidden" aria-hidden="true"><span class="inTrolley"><span class="MUSpan_139208">0</span> in trolley</span></div></div>
		       </div>
		        <p class="clear"></p>
			 
			<div class="member-usuals-remove">
				<a href="#"	class="action-removeFromUsuals usuals-remove">Remove from list <span class="accessibility">Wrigley Extra Spearmint Chewing Gum 14 Piece Envelope Pack 27g</span></a>			
			</div>
			
				<div class="list">
					<a href="#"	class="action-addToList action-list-add">Add to list <span class="accessibility">Wrigley Extra Spearmint Chewing Gum 14 Piece Envelope Pack 27g</span></a> 
				</div>
				<div class="member-list-add">
					<a href="#"	class="action-addToList action-list-add">Add to another list <span class="accessibility">Wrigley Extra Spearmint Chewing Gum 14 Piece Envelope Pack 27g</span></a>
				</div>
			
			<div class="member-list-remove">
				 <a href="#" class="action-removeFromList">Remove from list <span class="accessibility">Wrigley Extra Spearmint Chewing Gum 14 Piece Envelope Pack 27g</span></a> 
			</div>
			
				<div class="compareProd" role="presentation" aria-hidden="true">
					<a href="#" class="compare compare-add">Compare</a>
				</div>
			
				<a href="http://shop.coles.com.au/online/national/wrigleys-extra-envelope-spearmint" class="product-url accessibility">More details for Wrigley&nbsp;Extra Spearmint Chewing Gum 14 Piece Envelope Pack</a>
			
		</div>  
      

       	
		    <div role="presentation" aria-hidden="true" id="share" class="share" data-social="{productImgUrl:'http://shop.coles.com.au:27900/wcsstore/Coles-CAS/images/5/7/0/5703165-th.jpg'
	                                               ,productDisplayUrl:'http://shop.coles.com.au/online/national/wrigleys-extra-envelope-spearmint'
	                                               ,title:'Wrigley Extra Spearmint Chewing Gum 14 Piece Envelope Pack 14 piece'
	                                               ,description:'Helps keep teeth and gums healthy.'}">
		 	</div>
 		
	</div>
</div>


	</form>
</div>


<span class="available hidden"></span>


<div class="outer-prod prodtile" 
		data-refresh='{
					catalogId: "10576",
					doInventory: "N",
					fulfillmentCenterId: "11576",
					forStoreId: "10401",
					
					productDisplayURL: "http://shop.coles.com.au/online/national/wrigleys-extra-strawberry-envelope-14-pieces"				
			}'>
	<form id="catEntryForm_78764" name="catEntryForm_78764" action="AjaxOrderChangeServiceItemAdd">
		
<div class=" " data-catentry="catEntry_78764" 
		data-refresh='{
				addCalculationUsage: "-1",
				langId: "-1",
				storeId: "10601", 
				catEntryId: "78764", 
				catEntryName: "Extra Strawberry Chewing Gum 14 Piece Envelope Pack", 
				productView: "list",
				productId: "78764",
				itemId: "140201",
				hideMultibuy: "false",
                ticketType: "",
                partNumber: "6023031",
                offerCode: "20140611"
		}'>
   	<div class="wrapper clearfix">   	
		

<h4 class="accessibility" id="heading_78764" tabindex="-1">
		Wrigley&nbsp;Extra Strawberry Chewing Gum 14 Piece Envelope Pack&nbsp;
		27g&nbsp;
		 
</h4> 

<div class="offer-icon"></div>
<a role="presentation" aria-hidden="true" class="product-url" href="http://shop.coles.com.au/online/national/wrigleys-extra-strawberry-envelope-14-pieces" >
	    <img role="presentation" aria-hidden="true" class="photo" 
		 src="/wcsstore/Coles-CAS/images/6/0/2/6023031-th.jpg" 
		 onError="this.src='/wcsstore/ColesStorefrontAssetStore/dist/8784d175201f/images/spacer.gif'" 
		 alt="Extra Strawberry Chewing Gum 14 Piece Envelope Pack" 
		 width="110" 
		 height="110"/>
	</a>

<div class="detail">	
    <span role="presentation" aria-hidden="true"  class="brand">Wrigley</span>
    <span class="item"  role="presentation" aria-hidden="true" >
        <a role="presentation" aria-hidden="true"   class="product-url" href="http://shop.coles.com.au/online/national/wrigleys-extra-strawberry-envelope-14-pieces">
        	Extra Strawberry Chewing Gum 14 Piece Envelope Pack&nbsp;
        	27g
        </a>
    </span>
	<span class="size">
			
 	</span>
</div>


	<div class="purchasing">	    
	    <div class="saving">
	    	
	    </div>
	   	
	    		<div class="price"><span class="accessibility">Purchase price </span><small>$</small>2.20</div>
	    	
	    <div class="unit-price"><span class="accessibility">Unit price </span>$8.15 per 100G</div>
	    <div class="special-offer">	    	
	    	
	    </div> 
	    <div class="availability">Temporarily unavailable</div>
	    <div class="purchase">
		
			<input type="number" title="Add Quantity for Wrigley Extra Strawberry Chewing Gum 14 Piece Envelope Pack 27g" name="quantity" id="catEntry_78764_qty" value="1" maxlength="2" size="2" class="v-mandatory v-numeric v-minval-1">
	        <button role="button" type="submit" title="Add to trolley&nbsp;Wrigley Extra Strawberry Chewing Gum 14 Piece Envelope Pack 27g" class="btn-red action-addToTrolley"><span role="presentation" aria-hidden="true">Add to trolley</span></button>
		
		</div>
	</div>
	<div class="lists">
		
	</div>


	    <div class="actions">
	        			
			   <div class="MUItemForTrolleyDiv MUItemForTrolley_140201" data-catentry="140201">
		         <div class="MUul_140201"><div class="MUli_140201 hidden" aria-hidden="true"><span class="inTrolley"><span class="MUSpan_140201">0</span> in trolley</span></div></div>
		       </div>
		        <p class="clear"></p>
			 
			<div class="member-usuals-remove">
				<a href="#"	class="action-removeFromUsuals usuals-remove">Remove from list <span class="accessibility">Wrigley Extra Strawberry Chewing Gum 14 Piece Envelope Pack 27g</span></a>			
			</div>
			
				<div class="list">
					<a href="#"	class="action-addToList action-list-add">Add to list <span class="accessibility">Wrigley Extra Strawberry Chewing Gum 14 Piece Envelope Pack 27g</span></a> 
				</div>
				<div class="member-list-add">
					<a href="#"	class="action-addToList action-list-add">Add to another list <span class="accessibility">Wrigley Extra Strawberry Chewing Gum 14 Piece Envelope Pack 27g</span></a>
				</div>
			
			<div class="member-list-remove">
				 <a href="#" class="action-removeFromList">Remove from list <span class="accessibility">Wrigley Extra Strawberry Chewing Gum 14 Piece Envelope Pack 27g</span></a> 
			</div>
			
				<div class="compareProd" role="presentation" aria-hidden="true">
					<a href="#" class="compare compare-add">Compare</a>
				</div>
			
				<a href="http://shop.coles.com.au/online/national/wrigleys-extra-strawberry-envelope-14-pieces" class="product-url accessibility">More details for Wrigley&nbsp;Extra Strawberry Chewing Gum 14 Piece Envelope Pack</a>
			
		</div>  
      

       	
		    <div role="presentation" aria-hidden="true" id="share" class="share" data-social="{productImgUrl:'http://shop.coles.com.au:27900/wcsstore/Coles-CAS/images/6/0/2/6023031-th.jpg'
	                                               ,productDisplayUrl:'http://shop.coles.com.au/online/national/wrigleys-extra-strawberry-envelope-14-pieces'
	                                               ,title:'Wrigley Extra Strawberry Chewing Gum 14 Piece Envelope Pack '
	                                               ,description:'Helps keep teeth and gums healthy.'}">
		 	</div>
 		
	</div>
</div>


	</form>
</div>


<span class="available hidden"></span>


<div class="outer-prod prodtile" 
		data-refresh='{
					catalogId: "10576",
					doInventory: "N",
					fulfillmentCenterId: "11576",
					forStoreId: "10401",
					
					productDisplayURL: "http://shop.coles.com.au/online/national/wrigleys-5-chewing-gum-envelope-pack-electro"				
			}'>
	<form id="catEntryForm_68547" name="catEntryForm_68547" action="AjaxOrderChangeServiceItemAdd">
		
<div class=" " data-catentry="catEntry_68547" 
		data-refresh='{
				addCalculationUsage: "-1",
				langId: "-1",
				storeId: "10601", 
				catEntryId: "68547", 
				catEntryName: "5 Electro Chewing Gum 12 Piece Envelope Pack", 
				productView: "list",
				productId: "68547",
				itemId: "132619",
				hideMultibuy: "false",
                ticketType: "",
                partNumber: "7128239",
                offerCode: "20140625"
		}'>
   	<div class="wrapper clearfix">   	
		

<h4 class="accessibility" id="heading_68547" tabindex="-1">
		Wrigley&nbsp;5 Electro Chewing Gum 12 Piece Envelope Pack&nbsp;
		32g&nbsp;
		 
</h4> 

<div class="offer-icon"></div>
<a role="presentation" aria-hidden="true" class="product-url" href="http://shop.coles.com.au/online/national/wrigleys-5-chewing-gum-envelope-pack-electro" >
	    <img role="presentation" aria-hidden="true" class="photo" 
		 src="/wcsstore/Coles-CAS/images/7/1/2/7128239-th.jpg" 
		 onError="this.src='/wcsstore/ColesStorefrontAssetStore/dist/8784d175201f/images/spacer.gif'" 
		 alt="5 Electro Chewing Gum 12 Piece Envelope Pack" 
		 width="110" 
		 height="110"/>
	</a>

<div class="detail">	
    <span role="presentation" aria-hidden="true"  class="brand">Wrigley</span>
    <span class="item"  role="presentation" aria-hidden="true" >
        <a role="presentation" aria-hidden="true"   class="product-url" href="http://shop.coles.com.au/online/national/wrigleys-5-chewing-gum-envelope-pack-electro">
        	5 Electro Chewing Gum 12 Piece Envelope Pack&nbsp;
        	32g
        </a>
    </span>
	<span class="size">
		12 pieces	
 	</span>
</div>


	<div class="purchasing">	    
	    <div class="saving">
	    	
	    </div>
	   	
	    		<div class="price"><span class="accessibility">Purchase price </span><small>$</small>2.48</div>
	    	
	    <div class="unit-price"><span class="accessibility">Unit price </span>$7.75 per 100G</div>
	    <div class="special-offer">	    	
	    	
	    </div> 
	    <div class="availability">Temporarily unavailable</div>
	    <div class="purchase">
		
			<input type="number" title="Add Quantity for Wrigley 5 Electro Chewing Gum 12 Piece Envelope Pack 32g" name="quantity" id="catEntry_68547_qty" value="1" maxlength="2" size="2" class="v-mandatory v-numeric v-minval-1">
	        <button role="button" type="submit" title="Add to trolley&nbsp;Wrigley 5 Electro Chewing Gum 12 Piece Envelope Pack 32g" class="btn-red action-addToTrolley"><span role="presentation" aria-hidden="true">Add to trolley</span></button>
		
		</div>
	</div>
	<div class="lists">
		
	</div>


	    <div class="actions">
	        			
			   <div class="MUItemForTrolleyDiv MUItemForTrolley_132619" data-catentry="132619">
		         <div class="MUul_132619"><div class="MUli_132619 hidden" aria-hidden="true"><span class="inTrolley"><span class="MUSpan_132619">0</span> in trolley</span></div></div>
		       </div>
		        <p class="clear"></p>
			 
			<div class="member-usuals-remove">
				<a href="#"	class="action-removeFromUsuals usuals-remove">Remove from list <span class="accessibility">Wrigley 5 Electro Chewing Gum 12 Piece Envelope Pack 32g</span></a>			
			</div>
			
				<div class="list">
					<a href="#"	class="action-addToList action-list-add">Add to list <span class="accessibility">Wrigley 5 Electro Chewing Gum 12 Piece Envelope Pack 32g</span></a> 
				</div>
				<div class="member-list-add">
					<a href="#"	class="action-addToList action-list-add">Add to another list <span class="accessibility">Wrigley 5 Electro Chewing Gum 12 Piece Envelope Pack 32g</span></a>
				</div>
			
			<div class="member-list-remove">
				 <a href="#" class="action-removeFromList">Remove from list <span class="accessibility">Wrigley 5 Electro Chewing Gum 12 Piece Envelope Pack 32g</span></a> 
			</div>
			
				<div class="compareProd" role="presentation" aria-hidden="true">
					<a href="#" class="compare compare-add">Compare</a>
				</div>
			
				<a href="http://shop.coles.com.au/online/national/wrigleys-5-chewing-gum-envelope-pack-electro" class="product-url accessibility">More details for Wrigley&nbsp;5 Electro Chewing Gum 12 Piece Envelope Pack</a>
			
		</div>  
      

       	
		    <div role="presentation" aria-hidden="true" id="share" class="share" data-social="{productImgUrl:'http://shop.coles.com.au:27900/wcsstore/Coles-CAS/images/7/1/2/7128239-th.jpg'
	                                               ,productDisplayUrl:'http://shop.coles.com.au/online/national/wrigleys-5-chewing-gum-envelope-pack-electro'
	                                               ,title:'Wrigley 5 Electro Chewing Gum 12 Piece Envelope Pack 12 pieces'
	                                               ,description:''}">
		 	</div>
 		
	</div>
</div>


	</form>
</div>


<span class="available hidden"></span>


<div class="outer-prod prodtile" 
		data-refresh='{
					catalogId: "10576",
					doInventory: "N",
					fulfillmentCenterId: "11576",
					forStoreId: "10401",
					
					productDisplayURL: "http://shop.coles.com.au/online/national/wrigleys-5-chewing-gum-tempest"				
			}'>
	<form id="catEntryForm_68695" name="catEntryForm_68695" action="AjaxOrderChangeServiceItemAdd">
		
<div class=" " data-catentry="catEntry_68695" 
		data-refresh='{
				addCalculationUsage: "-1",
				langId: "-1",
				storeId: "10601", 
				catEntryId: "68695", 
				catEntryName: "5 Tempest Chewing Gum 12 Piece Envelope Pack", 
				productView: "list",
				productId: "68695",
				itemId: "128454",
				hideMultibuy: "false",
                ticketType: "",
                partNumber: "7517060",
                offerCode: "20140625"
		}'>
   	<div class="wrapper clearfix">   	
		

<h4 class="accessibility" id="heading_68695" tabindex="-1">
		Wrigley&nbsp;5 Tempest Chewing Gum 12 Piece Envelope Pack&nbsp;
		32g&nbsp;
		 
</h4> 

<div class="offer-icon"></div>
<a role="presentation" aria-hidden="true" class="product-url" href="http://shop.coles.com.au/online/national/wrigleys-5-chewing-gum-tempest" >
	    <img role="presentation" aria-hidden="true" class="photo" 
		 src="/wcsstore/Coles-CAS/images/7/5/1/7517060-th.jpg" 
		 onError="this.src='/wcsstore/ColesStorefrontAssetStore/dist/8784d175201f/images/spacer.gif'" 
		 alt="5 Tempest Chewing Gum 12 Piece Envelope Pack" 
		 width="110" 
		 height="110"/>
	</a>

<div class="detail">	
    <span role="presentation" aria-hidden="true"  class="brand">Wrigley</span>
    <span class="item"  role="presentation" aria-hidden="true" >
        <a role="presentation" aria-hidden="true"   class="product-url" href="http://shop.coles.com.au/online/national/wrigleys-5-chewing-gum-tempest">
        	5 Tempest Chewing Gum 12 Piece Envelope Pack&nbsp;
        	32g
        </a>
    </span>
	<span class="size">
		12 pieces	
 	</span>
</div>


	<div class="purchasing">	    
	    <div class="saving">
	    	
	    </div>
	   	
	    		<div class="price"><span class="accessibility">Purchase price </span><small>$</small>2.48</div>
	    	
	    <div class="unit-price"><span class="accessibility">Unit price </span>$7.75 per 100G</div>
	    <div class="special-offer">	    	
	    	
	    </div> 
	    <div class="availability">Temporarily unavailable</div>
	    <div class="purchase">
		
			<input type="number" title="Add Quantity for Wrigley 5 Tempest Chewing Gum 12 Piece Envelope Pack 32g" name="quantity" id="catEntry_68695_qty" value="1" maxlength="2" size="2" class="v-mandatory v-numeric v-minval-1">
	        <button role="button" type="submit" title="Add to trolley&nbsp;Wrigley 5 Tempest Chewing Gum 12 Piece Envelope Pack 32g" class="btn-red action-addToTrolley"><span role="presentation" aria-hidden="true">Add to trolley</span></button>
		
		</div>
	</div>
	<div class="lists">
		
	</div>


	    <div class="actions">
	        			
			   <div class="MUItemForTrolleyDiv MUItemForTrolley_128454" data-catentry="128454">
		         <div class="MUul_128454"><div class="MUli_128454 hidden" aria-hidden="true"><span class="inTrolley"><span class="MUSpan_128454">0</span> in trolley</span></div></div>
		       </div>
		        <p class="clear"></p>
			 
			<div class="member-usuals-remove">
				<a href="#"	class="action-removeFromUsuals usuals-remove">Remove from list <span class="accessibility">Wrigley 5 Tempest Chewing Gum 12 Piece Envelope Pack 32g</span></a>			
			</div>
			
				<div class="list">
					<a href="#"	class="action-addToList action-list-add">Add to list <span class="accessibility">Wrigley 5 Tempest Chewing Gum 12 Piece Envelope Pack 32g</span></a> 
				</div>
				<div class="member-list-add">
					<a href="#"	class="action-addToList action-list-add">Add to another list <span class="accessibility">Wrigley 5 Tempest Chewing Gum 12 Piece Envelope Pack 32g</span></a>
				</div>
			
			<div class="member-list-remove">
				 <a href="#" class="action-removeFromList">Remove from list <span class="accessibility">Wrigley 5 Tempest Chewing Gum 12 Piece Envelope Pack 32g</span></a> 
			</div>
			
				<div class="compareProd" role="presentation" aria-hidden="true">
					<a href="#" class="compare compare-add">Compare</a>
				</div>
			
				<a href="http://shop.coles.com.au/online/national/wrigleys-5-chewing-gum-tempest" class="product-url accessibility">More details for Wrigley&nbsp;5 Tempest Chewing Gum 12 Piece Envelope Pack</a>
			
		</div>  
      

       	
		    <div role="presentation" aria-hidden="true" id="share" class="share" data-social="{productImgUrl:'http://shop.coles.com.au:27900/wcsstore/Coles-CAS/images/7/5/1/7517060-th.jpg'
	                                               ,productDisplayUrl:'http://shop.coles.com.au/online/national/wrigleys-5-chewing-gum-tempest'
	                                               ,title:'Wrigley 5 Tempest Chewing Gum 12 Piece Envelope Pack 12 pieces'
	                                               ,description:''}">
		 	</div>
 		
	</div>
</div>


	</form>
</div>


<span class="available hidden"></span>


<div class="outer-prod prodtile" 
		data-refresh='{
					catalogId: "10576",
					doInventory: "N",
					fulfillmentCenterId: "11576",
					forStoreId: "10401",
					
					productDisplayURL: "http://shop.coles.com.au/online/national/wrigley-5-strawberry-chewing-gum-12-piece-envelope-pack"				
			}'>
	<form id="catEntryForm_374009" name="catEntryForm_374009" action="AjaxOrderChangeServiceItemAdd">
		
<div class=" " data-catentry="catEntry_374009" 
		data-refresh='{
				addCalculationUsage: "-1",
				langId: "-1",
				storeId: "10601", 
				catEntryId: "374009", 
				catEntryName: "5 Strawberry Chewing Gum 12 Piece Envelope Pack", 
				productView: "list",
				productId: "374009",
				itemId: "374021",
				hideMultibuy: "false",
                ticketType: "",
                partNumber: "1801785",
                offerCode: "20140625"
		}'>
   	<div class="wrapper clearfix">   	
		

<h4 class="accessibility" id="heading_374009" tabindex="-1">
		Wrigley&nbsp;5 Strawberry Chewing Gum 12 Piece Envelope Pack&nbsp;
		32g&nbsp;
		 
</h4> 

<div class="offer-icon"></div>
<a role="presentation" aria-hidden="true" class="product-url" href="http://shop.coles.com.au/online/national/wrigley-5-strawberry-chewing-gum-12-piece-envelope-pack" >
	    <img role="presentation" aria-hidden="true" class="photo" 
		 src="/wcsstore/Coles-CAS/images/1/8/0/1801785-th.jpg" 
		 onError="this.src='/wcsstore/ColesStorefrontAssetStore/dist/8784d175201f/images/spacer.gif'" 
		 alt="5 Strawberry Chewing Gum 12 Piece Envelope Pack" 
		 width="110" 
		 height="110"/>
	</a>

<div class="detail">	
    <span role="presentation" aria-hidden="true"  class="brand">Wrigley</span>
    <span class="item"  role="presentation" aria-hidden="true" >
        <a role="presentation" aria-hidden="true"   class="product-url" href="http://shop.coles.com.au/online/national/wrigley-5-strawberry-chewing-gum-12-piece-envelope-pack">
        	5 Strawberry Chewing Gum 12 Piece Envelope Pack&nbsp;
        	32g
        </a>
    </span>
	<span class="size">
			
 	</span>
</div>


	<div class="purchasing">	    
	    <div class="saving">
	    	
	    </div>
	   	
	    		<div class="price"><span class="accessibility">Purchase price </span><small>$</small>2.48</div>
	    	
	    <div class="unit-price"><span class="accessibility">Unit price </span>$7.75 per 100G</div>
	    <div class="special-offer">	    	
	    	
	    </div> 
	    <div class="availability">Temporarily unavailable</div>
	    <div class="purchase">
		
			<input type="number" title="Add Quantity for Wrigley 5 Strawberry Chewing Gum 12 Piece Envelope Pack 32g" name="quantity" id="catEntry_374009_qty" value="1" maxlength="2" size="2" class="v-mandatory v-numeric v-minval-1">
	        <button role="button" type="submit" title="Add to trolley&nbsp;Wrigley 5 Strawberry Chewing Gum 12 Piece Envelope Pack 32g" class="btn-red action-addToTrolley"><span role="presentation" aria-hidden="true">Add to trolley</span></button>
		
		</div>
	</div>
	<div class="lists">
		
	</div>


	    <div class="actions">
	        			
			   <div class="MUItemForTrolleyDiv MUItemForTrolley_374021" data-catentry="374021">
		         <div class="MUul_374021"><div class="MUli_374021 hidden" aria-hidden="true"><span class="inTrolley"><span class="MUSpan_374021">0</span> in trolley</span></div></div>
		       </div>
		        <p class="clear"></p>
			 
			<div class="member-usuals-remove">
				<a href="#"	class="action-removeFromUsuals usuals-remove">Remove from list <span class="accessibility">Wrigley 5 Strawberry Chewing Gum 12 Piece Envelope Pack 32g</span></a>			
			</div>
			
				<div class="list">
					<a href="#"	class="action-addToList action-list-add">Add to list <span class="accessibility">Wrigley 5 Strawberry Chewing Gum 12 Piece Envelope Pack 32g</span></a> 
				</div>
				<div class="member-list-add">
					<a href="#"	class="action-addToList action-list-add">Add to another list <span class="accessibility">Wrigley 5 Strawberry Chewing Gum 12 Piece Envelope Pack 32g</span></a>
				</div>
			
			<div class="member-list-remove">
				 <a href="#" class="action-removeFromList">Remove from list <span class="accessibility">Wrigley 5 Strawberry Chewing Gum 12 Piece Envelope Pack 32g</span></a> 
			</div>
			
				<div class="compareProd" role="presentation" aria-hidden="true">
					<a href="#" class="compare compare-add">Compare</a>
				</div>
			
				<a href="http://shop.coles.com.au/online/national/wrigley-5-strawberry-chewing-gum-12-piece-envelope-pack" class="product-url accessibility">More details for Wrigley&nbsp;5 Strawberry Chewing Gum 12 Piece Envelope Pack</a>
			
		</div>  
      

       	
		    <div role="presentation" aria-hidden="true" id="share" class="share" data-social="{productImgUrl:'http://shop.coles.com.au:27900/wcsstore/Coles-CAS/images/1/8/0/1801785-th.jpg'
	                                               ,productDisplayUrl:'http://shop.coles.com.au/online/national/wrigley-5-strawberry-chewing-gum-12-piece-envelope-pack'
	                                               ,title:'Wrigley 5 Strawberry Chewing Gum 12 Piece Envelope Pack '
	                                               ,description:''}">
		 	</div>
 		
	</div>
</div>


	</form>
</div>


<span class="available hidden"></span>


<div class="outer-prod prodtile" 
		data-refresh='{
					catalogId: "10576",
					doInventory: "N",
					fulfillmentCenterId: "11576",
					forStoreId: "10401",
					
					productDisplayURL: "http://shop.coles.com.au/online/national/wrigleys-eclipse-mints-spearmint"				
			}'>
	<form id="catEntryForm_80216" name="catEntryForm_80216" action="AjaxOrderChangeServiceItemAdd">
		
<div class=" " data-catentry="catEntry_80216" 
		data-refresh='{
				addCalculationUsage: "-1",
				langId: "-1",
				storeId: "10601", 
				catEntryId: "80216", 
				catEntryName: "Eclipse Spearmint Mints", 
				productView: "list",
				productId: "80216",
				itemId: "145248",
				hideMultibuy: "false",
                ticketType: "",
                partNumber: "4719647",
                offerCode: "20140611"
		}'>
   	<div class="wrapper clearfix">   	
		

<h4 class="accessibility" id="heading_80216" tabindex="-1">
		Wrigley&nbsp;Eclipse Spearmint Mints&nbsp;
		34g&nbsp;
		 
</h4> 

<div class="offer-icon"></div>
<a role="presentation" aria-hidden="true" class="product-url" href="http://shop.coles.com.au/online/national/wrigleys-eclipse-mints-spearmint" >
	    <img role="presentation" aria-hidden="true" class="photo" 
		 src="/wcsstore/Coles-CAS/images/4/7/1/4719647-th.jpg" 
		 onError="this.src='/wcsstore/ColesStorefrontAssetStore/dist/8784d175201f/images/spacer.gif'" 
		 alt="Eclipse Spearmint Mints" 
		 width="110" 
		 height="110"/>
	</a>

<div class="detail">	
    <span role="presentation" aria-hidden="true"  class="brand">Wrigley</span>
    <span class="item"  role="presentation" aria-hidden="true" >
        <a role="presentation" aria-hidden="true"   class="product-url" href="http://shop.coles.com.au/online/national/wrigleys-eclipse-mints-spearmint">
        	Eclipse Spearmint Mints&nbsp;
        	34g
        </a>
    </span>
	<span class="size">
			
 	</span>
</div>


	<div class="purchasing">	    
	    <div class="saving">
	    	
	    </div>
	   	
	    		<div class="price"><span class="accessibility">Purchase price </span><small>$</small>2.85</div>
	    	
	    <div class="unit-price"><span class="accessibility">Unit price </span>$8.38 per 100G</div>
	    <div class="special-offer">	    	
	    	
	    </div> 
	    <div class="availability">Temporarily unavailable</div>
	    <div class="purchase">
		
			<input type="number" title="Add Quantity for Wrigley Eclipse Spearmint Mints 34g" name="quantity" id="catEntry_80216_qty" value="1" maxlength="2" size="2" class="v-mandatory v-numeric v-minval-1">
	        <button role="button" type="submit" title="Add to trolley&nbsp;Wrigley Eclipse Spearmint Mints 34g" class="btn-red action-addToTrolley"><span role="presentation" aria-hidden="true">Add to trolley</span></button>
		
		</div>
	</div>
	<div class="lists">
		
	</div>


	    <div class="actions">
	        			
			   <div class="MUItemForTrolleyDiv MUItemForTrolley_145248" data-catentry="145248">
		         <div class="MUul_145248"><div class="MUli_145248 hidden" aria-hidden="true"><span class="inTrolley"><span class="MUSpan_145248">0</span> in trolley</span></div></div>
		       </div>
		        <p class="clear"></p>
			 
			<div class="member-usuals-remove">
				<a href="#"	class="action-removeFromUsuals usuals-remove">Remove from list <span class="accessibility">Wrigley Eclipse Spearmint Mints 34g</span></a>			
			</div>
			
				<div class="list">
					<a href="#"	class="action-addToList action-list-add">Add to list <span class="accessibility">Wrigley Eclipse Spearmint Mints 34g</span></a> 
				</div>
				<div class="member-list-add">
					<a href="#"	class="action-addToList action-list-add">Add to another list <span class="accessibility">Wrigley Eclipse Spearmint Mints 34g</span></a>
				</div>
			
			<div class="member-list-remove">
				 <a href="#" class="action-removeFromList">Remove from list <span class="accessibility">Wrigley Eclipse Spearmint Mints 34g</span></a> 
			</div>
			
				<div class="compareProd" role="presentation" aria-hidden="true">
					<a href="#" class="compare compare-add">Compare</a>
				</div>
			
				<a href="http://shop.coles.com.au/online/national/wrigleys-eclipse-mints-spearmint" class="product-url accessibility">More details for Wrigley&nbsp;Eclipse Spearmint Mints</a>
			
		</div>  
      

       	
		    <div role="presentation" aria-hidden="true" id="share" class="share" data-social="{productImgUrl:'http://shop.coles.com.au:27900/wcsstore/Coles-CAS/images/4/7/1/4719647-th.jpg'
	                                               ,productDisplayUrl:'http://shop.coles.com.au/online/national/wrigleys-eclipse-mints-spearmint'
	                                               ,title:'Wrigley Eclipse Spearmint Mints '
	                                               ,description:'Powerful fresh breath'}">
		 	</div>
 		
	</div>
</div>


	</form>
</div>

    </div>
    <form id="analytics-data-search-navigation" name="analytics-data-search-navigation" method="post" action="" class="hidden" aria-hidden="true">
<input type="hidden" name="WT.z_adevent" value="view" />
<input type="hidden" name="WT.z_ad" value="center-top-CAT_All_Product_1" />
</form>

<div class="pagination clearfix">
<form class="selector" id="frmResults" action="" method="post"><label for="resultsPerPage">Results per page</label> <select id="resultsPerPage" name="resultsPerPage">
    <option  selected="selected"  value="20">20</option>
    <option  value="40">40</option>
    <option  value="100">100</option>
</select></form>


    <ul class="navigator">
        
                    <li class="current"><span class="btn-transparent">1</span></li>
                
                    <li><a role="button" href="#pageNumber=2&currentPageSize=20" data-beginIndex="20" title="Navigate to result page 2" class="btn-aqua action-change-page">2</a></li>
                
                    <li><a role="button" href="#pageNumber=3&currentPageSize=20" data-beginIndex="40" title="Navigate to result page 3" class="btn-aqua action-change-page">3</a></li>
                
                    <li><a role="button" href="#pageNumber=4&currentPageSize=20" data-beginIndex="60" title="Navigate to result page 4" class="btn-aqua action-change-page">4</a></li>
                
                    <li><a role="button" href="#pageNumber=5&currentPageSize=20" data-beginIndex="80" title="Navigate to result page 5" class="btn-aqua action-change-page">5</a></li>
                
        	<li class="next"><a role="button" href="#pageNumber=2&currentPageSize=20" data-beginIndex="20" title="Next page of results" class="btn-aqua action-change-page">Next &rarr;</a></li>
        
    </ul>
</div>

</div>

			</div>
		
		<div class="localisation-disclaimer msg-warning hidden">
			Can&rsquo;t find what you&rsquo;re looking for? You may not be seeing what&rsquo;s available in your local store. <a href="#localisation" class="popup-launch" title="Tell us your location to see your local range">Tell us your location to see your local range</a>
		</div>
	<form id="analytics-data-browse" name="analytics-data-browse" method="post" action="" class="hidden" aria-hidden="true">
<input type="hidden" name="WT.z_facet" value="" />
<input type="hidden" name="WT.cg_n" value="Browse" />
<input type="hidden" name="WT.z_viewtype" value="list" />
<input type="hidden" name="WT.cg_s" value="Pantry" />
</form> 
</div>
		
				</div>
				
<input type="hidden" name="environmentKey" value="PRODL" />


<div class="espot hidden">
	

<div data-analytics="center-middle" class="genericESpot" id="WC_ContentAreaESpot_div_1_52701" style="width: 950px; min-height: -1px;">
	
	    <p class="caption" style="display:none" id="WC_ContentAreaESpot_div_2_52701">[FOOTER_All_Content_2]</p>   
	
            <div class="ad" id="ad_52701">
        <script type="text/javascript">
// Catalogue eSpot Tag v1.631 12-Dec-14
//

(function (active) {
    var analytics = {
        d: {'inline': false},
        log: function (message, o) {
            window.console && console.log('eSpot analytics: ', message, (o == undefined ? '' : o));
        },
        ga_initialised: false,
        ga: function (d) {
            var opts = {}, c_opts = {}, event_only = false;

 			if (d.user_id) {
 				c_opts['userId'] = d.user_id;
 				opts['dimension19'] = d.user_id;
 			}
				
			if (!analytics.ga_initalised) {
				ga('create', 'UA-29884571-2', (location.hostname.match(/coles\.com\.au$/i)==null ? '' : 'coles.com.au'), c_opts);
				ga('require', 'displayfeatures');
				ga('require', 'ec', 'ec.js');
				analytics.ga_initalised = true;
			}
			
            if (d.page)
                opts['page'] = d.page;

			if (d.init_ohc){
                opts['dimension12'] = 0;
                opts['dimension14'] = 'New';
			}
			            
            if (d.localisation) {
                ga('send', 'event', 'Localisation', d.localisation, location.pathname);
            }

			// Internal Campaign Click Tracking
            if (d.int_campaign_c) {
				ga('ec:addPromo', {
					'id': d.int_campaign_c,
					'name': d.int_campaign_c,
					'creative': '',
					'position': d.catalog ? d.catalog : ''
				});
				ga('ec:setAction', 'promo_click');
                ga('send', 'event', 'Internal Promotion', 'Click', d.catalog ? d.catalog : '');
                if (!d.inline)
                	event_only = true;
			}
 			// Internal Campaign Impression Tracking
			if (d.int_campaign_i) {
				dojo.forEach(d.int_campaign_i, function (e) {
					ga('ec:addPromo', {
						'id': e['name'],
						'name': e['name'],
						'creative': '',
						'position': e['pos']
					});
				});
            }
            
            // Custom dimensions
            if (d.cust) {
				var labels = ['cust', 'state', 'region', null, 'fcntr', 'flybuys'];
				for (i = 0; i < labels.length; i++) {
					if (labels[i])
						opts['dimension' + (i + 3)] = d[labels[i]];
				}
			}
			            
            if (d.registration_event) {
                ga('send', 'event', 'Registration', d.registration_event, opts);
                opts['page'] = '/register/success/' + d.registration_event
            }

            if (d.login_event)
                ga('send', 'event', 'Log In', d.login_event, opts);

            // External campaign tracking via WT.mc_id   
            if (d.ext_campaign_id) {
                var c = d.ext_campaign_id.split('_');
                var ga_cd = ['campaignName', 'campaignMedium', 'campaignSource', 'campaignContent', 'campaignKeyword'];
                dojo.forEach(d.ext_campaign_id.split('_'), function (v, i) {
                    ga('set', ga_cd[i], v);
                });
                ga('set', 'campaignId', d.ext_campaign_id);
            }

            // Product Details View
            if (d.product_details) {
	            ga('ec:addProduct', d.product_details);
				ga('ec:setAction', 'detail');
            }

            // Javascript Exception Tracking
            if (d.exception) {
                ga('send', 'event', 'JavaScript', 'Analytics eSpot Exception', d.exception);
                event_only = true;
            }
            
            // Aisle/Search Tracking
            if (d.catalog)
                opts['dimension11'] = d.catalog.replace(/_/g, ' > ');

            // Product Promotion Tracking
            if (d.promo && (d.event==null || d.event.match(/page_load|onclicking_Tab/))) {
            	limit = 0;
				for(i in d.promo) {
					var p = d.promo[i];
					limit++;
					if (p['promotion'] && limit<41) {
						ga('ec:addImpression', {
							'id': p['sku'],
							'name': p['name'],
							'brand': p['brand'],
							'position': p['position'],
							'list': d.promo.presentation ? analytics.utils.format_promo(p, d.promo.presentation)[0] : p['category']
						});
					}
				}
				if (d.event && d.event.match(/page_load|onclicking_Tab/)) {
					event_only = true;
					ga('send', 'event', 'Product Promotion', 'Impression', 'Upsell', opts);
				}
            }

			// Add to Cart
			if (d.event && d.event.match(/add-to-cart|add-to-trolley/)) {
				var label = ''; value = 0
				if (d.catalog) {
					ga('set', {'dimension11': d.catalog.replace(/_/g, ' > '), 'metric2': 1});			
					label = 'List';
					value = d.rank;
				}
				if (d.promo) {
					ga('ec:addProduct',{ 
						'id': d.promo['sku'], 
						'name': d.promo['name'], 
						'brand': d.promo['brand'],
						'position':d.promo['position']
					});
					ga('ec:setAction', 'add', {'list': d.promo['category']});
					label = 'Promotion';
				}
				if (d.product_details) 
					label = 'Product Details';
				if (d.search) 
					label = 'Search';
				if (d.my_usuals)
					label = 'My Usuals';
				if (d.my_orders)
					label = 'My Orders';	
				ga('send', 'event', 'Trolley', 'Add to Cart', label, value);
				event_only = true;
			}
			
			// Refunds
			if (d.refund) {
				ga('ec:setAction', 'refund', {'id': d.refund});				
				ga('send', 'event', 'Order', d.operation, d.reason);
				event_only = true;
			}
			
			// Check if user seen the spend stretch banner
			if (d.offer){
				opts['dimension20'] = d.offer;
			}

            if (!event_only) {
            	if (location.href.match(/[a-zA-Z0-9_.+-]+(@|%40)[a-zA-Z0-9-]+\.[a-zA-Z0-9-.]+/i)){
            		opts['page'] = location.pathname;
            	}	
	  	 		ga('send', 'pageview', opts);
	  	 	} 
        },
		wt_deferred_count: 8,
        wt_deferred_track: function(args){
        	// Caters for Webtrends object not being available
        	if (analytics.wt_deferred_count<1) return;
			if (typeof(Webtrends)=='undefined') {
				analytics.log('Attempt: '+analytics.wt_deferred_count)
				analytics.wt_deferred_count--;
				setTimeout(function(){analytics.wt_deferred_track(args);}, 1000);
			} else {
	            Webtrends.multiTrack(args);
	        }
        },
        wt: function (d) {
            var args = {'WT.dl': 50};
			var send_data = false;
			
            // Login
            if (d.login_event) {
				args['WT.z_signon'] = 'standard';
				send_data = true;					
			}

            // Add to Cart
            if (d.event == 'add-to-cart') {
				if (d.promo) {
					args['WT.z_promo'] = analytics.utils.format_promo(d.promo).join('|');
					args['WT.z_promo_event'] = 'add-to-cart';
					send_data = true;					
				}
				if (d.catalog) {
					args['WT.z_aisle'] = d.catalog;
					args['WT.z_aisle_event'] = 'add-to-cart';
					args['WT.z_aisle_item_rank'] = d.rank;
					send_data = true;					
				}
            }
            // Internal Campaign Impression Tracking 
            if  (d.int_campaign_i) {
                if (d.int_campaign_i && d.int_campaign_i.length > 0) {
                    args['WT.z_ic'] = [];
                    dojo.forEach(d.int_campaign_i, function(e) {
                        args['WT.z_ic'].push(e['name']);
                    });
                    args['WT.z_ic'] = args['WT.z_ic'].join(';');
                    args['WT.z_ic_event'] = 'impression';
					send_data = true;					
                }
            }
            
            // Internal Campaign Click Tracking
            if (d.int_campaign_c && !d.inline) {
				args['WT.z_ic'] = d.int_campaign_c;
				args['WT.z_ic_event'] = 'click';
				send_data = true;
            }
			
			// Promotions
			if (d.event && d.promo && d.event.match(/page_load|add-to-trolley|onclicking_Tab/)) {
				args['WT.z_promo_event'] = d.event=='add-to-trolley' ? 'add-to-cart': 'impression';
				var v = [];
                for (x in d.promo) {
					if (d.promo[x]['promotion']) {
						var dim = analytics.utils.format_promo(d.promo[x], d.promo['presentation']).join('|');
	                    v.push(dim);
						if (args['WT.z_promo_event']=='add-to-cart')
							analytics.utils.record_sku_cookie(dim);
					}
                }
				args['WT.z_promo'] = v.join(';');
				send_data = true;
			}
            
			if (send_data) {
				if (typeof(Webtrends)=='undefined') {
					analytics.wt_deferred_count = 8;
					setTimeout(function(){analytics.wt_deferred_track({args: args});}, 2000);
				} else {
					Webtrends.multiTrack({args: args});
				}
			}
        },
        fb: function(d){
        	var id, adid, send_data=false;
        	if (d.homepage) {
        		id = '502757';
        		adid = '125283';
        		send_data = true;
        	}
        	
        	if (send_data) {
				var img = new Image(1, 1);
				img.src = '//pixel.mathtag.com/event/img?mt_id='+id+'&mt_adid='+adid+'&v1=&v2=&v3=&s1=&s2=&s3='
			}
        },
        rm: function(d){
            if (d.registration_event || d.login_event) {
				require(["dojo/io/script"], function(script){
					var deferred = script.get({'url': '//www.googleadservices.com/pagead/conversion_async.js'});
					deferred.then(function(){
						window.google_trackConversion({
						  google_conversion_id: 1066356933, 
						  google_custom_params: {},
						  google_remarketing_only: true
						});				
					});
				});
			}
        },
        si: function(d){
        	var codes = {'PRODL':	'si-7-12', 
        				'PRODS':	'si-7-48',
        				'SVTL': 	'si-7-47',
        				'SVTS':		'si-7-43',
        				'SITL': 	'si-7-45',
        				'SIT': 		'si-7-42',
        				'DEV': 		'si-7-10'};
			window.Process180.GetSurveyInitiator(codes[d.env] ? codes[d.env] : 'si-7-12');
        },
        track: function (d) {
            analytics.ga(d);
            analytics.wt(d);
 			analytics.fb(d); 
 			analytics.rm(d); 
        },
        utils: {
            record_sku_cookie: function (dim) {
                var attr_window = 7 // Attribution window in days
                var sku = dim.match(/\|(\d+)-[^_]+$/)[1];
                dojo.cookie('pr-' + sku, dim, {
                    path: '/',
                    expires: attr_window
                });
            },
            format_promo: function(promo, presentation){
            	if (presentation) {
	    			return(['Upsell Page_' + promo['category'] + '_' + presentation, promo['promotion'], promo['sku'] + '-' + promo['brand'] + '-' + promo['name']]);
	    		} else {
					return([promo['category'], promo['sku'] + '-' + promo['name']]);
				}
			},
        },
        // Inline rules are required for Webtrends
        inline: function (d) {
        	// Environment
        	dojo.query('input[name="environmentKey"]').forEach(function(e){
        		d['env'] = e.value;
        	});
        		
    		//  Check for WT onLoadCookie
    		wtc = dojo.cookie('onLoadWebtrendsCookie');
    		if (wtc) {
    			// Detect localisation event
    			le = wtc.match(/WT.z_lclsrc":"([^"]+)"/);
    			if (le!=null && le.length==2)
    				d['localisation'] = le[1];
    		}
    
            // Browse Aisle and Search tracking
            if (dojo.query('body.browse, body.search').length>0) {
            	if (location.search.indexOf('searchTerm=')>0) {
	                d['catalog'] = 'Search_' + location.search.match(/searchTerm=([^$&]+)/)[1].replace(/\+/g, ' ').toLowerCase()+'_';
	                d['search'] = true;
					d.inline = true;
            	} else {
					aisle = location.pathname.match(/\/online\/[^\/]+\/([^\/]+)\/?([^\/]+)?\/?([^\/]+)?$/i);
					if (aisle!=null && aisle.length==4) {
						aisle.shift();
						for(var i=0; i<aisle.length; i++){
							if (aisle[i]==undefined)
								aisle[i]=='';
						}
						d['catalog'] = aisle.join('_');
						d.inline = true;
					}					
				}
            }

            // Internal Campaign Click Tracking with handling for localisation and login
			var url_path = location.pathname.match(/(\/[^\/]+)\/?$/i);
            // if ic_id is in the url then set cookie and the data layer
            var ic_u = location.search.match(/WT.ic_id=([^&$]+)/i);
            if (ic_u != null && ic_u.length == 2){
            	var date = new Date();
					date.setTime(date.getTime()+(3*60000)); // mins
				var exp = date.toGMTString(); 
				if (ic_u[1].match(/^mc_id$/i)){
					ic_u = location.search.match(/WT.mc_id=([^&$]+)/i);
				}    
				dojo.cookie('ic_id', ic_u[1]+"|"+url_path[1], {path: '/', expires: exp});
				d['int_campaign_c'] = ic_u[1]; 
                d['inline'] = true;
            }

            // if no ic_id on current page but cookie has ic_id then use cookie value then delete it
            var ic_c = dojo.cookie('ic_id');
            if (ic_u == null && ic_c != null && ic_c.match(url_path[1])) {
                ic_c = ic_c.split('|');
				d['int_campaign_c'] =  ic_c[0]; 
                d['inline'] = true;
                dojo.cookie('ic_id', '', {path: '/', expires: -1});
            }
            

            // Detect Product Details Page
            dojo.query('form#analytics-data-product-productdetails').forEach(function(e){
            	d['product_details'] = {
            		'id':   dojo.query('input[name="WT.pn_sku"]', e).val(),
            		'name': dojo.query('input[name="WT.cg_s"]',   e).val()
            	};
            });
            
			// Product Promotion Impression Tracking
			var position = 0;
			d['promo'] = {};
			dojo.query('body.home div.prodtile > form, body.search div.prodtile > form, body.browse div.prodtile > form').forEach(function(item){
				position++;
				var placement = item.id.replace(/_?catEntryForm_\d+$/, '').replace(/_/g, '-');
				dojo.query('span.marketedEspotDescription', item).forEach(function(element){placement='PREMIUM_ESPOT';});
				var promotion = (placement=='' && !d.int_campaign_c && !d.search) ? false : true;
				if (placement=='')
					placement = 'List';
				var p_category = (d.int_campaign_c || d.catalog || (d.product_details ? 'Product Details' : 'Home-Page'))+'|'+placement;
                dojo.query('div[data-refresh]', item).forEach(function (node) {
					if (node.getAttribute('data-refresh').match(/partNumber:\s+"(\d+)/m).length==2) {
						var p_sku 			= node.getAttribute('data-refresh').match(/partNumber:\s+"(\d+)/m)[1];
						var cat_entry_id 	= node.getAttribute('data-refresh').match(/catEntryId:\s+"(\d+)/m)[1];
						var links 			= dojo.query('div.detail a.product-url', node);
						var p_name 			= links[0].href.match(/[^$\/]+$/);
						if (d['promo']['catEntry_' + cat_entry_id]==null || promotion) {
							d['inline'] = true;
							d['promo']['catEntry_' + cat_entry_id] = {'category': p_category, 'sku': p_sku, 'name': p_name[0], 'promotion': promotion, 'position': position};
						}
					}
                });
			});

            // Write out inline elements to be collected by WT base tag
            if (d.inline) {
                document.write('<form id="analytics-data1" name="analytics-data" method="post" action="" class="hidden" aria-hidden="true">');
                if (d.catalog) {
                    document.write('<input type="hidden" name="WT.z_aisle" value="' + d.catalog + '">');
                    document.write('<input type="hidden" name="WT.z_aisle_event" value="impression">');
                }
                if (d.promo) {
                    var v = [];
                    for (x in d.promo) {
						if (d.promo[x]['promotion'])
	                        v.push(analytics.utils.format_promo(d.promo[x]).join('|'));
                    }
                    if (v.length>0) {
						document.write('<input type="hidden" name="WT.z_promo_event" value="impression">');
						document.write('<input type="hidden" name="WT.z_promo" value="' + v.join(';') + '">');
					}
                }
                if (d.int_campaign_c) {
                    document.write('<input type="hidden" name="WT.z_ic" value="' + d.int_campaign_c + '">');
                    document.write('<input type="hidden" name="WT.z_ic_event" value="click">');
                }
                document.write('</form>');
            }
        },
        rules: function (d, query, topic) {
            // External Campaign Tracking using WT parameter
            var ec = location.search.match(/WT.mc_id=([^&$]+)/i);
            if (ec != null && ec.length == 2) {
                d['ext_campaign_id'] = ec[1];
            }
            // Internal Campaign Impression Tracking 
            d['int_campaign_i'] = [];
            query('div.espot a[href*="WT.ic_id"]').forEach(function (link) {
                var pos = d.catalog ? d.catalog : '';
                var ic = link.getAttribute('href').match(/WT.ic_id(%3d|=)([^&$]+)/i);
                if (ic != null && ic.length == 3) {
                    d.int_campaign_i.push({
                        'name': ic[2],
                        'pos': pos
                    });
                }
            });

            // Detect Login event
            query('input[name="WT.z_signon"], div#myOffersElement[data-refresh*="justLoggedIn"]').forEach(function (e) {
				if ((e.name=='WT.z_signon' && document.referrer=='') || (e.id=='myOffersElement'))
	                d['login_event'] = 'from_ribbon';
            });

			// Set UserID
			var user_id = document.cookie.match(/WC_USERACTIVITY_([^=]+)/);
			if (user_id != null && user_id.length==2 && user_id[1]>0 && query('div.contact > a[title="Log out"]').length>0)
				d['user_id'] = user_id[1]; 

            // Detect Registration
            query('input[name="WT.z_regmeth"]').forEach(function (e) {
                d['registration_event'] = (e.value == 'register' ? 'from_ribbon' : 'from_checkout');
            });
            
            // Detect Home Page
            if (location.pathname.match(/^\/online\/national(\/?$|\/info\/first-shop-free-delivery$)/i))
            	d['homepage'] = location.pathname;

            // Localisation Data
            d['cust'] = 'personal';
            var x, l = dojo.cookie('analyticsCookie');
			if (l != undefined) {
				x = l.split('|');
				for (var i = 0; i < x.length; i++) {
					d[x[i].match(/WT.z_([^:]+):/)[1]] = x[i].match(/([^:$]+)$/)[1];
				}
			}

			// Order History Count
			var clv = dojo.cookie('analytics_clv');
			if (clv) {
				var clv_a = clv.split(';');
				if (clv_a.length==1 && d.login_event) {
					d['init_ohc'] = true;
					clv = '0;0';
				}
				dojo.cookie('analytics_clv', clv, {path: '/', expires: 365});
			} else {
				d['init_ohc'] = true;
				dojo.cookie('analytics_clv', '0', {path: '/', expires: 365});
			}
			
			// check if spend stretch banner appears
			if(dojo.query('div#myOffersElement ul#youroffers a').length > 0){
				d['offer'] = 'Offer Seen';
			}

            // Detect My Orders page        
            if (location.pathname.match(/\/AjaxOrderDetail/i)){
            	d['my_orders'] = true;
            }
            
            // Detect My Usuals page
            if (location.pathname.match(/\/AjaxAccountWishListDisplayView/i)){
            	d['my_usuals_list'] = true;
            }
            if (dojo.query('body.home').length > 0) {
            	query('div#my-usuals a.action-addToTrolley').on('click', function (e) {
	            	d['my_usuals_home'] = true;
            	});
            }
            
        },
        handlers: function (d, query, topic) {
            query('div#myAccount > button.action-register').on('click', function () {
                analytics.track({
                    'page': '/virtual/registration/open_registration_form'
                });
            });
            
            // Internal campaign tracking for localisation links
            query('div.espot a.action-localise[href*="WT.ic_id"]').on('click', function (e) {
				if (this.href) {
					var ic = this.href.match(/WT.ic_id=([^&$]+)/i);
					var args = {};
					if (ic != null && ic.length == 2) {
						args['int_campaign_c'] =  ic[1]; 
						analytics.track(args);
					}
				}
            });

            // Detect ajax request completions
            topic.subscribe('wcs/ajax/success', function (a, b) {
                analytics.log('wcs/ajax/success: ' + a.context);
                switch (a.context) {
					case 'productElement.trolleyAdd':
						var args = {
							'event': 'add-to-cart'
						};
						if (d.catalog) {
							var rank = parseInt(query('div[data-catentry^="catEntry_"]').indexOf(query('div[data-catentry="' + a.divId + '"]')[0]) + 1);
							if (rank) {
								args['rank'] = rank;
								args['catalog'] = d.catalog;
								if (d.page_offset) args['rank'] += d.page_offset;
							}
						}
						if (d.promo && d.promo[a.divId] && d.promo[a.divId]['promotion']) {
							args['promo'] = d.promo[a.divId];
							analytics.utils.record_sku_cookie(analytics.utils.format_promo(args.promo, null).join('|'));
						}
						if (d.product_details)
							args['product_details'] = true;
						if (d.search)
							args['search'] = true;
						if (d.my_usuals_home) {
							args['my_usuals'] = true;
							d.my_usuals_home = false;
						}
						if (d.my_usuals_list)
							args['my_usuals'] = true;
						if (d.my_orders)
							args['my_orders'] = true;
						var i=0; for (x in args){i++};		
						if (i>1)
							analytics.track(args);
						break;

					case 'refreshController.refreshArea':
						switch (a.serviceId) {
						case 'ColesCategoryView':
						case 'ColesSearchView':
							d['page_offset'] = parseInt(a.beginIndex)+query('div.genericESpot div.prodtile').length;
							break;
						}
						break;

	                case 'memberOrder.cancelOrder':
	                case 'memberOrder.modifyOrder.addItem':
               		case 'memberOrder.modifyOrder.changeTime':
               		case 'memberOrder.modifyOrder.changeFulfilment':
               		case 'memberOrder.modifyOrder.changePayment':
	                	var rc = dojo.cookie('oid_'+a.orderId);
	                	rc = (rc==undefined ? 0 : Number(rc))
	                	var args = {'refund': a.orderId+'-'+(rc==undefined ? 0 : rc)};
	                	switch (a.context) {
	                		case 'memberOrder.cancelOrder':
	                			args['operation'] = 'Cancelled';
	                			args['reason'] = '';
								break;

	                		case 'memberOrder.modifyOrder.addItem':
	                			args['operation'] = 'Modified';
	                			args['reason'] = 'Add Items';
								break;

	                		case 'memberOrder.modifyOrder.changeTime':
	                			args['operation'] = 'Modified';
	                			args['reason'] = 'Change Delivery Time';
								break;

	                		case 'memberOrder.modifyOrder.changeFulfilment':
	                			args['operation'] = 'Modified';
	                			args['reason'] = 'Change Fulfilment';
								break;

	                		case 'memberOrder.modifyOrder.changePayment':
	                			args['operation'] = 'Modified';
	                			args['reason'] = 'Change Payment Method';
								break;
	                	}
						if (args.operation=='Modified') 
							dojo.cookie('oid_'+a.orderId, rc+1, {path: '/', expires: 14});
						else
							dojo.cookie('oid_'+a.orderId, '', {path: '/', expires: -1});
						analytics.track(args);
						break;						
                }
            });
        },
        init: function (d) {
			(function(i,s,o,g,r,a,m){i['GoogleAnalyticsObject']=r;i[r]=i[r]||function(){
			(i[r].q=i[r].q||[]).push(arguments)},i[r].l=1*new Date();a=s.createElement(o),
			m=s.getElementsByTagName(o)[0];a.async=1;a.src=g;m.parentNode.insertBefore(a,m)
			})(window,document,'script','//www.google-analytics.com/analytics.js','ga');

			// Override push method on dataLayer Array so we can process event data being added to the dataLayer
			window.dataLayer = window.dataLayer || [];
			window.dataLayer.push = function(){
				var result = Array.prototype.push.apply(this,arguments);
				if (result>0 && arguments!=undefined && arguments.length>0 && arguments[0].event) {
					analytics.log('Event pushed to dataLayer');
					var d = analytics.d, a;
					while (window.dataLayer!=undefined && window.dataLayer.length>0) {
						a = window.dataLayer.shift();
						for (var p in a) {
							d[p] = a[p];
						}
					}
					try {
						analytics.d = d;
						analytics.log('DataLayer:', d);
						analytics.track(d);
					} catch (e) {
						analytics.log(e);
						analytics.ga({
							'exception': e.message
						});
					}
				}
				return result;
			}

            analytics.inline(d);

// 			require(["dojo/io/script"], function(script){
// 				var deferred = script.get({'url': '//si.process180.com/js/surveyinitiator.pack.js'});
// 				deferred.then(function(){analytics.si(d)});
// 			});

            require(['dojo/query', 'dojo/topic', 'dojo/domReady!'], function (query, topic) {
                try {
                    analytics.handlers(d, query, topic)
                    analytics.rules(d, query, topic);
                    analytics.track(d);
                } catch (e) {
                    analytics.log(e);
                    analytics.ga({
                        'exception': e.message
                    });
                }
            });
        }
    };
    if (active)
        analytics.init(analytics.d);

})(true); // version 1.6-31
</script>
            </div>
        


</div>


</div>

<div class="espot hidden">
	

<div data-analytics="center-middle" class="genericESpot" id="WC_ContentAreaESpot_div_1_" style="width: 950px; min-height: -1px;">
	
	    <p class="caption" style="display:none" id="WC_ContentAreaESpot_div_2_">[GLOBAL_All_Content_1]</p>   
	


</div>


</div>


<div id="footer" class="rounded">
	<div class="pageBottom">
		<div></div>
	</div>
	<div class="layout-25-25-25-25">
		<div class="column-1">
			<div class="plain-box">
				<h2>Shop online</h2>
				<ul>
					<li>
						<a href="http://shop.coles.com.au/online/national/specials-offers" title="Specials">Specials</a>
					</li>
					<li>
						<a href="http://shop.coles.com.au/online/national/promo/all" title="Promotions">Promotions</a>
					</li>
					<li>
						<a href="https://shop.coles.com.au/online/ColesMyListsView?catalogId=10576&amp;urlLangId=-1&amp;langId=-1&amp;storeId=10601" title="Shopping lists">Shopping lists</a>
					</li>
					<li>
						<a href="http://shop.coles.com.au/online/national/info/recipes" title="Recipes">Recipes</a>
					</li>
					<li>
						<div class="espot">
							

<div data-analytics="suppress-webtrends" class="genericESpot" id="WC_ContentAreaESpot_div_1_10655" style="min-height: px;">
	
	    <p class="caption" style="display:none" id="WC_ContentAreaESpot_div_2_10655">[FOOTER_All_Content_1.1]</p>   
	
            <div class="ad" id="ad_10655">
        <style>

.footer-custom {
margin-bottom: 5px;
}
</style>
            </div>
        
            <div class="ad" id="ad_10655">
        
                            <a id="WC_ContentAreaESpot_links_7_2" href="http://shop.coles.com.au/webapp/wcs/stores/servlet/ClickInfo?evtype=CpgnClick&mpe_id=10655&intv_id=46101&storeId=10601&catalogId=10576&langId=-1&URL=ColesContentTemplateView%3fcontentType%3dcoles-mastercard-offer"  >
                        <div class="footer-custom">Coles Mastercard</div>               
                            </a>
                        
            </div>
        
            <div class="ad" id="ad_10655">
        
                            <a id="WC_ContentAreaESpot_links_7_3" href="http://shop.coles.com.au/webapp/wcs/stores/servlet/ClickInfo?evtype=CpgnClick&mpe_id=10655&intv_id=46101&storeId=10601&catalogId=10576&langId=-1&URL=ColesContentTemplateView%3fcontentType%3dcompetition-winners"  >
                        <div class="footer-custom">Competitions & Winners</div>
               
                            </a>
                        
            </div>
        
            <div class="ad" id="ad_10655">
        <div class="footer-custom"><A href="/online/mobile/national/">Mobile site</A></div>

            </div>
        


</div>


						</div>					
					</li>
				</ul>
			</div>
		</div>
		<div class="column-2">
			<div class="plain-box">
				<h2>Getting started</h2>
				<ul>
					<li>
						<a href="http://shop.coles.com.au/online/national/info/about-us" title="About us">About us</a>
					</li>
					<li>
						<a href="http://shop.coles.com.au/online/national/info/home-delivery" title="Home delivery">Home delivery</a>
					</li>
					<li>
						<a href="http://shop.coles.com.au/online/national/info/click-collect" title="Click &amp; Collect">Click &amp; Collect</a>
					</li>
					<li>
						<div class="espot">
							

<div data-analytics="suppress-webtrends" class="genericESpot" id="WC_ContentAreaESpot_div_1_10656" style="min-height: -1px;">
	
	    <p class="caption" style="display:none" id="WC_ContentAreaESpot_div_2_10656">[FOOTER_All_Content_1.2]</p>   
	
            <div class="ad" id="ad_10656">
        
                            <a id="WC_ContentAreaESpot_links_7_1" href="http://shop.coles.com.au/webapp/wcs/stores/servlet/ClickInfo?evtype=CpgnClick&mpe_id=10656&intv_id=10054&storeId=10601&catalogId=10576&langId=-1&URL=ColesContentTemplateView%3fcontentType%3dremote-delivery"  >
                        <div class="footer-custom">Remote delivery</div>

<!--Feedbackify-->
<script type="text/javascript">
var fby = fby || [];
fby.push(['setDevice', 'desktop']);
fby.push(['showTab', {id: '4121', position: 'left', color: '#FF1F3A'}]);
(function () {
    var f = document.createElement('script'); f.type = 'text/javascript'; f.async = true;
    f.src = '//cdn.feedbackify.com/f.js';
    var s = document.getElementsByTagName('script')[0]; s.parentNode.insertBefore(f, s);
})();
</script>



<!-- Error page tag-->
<script>
require(["coles/common/environment"], function(env){
	env.WT_ID = 'dcss9egqp00000sthfwe6qrxc_3j1n';
});
require(["dojo/ready", "dojo/query", "dojo/topic", "coles/common/analytics", "dojo/domReady!"], function(ready, query, topic, analytics){
	ready(function(){
		if (query("title").text().match(/^Error/i)) {
			var ec = query("input[name='WT.z_errorcode']").val();
			var mg = query("div.coles-error span").text()
			topic.publish("coles/common/analytics/send", {
				 "WT.cg_n": "Error",
				 "WT.cg_s": "Error - "+ec+' - '+mg,
				 "WT.z_errorcode": ec+' - '+mg
			});  
		}
	});
});
</script>

               
                            </a>
                        
            </div>
        
            <div class="ad" id="ad_10656">
        
                            <a id="WC_ContentAreaESpot_links_7_2" href="http://shop.coles.com.au/webapp/wcs/stores/servlet/ClickInfo?evtype=CpgnClick&mpe_id=10656&intv_id=10054&storeId=10601&catalogId=10576&langId=-1&URL=ColesContentTemplateView%3fcontentType%3dfreshness-guarantee"  >
                        <div class="footer-custom">Freshness Guarantee</div>
               
                            </a>
                        
            </div>
        


</div>


						</div>
					</li>
				</ul>
			</div>
		</div>
		<div class="column-3">
			<div class="plain-box">
				<h2>Customer service</h2>
				<ul>
					<li>
						<a href="http://shop.coles.com.au/online/national/info/payment-and-pricing" title="Payment options">Payment options</a>
					</li>
					<li>
						<a href="http://shop.coles.com.au/online/national/info/customer-agreement" title="Customer agreement">Customer agreement</a>
					</li>
					<li>
						<a href="http://shop.coles.com.au/online/national/info/privacy-policy" title="Privacy policy">Privacy policy</a>
					</li>
					<li>
						<a href="http://shop.coles.com.au/online/national/info/product-recall" title="Product recall">Product recall</a>
					</li>
					<li>
						<a href="http://shop.coles.com.au/online/national/info/changes-cancellations-and-returns" title="Changes, cancellations and returns">Changes, cancellations and returns</a>
					</li>
					<li>
						<div class="espot">
							

<div data-analytics="suppress-webtrends" class="genericESpot" id="WC_ContentAreaESpot_div_1_10657" style="min-height: -1px;">
	
	    <p class="caption" style="display:none" id="WC_ContentAreaESpot_div_2_10657">[FOOTER_All_Content_1.3]</p>   
	
            <div class="ad" id="ad_10657">
        <a class="footer-custom" href="/online/national/info/business-accounts-and-orders">Business accounts and orders</a>
<a class="footer-custom" href="/online/national/info/accessibility-guide">Accessibility Guide</a>
<a class="footer-custom" href="/online/national/info/help"> Help </a>
            </div>
        


</div>


						</div>					
					</li>
				</ul>
			</div>
		</div>
		<div class="column-4">
			<div class="plain-box">
				<h2>Contact</h2>
				<ul>
					<li>
						<a href="http://shop.coles.com.au/online/national/contact-us" title="Contact us">Contact us</a>
					</li>
					<li>
						<a href="http://www.facebook.com/coles" target="_blank" title="Follow us on Facebook">Follow us on Facebook</a>
					</li>
					<li>
						<a href="http://www.twitter.com/colesonline" target="_blank" title="Follow us on Twitter">Follow us on Twitter</a>
					</li>
					<li>
						<a href="http://blog.colesonline.com.au" target="_blank" title="Read our blog">Read our blog</a>
					</li>
					<li>
						<a href="http://www.coles.com.au/Stores-Services/Locations-trading-hours.aspx" target="_blank" title="Store locator">Store locator</a>
					</li>
					<li>
						<a href="http://shop.coles.com.au/online/national/sitemap" title="Site map">Site map</a>
					</li>
					<li>
						<div class="espot">
							

<div data-analytics="suppress-webtrends" class="genericESpot" id="WC_ContentAreaESpot_div_1_10658" style="min-height: -1px;">
	
	    <p class="caption" style="display:none" id="WC_ContentAreaESpot_div_2_10658">[FOOTER_All_Content_1.4]</p>   
	
            <div class="ad" id="ad_10658">
        <style> 
body {
    background: url("/wcsstore/ColesStorefrontAssetStore/images/-catimg/2014/12/20141229-summer-skins.jpg") no-repeat fixed center top transparent !important;
}
</style>
            </div>
        
            <div class="ad" id="ad_10658">
        
<style type="text/css">
/* CSS fix for menu spacing */
.megamenu > ul > li > a {
    padding: 7px 5px 4px 7px;
}
/* CSS update for bakery description trial */
.bakeHide span:nth-child(3) {
      display:none!important;
    }
/* CSS fix for product details tab */
.tab-content {
    height: auto;
}

</style>
            </div>
        
            <div class="ad" id="ad_10658">
        <!-- code to change e-spot minimum height -->
<script>

require([ "dojo/query", "dojo/NodeList-dom", "dojo/domReady!" ], function(query) {
    query('div.genericESpot').style( "minHeight", "0px" );
});


</script>


            </div>
        


</div>


						</div>					
					</li>
				</ul>
			</div>
		</div>
		<div class="clear"></div>
	</div>
</div>


<div id="logIn" class="popup rounded pageShadow popup-https"  aria-labelledby="logIn-dialog-title">	
	
	<div id="logIn-dialog-title">		
		<span  class="accessibility">pop up box displayed&nbsp;Login</span>
	</div>	
	<h1 tabIndex="0" class="dialogbox-start init-focus">
		<span>Log</span>&nbsp;In
	</h1> 
	<div class="close pageShadow">
		<a href="#logIn" class="popup-close" title=""> 
			Close this pop up dialog box
		</a>
	</div>
	
	
	<div class="messageArea"></div>
	 

<form method="POST" name="logInForm" action="https://shop.coles.com.au/online/Logon?catalogId=10576&langId=-1&storeId=10601" id="logInForm" class="formLayout">
	<input type="hidden" name="authToken" value=""/>
	<input type="hidden" name="reLogonURL" value="LogonForm" id="WC_AccountDisplay_FormInput_reLogonURL_In_Logon_1"/>
    <input type="hidden" name="myAcctMain" value=""/>
	<input type="hidden" name="updatePrices" value="0" id="WC_AccountDisplay_FormInput_updatePrices_In_Logon_1"/>
	<input type="hidden" name="errorViewName" value="LogonForm" id="WC_AccountDisplay_FormInput_errorViewName_In_Logon_1"/>                                 
	<input type="hidden" name="previousPage" value="logon" id="WC_AccountDisplay_FormInput_previousPage_In_Logon_1"/>
	<input type="hidden" name="returnPage" value="http://shop.coles.com.au/webapp/wcs/stores/servlet/national/pantry/pantry" id="WC_AccountDisplay_FormInput_returnPage_In_Logon_1"/>
	<input type="hidden" name="storeFrontUser" value="true" id="WC_AccountDisplay_FormInput_storeFrontUser_In_Logon_1"/>
	<input type="hidden" name="channel" value="BeginDesktopCheckout"/>
	<input type="hidden" name="loginPage" value="LoginFromReviewTrolleyPage"/>
	<input type="hidden" name="URL" value="https://shop.coles.com.au/online/OrderItemMove?cmdStoreId=10401&amp;moveAutoAddedOrderItems=1&amp;updatePrices=1&amp;moveOrderPromotionCode=1&amp;calculationUsageId=-1&amp;calculationUsageId=-2&amp;calculationUsageId=-7&amp;createIfEmpty=0&amp;deleteIfEmpty=*&amp;continue=1&amp;toOrderId=.&amp;fromOrderId=*&amp;URL=https%3A%2F%2Fshop.coles.com.au%2Fonline%2FOrderCalculate%3FcmdStoreId%3D10401%26calculationUsageId%3D-1%26calculationUsageId%3D-2%26calculationUsageId%3D-7%26updatePrices%3D1%26catalogId%3D10576%26langId%3D-1%26storeId%3D10601%26URL%3Dhttp%253A%252F%252Fshop.coles.com.au%252Fwebapp%252Fwcs%252Fstores%252Fservlet%252Fnational%252Fpantry%252Fpantry" id="logonURL" />
	
			<input type="hidden" name="flowprocess" value="" id="flowprocess"/>
		

	<div class="wrap">
		<div class="row">
			<label for="logonId" class="w-45">Email address:</label> 
		   
			<input class="w-80 v-mandatory v-email v-maxchars-50 init-focus" type="email" autocorrect="off" name="logonId" id="logonId"  value=""/>
			 <span><a href="http://shop.coles.com.au/online/national/info/help-logging-in">Not sure which email to use?</a></span>
			
		</div>
		<div class="row">
			<label for="logonPassword" class="w-100">Password:</label>
			<input class="w-50 v-mandatory" name="logonPassword" type="password" id="logonPassword" autocomplete="off" />
			
				<a href="#forgotPassForm" class="btn popup-launch" title="">Forgot your password?</a>
			
		</div>
		<div class="row">
		
		</div>
     
		<div class="clear"></div>
	</div>
	<input type="submit" class="btn-grey" value="Log in" title="Log in" name="btnLogin" />
	
	
		<a href="#logIn" class="btn popup-close" title="Cancel">Cancel</a>
	 
	
	<div class="clear"></div>
	
		<hr>
		<p>Don't have an account yet? <a href="#register" class="popup-launch action-register" title="Register for an account">Register now</a></p>
		
</form>
<form id="analytics-data-logIn" name="analytics-data-logIn" method="post" action="" class="hidden" aria-hidden="true">
<input type="hidden" name="DCS.dcsuri" value="/logIn" />
<input type="hidden" name="WT.cg_n" value="Register" />
<input type="hidden" name="WT.ti" value="Login" />
</form> 
    <div class="dialogbox-end" tabIndex="0">
		<span class="accessibility">end of pop up dialog box</span>
	</div>
	    
</div>

<div id="register" class="popup rounded pageShadow popup-https"  aria-labelledby="register-dialog-title">
	
	<div id="register-dialog-title">		
		<span  class="accessibility">pop up box displayed&nbsp; Registration</span>
	</div>	
	
	<h1 tabIndex="0" class="dialogbox-start init-focus">
		<span>Register</span> 
	</h1>
	<div class="close pageShadow">
		<a href="#register" class="popup-close" title="">Close this pop up dialog box</a>
	</div>
	<div class="messageArea"></div>
	
<form id="registerForm" class="formLayout" method="post" action="https://shop.coles.com.au/online/UserRegistrationAdd?catalogId=10576&langId=-1&storeId=10601">
	<input type="hidden" name="authToken" value="" />
	<input type="hidden" name="redirectUrl" value="" />
	<input type="hidden" name="errorViewName" value="UserRegistrationAddFormView" id="WC_UserRegistrationAddForm_FormInput_errorViewName_In_Register_1"/>
	<input type="hidden" name="storeId" value="10601" id="WC_UserRegistrationAddForm_FormInput_storeId_In_Register_1"/>
    <input type="hidden" name="catalogId" value="10576" id="WC_UserRegistrationAddForm_FormInput_catalogId_In_Register_1"/>
	<input type="hidden" name="suburbPostCodeId" value="" />
	<input type="hidden" name="serviceType" value="" />
	<input type="hidden" name="inputSuburbPostCodeId" value="" />
	<input type="hidden" name="externalffmcId" value="" />	
	<input type="hidden" name="state" value="" />	
	<input type="hidden" name="score" value="" />	
	<input type="hidden" name="collectionpoint" value="" />	
	<input type="hidden" name="suburb" value="" />	
	<input type="hidden" name="zoneId" value="" />	
	<input type="hidden" name="zipCode" value="" />	
	<input type="hidden" name="postcode" value="" />
	<input type="hidden" name="country" value="AU" />	
	<input type="hidden" name="longitude" value="" />	
	<input type="hidden" name="latitude" value="" />
	<input type="hidden" name="stlocId" value="" />	
	<input type="hidden" name="URL" value="http://shop.coles.com.au/webapp/wcs/stores/servlet/national/pantry/pantry" id="registerURL" />
	<input type="hidden" name="returnPage" value="http://shop.coles.com.au/webapp/wcs/stores/servlet/national/pantry/pantry"/>
	
	<input type="hidden" name="flybuysShoppingHistoryToken" value= "1" />
	<input type="hidden" name="registerCode" value="register"/>
	
	<div class="wrap">
		<p>
			Please register your details and tell us your location so you can save time when you check out.
		</p>
		<div class="row">
			<input type="checkbox" value="1" id="ProfileBusinessUser_null_a_1" name="ProfileBusinessUser_null_a_1" class="s-5" />
			<label for="ProfileBusinessUser_null_a_1" class="highlight normal">I am a business customer</label>
		</div>
		<div id="businessCustomer" class="businessFields hidden" disabled="disabled">
			<div class="row businessFields hidden" disabled="disabled">
				<label for="txtBusinessName" class="businessFields w-70 hidden" disabled="disabled">Business name</label>
				
				<input type="text" id="txtBusinessName" maxlength="50" autocorrect="off" name="ProfileBusinessCustomerName_null_a_1" value="" class="businessFields w-70 v-mandatory v-alphanumeric4 v-maxchars-128 hidden" disabled="disabled"/>
				
			</div>
			<div class="row businessFields hidden" disabled="disabled">
				<label for="txtABN" class="w-60 businessFields hidden" disabled="disabled">ABN</label> 
				<input type="number" id="txtABN" name="ProfileBusinessCustomerABN_null_a_1" value="" class="businessFields w-50 v-abn hidden" disabled="disabled"/>
			</div>
			
			<div class="row businessFields hidden" disabled="disabled">
				<label for="txtBusinessType" class="w-60 businessFields hidden" disabled="disabled">Business type:</label> 
				<select id="txtBusinessType" name="ProfileBusinessCustomerType_null_a_1" class="businessFields w-60 v-mandatory" >
					<option value="">Please select...</option>
						
								<option value="Aged Care">
									Aged Care
								</option>
							
								<option value="Childcare">
									Childcare
								</option>
							
								<option value="Clubs / Associations">
									Clubs / Associations
								</option>
							
								<option value="Construction / Property Development / Real Estate">
									Construction / Property Development / Real Estate
								</option>
							
								<option value="Disability">
									Disability
								</option>
							
								<option value="Recreation / Leisure / Entertainment">
									Recreation / Leisure / Entertainment
								</option>
							
								<option value="Environmental">
									Environmental
								</option>
							
								<option value="Events / Festivals">
									Events / Festivals
								</option>
							
								<option value="Financial / Banking">
									Financial / Banking
								</option>
							
								<option value="Food &amp; Beverage">
									Food &amp; Beverage
								</option>
							
								<option value="Government / Councils">
									Government / Councils
								</option>
							
								<option value="Home Business">
									Home Business
								</option>
							
								<option value="Health &amp; Medical">
									Health &amp; Medical
								</option>
							
								<option value="Hotels / Tourism">
									Hotels / Tourism
								</option>
							
								<option value="Legal">
									Legal
								</option>
							
								<option value="Mining / Engineering">
									Mining / Engineering
								</option>
							
								<option value="Machinery / Manufacturing">
									Machinery / Manufacturing
								</option>
							
								<option value="Marketing / Advertising / PR / Media">
									Marketing / Advertising / PR / Media
								</option>
							
								<option value="Not for Profit">
									Not for Profit
								</option>
							
								<option value="Professional Services">
									Professional Services
								</option>
							
								<option value="Recreation">
									Recreation
								</option>
							
								<option value="Retail / Wholesalers / Distributors">
									Retail / Wholesalers / Distributors
								</option>
							
								<option value="Schools">
									Schools
								</option>
							
								<option value="Shipping / Marine">
									Shipping / Marine
								</option>
							
								<option value="Technology / Communications">
									Technology / Communications
								</option>
							
								<option value="Trade Services">
									Trade Services
								</option>
							
								<option value="Transportation">
									Transportation
								</option>
							
								<option value="Utilities">
									Utilities
								</option>
							
								<option value="Other">
									Other
								</option>
							
								<option value="Rather not say">
									Rather not say
								</option>
							
				</select>
			</div>
			
			<hr />
		</div>
		<div class="row">
			<label for="firstName" class="w-100">
				Name:
			</label> 
			<input type="text" id="firstName" name="firstName" autocorrect="off" value="" class="w-40 v-mandatory v-alpha v-maxchars-128 validate-msg-placeholder init-focus" title="Given name" placeholder="Given name" /> 
			<input type="text" id="lastName" name="lastName" autocorrect="off" value="" class="w-40 v-mandatory v-alpha v-maxchars-128 validate-msg-placeholder" title="Family name" placeholder="Family name" />
		</div>
		<div class="row">
			<label for="dateOfBirth" class="w-100">Date of birth:</label><br>
			<p class="note">
				According to Australian Law you must be of legal age to browse and purchase tobacco and smoking products. Please provide your date of birth if you wish to do either of these.
			</p>
			<input type="text" id="dateOfBirth" name="dateOfBirth" class="w-30 v-date dp-field" value="" title="dd/mm/yyyy" placeholder="dd/mm/yyyy" />
		</div>
		<div class="row">
			<label for="logonId" class="w-100">Email address:</label>
			<input type="email" id="logonId"  name="logonId" autocorrect="off" value="" class="w-70 v-mandatory v-email v-maxchars-50" />
		</div>
		

<div class="row">
	<label for="logonPassword" class="w-100">Create a password:</label>
	<p class="note">Passwords must be 7-20 characters long, and contain at least one letter and one number.</p>
	<input type="password" id="logonPassword" name="logonPassword" value="" class="w-50 v-mandatory v-password v-passwordPair" autocomplete="off" />
</div>
<div class="row">
	<label for="logonPasswordVerify" class="w-100">Confirm password:</label>
	<input type="password" id="logonPasswordVerify" name="logonPasswordVerify" value="" class="w-50 v-mandatory v-password v-passwordPairConfirm" autocomplete="off" />
</div>

		<div class="row">
			<label for="txtLocalPostcode" class="w-100">Suburb and postcode:</label>
			<div class="v-holder">
				<input type="text" id="txtLocalPostcode" name="txtLocalPostcode" autocomplete="off" autocorrect="off" value="" class="w-50 v-mandatory pred-localisation" />
			</div>
		</div>
        <br>
		<div class="row">
			<input type="checkbox" id="emailPreference" name="emailPreference" value="1" checked="checked" class="s-5" /> 
			<label for="emailPreference" class="normal">Yes, please keep me up to date on special offers, products, promotions and news from Coles online.</label>
		</div>
		
		<div class="clear"></div>
	</div>
	<input type="submit" class="btn-grey" title="Register" value="Register" name="btnRegister" /> 
	
		<a href="#register" class="btn popup-close" title="Cancel">Cancel</a>
	
	<div class="clear"></div>
	<hr>
	<span class="btn">Do you already have an account? <a href="#logIn" class="popup-launch action-login" title="Log in">Log in</a></span>
</form>
<form id="analytics-data-register" name="analytics-data-register" method="post" action="" class="hidden" aria-hidden="true">
<input type="hidden" name="WT.si_x" value="1" />
<input type="hidden" name="DCS.dcsuri" value="/register" />
<input type="hidden" name="WT.ti" value="Register" />
</form>
	<div class="dialogbox-end" tabIndex="0">
		<span class="accessibility">end of pop up dialog box</span>
	</div>	
</div>

<div id="removeAllItems" class="popup rounded pageShadow" aria-labelledby="removeAllItems-dialog-title">
	<div id="removeAllItems-dialog-title">		
		<span class="accessibility">pop up box displayed&nbsp;confirm remove all items</span>
	</div>
    <h1 id="dialog-title" tabIndex="0" class="dialogbox-start init-focus"><span>Are</span>&nbsp;you sure?</h1>
	<div class="close pageShadow"><a href="#removeAllItems" class="popup-close" title="">Close this pop up dialog box</a></div>
	
	<div class="wrap">
		<p>Just checking that you want to remove all items from your trolley (that&rsquo;s <span class="remove-quantity">0</span> items in total).</p>
	</div>
	<button type="submit" class="btn-grey" name="btnRemoveAllItems" id="btnRemoveAllItems">Yes, remove all items</button>
	<a href="#removeAllItems" class="btn popup-close removeitems-all" title="">Cancel</a>
	<div class="clear"></div>
	<form id="analytics-data-removeAllItems" name="analytics-data-removeAllItems" method="post" action="" class="hidden" aria-hidden="true">
<input type="hidden" name="DCS.dcsuri" value="/removeAllConfirmation" />
<input type="hidden" name="WT.cg_n" value="Order" />
<input type="hidden" name="WT.ti" value="Remove All Confirmation" />
<input type="hidden" name="WT.cg_s" value="Remove All Items Overlay" />
</form>
	<div class="dialogbox-end" tabIndex="0">
		<span class="accessibility">end of pop up dialog box</span>
	</div>	
</div>

<div id="forgotPassForm" class="popup rounded pageShadow" aria-labelledby="forgotPassForm-dialog-title">
	
	<div id="forgotPassForm-dialog-title">		
		<span class="accessibility">pop up box displayed&nbsp; Forgotten Password</span>
	</div>	
	<h1 tabIndex="0" class="dialogbox-start init-focus">
		<span>Forgot</span>your password? 
    </h1>		
	<div class="close pageShadow">
		<a href="#forgotPassForm" class="popup-close" title=""> 
			Close this pop up dialog box 
		</a>
	</div>
	
		
	<div class="messageArea"></div>	
	<form id="ResetPasswordForm" class="formLayout" method="post" action="PersonChangeServicePasswordReset">
		<input type="hidden" name="challengeAnswer" value="-" id="WC_PasswordResetForm_FormInput_challengeAnswer_In_ResetPasswordForm_1"/>
		<input type="hidden" name="storeId" value='10601' id="WC_PasswordResetForm_FormInput_storeId_In_ResetPasswordForm_1"/>
		<input type="hidden" name="catalogId" value='10576' id="WC_PasswordResetForm_FormInput_catalogId_In_ResetPasswordForm_1"/>
		<input type="hidden" name="langId" value='-1' id="WC_PasswordResetForm_FormInput_langId_In_ResetPasswordForm_1"/>
		<input type="hidden" name="state" value="passwdconfirm" id="WC_PasswordResetForm_FormInput_state_In_ResetPasswordForm_1"/>
		<input type="hidden" name="URL" value="AjaxActionResponse" id="WC_PasswordResetForm_FormInput_URL_In_ResetPasswordForm_1"/>
		<input type="hidden" name="errorViewName" value="AjaxActionErrorResponse" id="WC_PasswordResetForm_FormInput_errorViewName_In_ResetPasswordForm_1"/>
		<div class="wrap">
			<p>No worries. Enter the email address you used to register, and we&rsquo;ll send you a message with instructions on how to reset your password.</p>
			<div class="row">
				<label for="WC_PasswordResetForm_FormInput_logonId_In_ResetPasswordForm_1">Email address:</label>
				<input type="email" id="WC_PasswordResetForm_FormInput_logonId_In_ResetPasswordForm_1" name="logonId" autocorrect="off" class="w-70 v-mandatory v-email v-maxchars-254" />
			</div>
			<div class="clear"></div>
		</div>					
		<input type="submit" class="btn-grey popup-launch-forgotPassConfirm" title="" value="Send email" name="btnResetPassword" />	
		<a role="button" href="#forgotPassForm" class="btn popup-close" title="">
			Cancel 
		</a>
		<div class="clear"></div>
	</form>
	    <form id="analytics-data-forgotPassConfirm" name="analytics-data-forgotPassConfirm" method="post" action="" class="hidden" aria-hidden="true">
<input type="hidden" name="DCS.dcsuri" value="/forgotpassword" />
<input type="hidden" name="WT.cg_n" value="Register" />
<input type="hidden" name="WT.ti" value="Forgot your password" />
</form>
    <div class="dialogbox-end" tabIndex="0">
     <span class="accessibility">end of pop up dialog box</span>
    </div>
</div>

<div id="localisation" class="popup rounded pageShadow" aria-labelledby="localisation-dialog-title">
	
	
	<div id="localisation-dialog-title">		
		<span  class="accessibility">pop up box displayed&nbsp;tell us your location</span>
	</div>	
	 
	
	
    <h1 tabIndex="0" class="dialogbox-start init-focus">
    	<span>Let&rsquo;s</span>&nbsp;get started     
    </h1>
    <div class="close pageShadow">
    	<a href="#localisation" class="popup-close" title="">Close this pop up dialog box</a>
    </div>
	
	<form id="localisationForm" class="formLayout" method="post" action="COLLocalisationControllerCmd">
		<input type="hidden" name="redirectUrl" value="" />
		<input type="hidden" name="suburbPostCodeId" value="" />
		<input type="hidden" name="serviceType" value="" />
		<input type="hidden" name="externalffmcId" value="" />	
		<input type="hidden" name="state" value="" />	
		<input type="hidden" name="score" value="" />	
		<input type="hidden" name="collectionpoint" value="" />	
		<input type="hidden" name="suburb" value="" />	
		<input type="hidden" name="zoneid" value="" />	
		<input type="hidden" name="postcode" value="" />	
		<input type="hidden" name="longitude" value="" />	
		<input type="hidden" name="latitude" value="" />
		
		<div class="wrap">
			<p>Please enter your suburb and postcode so we can show you what's available locally.</p>
			<div class="messageArea"></div>
			<div class="row">
				<label for="txtLocalPostcode" class="w-100">Suburb and Postcode<span class="accessibility"> (After entering 3 characters a list of options will display. Use tab key to navigate list.)</span>:</label>
				<div class="v-holder">
					<input type="text" id="txtLocalPostcode" name="txtLocalPostcode" autocomplete="off" value="" autocorrect="off" autocomplete="off" class="w-50 v-mandatory pred-localisation init-focus" />
				</div>
			</div>
		</div>
		<p class="noOutline" id="acc-setLocalisation-focus" tabindex="-1"></p>
		<input type="submit" class="btn-grey" role="button" title="Submit" value="Submit" name="btnCheckPostcode" />
		
				<div class="clear"></div>
				<hr>
				<p>Shopped with us before?&nbsp;<a href="#logIn" class="popup-launch action-login" title="Log in">Log in</a></p>
			
	</form>
	<form id="analytics-data-localizationForm" name="analytics-data-localizationForm" method="post" action="" class="hidden" aria-hidden="true">
<input type="hidden" name="DCS.dcsuri" value="/localisationForm" />
<input type="hidden" name="WT.cg_n" value="Register" />
<input type="hidden" name="WT.ti" value="Localisation" />
</form>
     <div class="dialogbox-end" tabIndex="0">
		<span class="accessibility">end of pop up dialog box</span>
	 </div>
</div>

<div id="changeLocation" class="popup rounded pageShadow" aria-labelledby="changeLocation-dialog-title">
    
    
	<div id="changeLocation-dialog-title">		
		<span  class="accessibility">pop up box displayed Localisation Change</span>
	</div>	
	 
	    
    <h1 tabIndex="0" class="dialogbox-start init-focus"><span>Choose</span> a location to shop</h1>
	<div class="close pageShadow"><a href="#changeLocation" class="popup-close" title="">Close this pop up dialog box</a></div>
	
	<form id="changeLocationForm" class="formLayout" method="post" action="COLLocalisationControllerCmd">
		<input type="hidden" name="redirectUrl" value="" />
		<input type="hidden" name="suburbPostCodeId" value="" />
		<input type="hidden" name="serviceType" value="" />
		<input type="hidden" name="externalffmcId" value="" />	
		<input type="hidden" name="state" value="" />	
		<input type="hidden" name="score" value="" />	
		<input type="hidden" name="collectionpoint" value="" />	
		<input type="hidden" name="suburb" value="" />	
		<input type="hidden" name="zoneid" value="" />	
		<input type="hidden" name="postcode" value="" />	
		<input type="hidden" name="longitude" value="" />	
		<input type="hidden" name="latitude" value="" />
			
		<div class="wrap">
			<div class="messageArea"></div>
			<div class="row">
				<h2>Change location</h2>
				<label for="txtLocalPostcode" class="w-100">Suburb and Postcode<span class="accessibility"> (After entering 3 characters a list of options will display. Use tab key to navigate list.)</span>:</label>
				<div class="v-holder">
					<input type="text" id="txtLocalPostcode" name="txtLocalPostcode" autocomplete="off" value="" class="w-50 v-mandatory pred-localisation init-focus" />
				</div>
			</div>
		</div>
		<p class="noOutline" id="change-location-focus" tabindex="-1"></p>
		<input type="submit" class="btn-grey" role="button" title="Submit" value="Submit" name="btnCheckPostcode" />
		
		<a href="#changeLocation" class="btn popup-close" title="Choose later">Choose later</a>
		<div class="clear"></div>
	</form>
	<form id="analytics-data-locationChange" name="analytics-data-locationChange" method="post" action="" class="hidden" aria-hidden="true">
<input type="hidden" name="DCS.dcsuri" value="/changeLocation" />
<input type="hidden" name="WT.cg_n" value="Register" />
<input type="hidden" name="WT.ti" value="Change Location" />
</form>
     <div class="dialogbox-end" tabIndex="0">
		<span class="accessibility">end of pop up dialog box</span>
	 </div>
</div>

<div id="MultibuyRedirect" class="popup rounded pageShadow" aria-labelledby="MultibuyRedirect-dialog-title">	
	
	<div id="MultibuyRedirect-dialog-title">		
		<span  class="accessibility">pop up box displayed&nbsp;redirecting to your local specials</span>
	</div>	
	<div class="msg msg-warning">
		<h1>Let's check your local Coles</h1>
		<p>We're sending you to your local Coles so you can see what specials are on offer there.</p>
		<br/>
		<a href="#" class="action-multibuy-redirect" title="">Click here to see your local specials if it's not happening automatically</a>
	</div>
	<div class="dialogbox-end" tabIndex="0">
		<span class="accessibility">end of pop up dialog box</span>
	 </div>
</div>

<div id="multiSKUPromotionOverlay" class="popup rounded pageShadow promo" aria-labelledby="multiSKUPromotionOverlay-dialog-title"
		data-multiSKUPromo="{storeId: '10601',
							catalogId: '10576',
							langId: '-1',
							catEntryIds:'',
							promotionId:''}">	
	
	<div id="multiSKUPromotionOverlay-dialog-title">		
		<span  class="accessibility">pop up box displayed&nbsp; multi buy promotion</span>
	</div>	
	
	<h1 tabIndex="0" class="dialogbox-start init-focus"> <span class="accessibility">On special</span></h1>
	<div class="close pageShadow"><a href="#multiSKUPromotionOverlay" class="popup-close" title="">Close this pop up dialog box</a></div>
	<div class="offer"><span class="icon"></span></div>
	<div class="promotion-Details">
		
		
	</div>
	<div class="list-view">
		
	</div>
	<a role="button" href="#multiSKUPromotionOverlay" class="popup-close btn-grey" title="">Continue Shopping</a>
    <div class="dialogbox-end" tabIndex="0">
		<span class="accessibility">end of pop up dialog box</span>
	 </div>
</div>


<div id="specialOffer" class="popup rounded pageShadow" aria-labelledby="specialOffer-dialog-title" 
	data-specialOffer="{storeId: '10601', catalogId: '10576', langId: '-1', productId: ''}">
	<div id="specialOffer-dialog-title">		
		<span  class="accessibility">pop up box displayed&nbsp; Special Offer</span>
	</div>
	<form id="analytics-data-specialOffer" name="analytics-data-specialOffer" method="post" action="" class="hidden" aria-hidden="true">
<input type="hidden" name="DCS.dcsuri" value="/specialOffer" />
<input type="hidden" name="WT.cg_n" value="Order" />
<input type="hidden" name="WT.ti" value="Special Offer" />
<input type="hidden" name="WT.cg_s" value="Special Offer Overlay" />
</form>
	
    <div class="dialogbox-end" tabIndex="0">
		<span class="accessibility">end of pop up dialog box</span>
	 </div>
</div>

	
<div id="modifyOrder" class="popup rounded pageShadow" 
		data-modifyOrder="{
			storeId:'10601',
			catalogId:'10576',
			langId:'-1',
			orderId:'',
            orderTotal:''
			}" aria-labelledby="modifyOrder-dialog-title">
			
	
	<div id="modifyOrder-dialog-title">		
		<span  class="accessibility">pop up box displayed&nbsp;Modify Order</span>
	</div>	
	<h1 id="dialog-title" tabIndex="0" class="dialogbox-start init-focus">
		<span>Are you sure?</span>&nbsp;
		
	</h1>

	<div class="close pageShadow">
		<a href="#modifyOrder" class="popup-close" title="">Close this pop up dialog box</a>
	</div>	
	
	<div class="messageArea"></div>
	<div class="wrap">
		<p>Before you modify, there are 3 things to consider:<ol><li>You will receive <strong>today&rsquo;s prices and specials* </strong>on your<strong> entire order</strong></li><li>You must <strong>check out again, </strong>or you won&rsquo;t receive your order</li><li>We can hold your  delivery time for 2 hours maximum</li></ol>*Most specials change early Wednesday (Sydney time). Fruit &amp; veg specials change early Friday (Sydney time).</p>
		<a role="button" href="" class="btn-grey-dbl action-btn action-add-items" title="Add or remove items">Add or remove items</a>	
		
				<a role="button" href="" class="btn-grey-dbl action-btn action-change-time" title="Change the delivery time of this order">Change my delivery time</a>
			
				<a role="button" href="#" class="btn-grey-dbl action-btn action-change-fulfilment" title="Change to collect instead of delivery">Change to collect</a>
			
		<a role="button" href="" class="btn-grey-dbl noMargin action-btn action-change-payment" title="Change the payment method of this order">Change my payment method</a>
		<div class="clear"></div>
	</div>
	<div class="buttons">
		<a href="#modifyOrder" class="btn popup-close" title="Close this window">Close</a>
	</div>
	<div class="clear"></div>
	<form id="analytics-data-modifyOrder" name="analytics-data-modifyOrder" method="post" action="" class="hidden" aria-hidden="true">
<input type="hidden" name="DCS.dcsuri" value="/modifyOrder" />
<input type="hidden" name="WT.ti" value="Modify Order" />
</form>
	    <div class="dialogbox-end" tabIndex="0">
			<span class="accessibility">end of pop up dialog box</span>
		</div>
	    
</div>


<div id="alternativesOverlay" aria-labelledby="alternativesOverlay-dialog-title" class="popup rounded pageShadow"
	data-refresh="{refreshId:'alternativesOverlay', 
				catEntryId: '', quantity: '', catalogId: '10576',
				storeId: '10601', langId: '-1', orderId: '', 
				forStoreId: '', fulfillmentCenterId_1: '', 
				orderItemId: ''}">
	<div id="alternativesOverlay-dialog-title">		
		<span  class="accessibility">pop up box displayed&nbsp; Product Alternatives</span>
	</div>
<form id="analytics-data" name="analytics-data" method="post" action="" class="hidden" aria-hidden="true">
<input type="hidden" name="DCS.dcsuri" value="/alternatives" />
<input type="hidden" name="WT.cg_n" value="Order" />
<input type="hidden" name="WT.ti" value="Alternatives" />
<input type="hidden" name="WT.cg_s" value="Alternatives Overlay" />
</form>
      <div class="dialogbox-end" tabIndex="0">
		<span class="accessibility">end of pop up dialog box</span>
	 </div>
</div>


<div id="QASListOverlay" class="popup rounded pageShadow popup-unclosable" aria-labelledby="QASListOverlay-dialog-title">

	<div id="QASListOverlay-dialog-title">		
		<span  class="accessibility">pop up box displayed&nbsp;address validation</span>
	</div>
	<h1 tabIndex="0" class="dialogbox-start init-focus"><span>Select </span>&nbsp;a delivery address</h1>
	<div class="messageArea"></div>
	<div id="QASList">
		<p id="QASInfoText">Please select one of the options below:</p>
	</div>
	<button href="#" class="btn-grey btn-disabled" name="btnSelectAddress" role="button" disabled="disabled" title="Ok">Ok</button>
	<div class="clear"></div>
	<form id="analytics-data-deletDeliveryAddressOverlay" name="analytics-data-deletDeliveryAddressOverlay" method="post" action="" class="hidden" aria-hidden="true">
<input type="hidden" name="DCS.dcsuri" value="/QASList" />
<input type="hidden" name="WT.cg_n" value="Member" />
<input type="hidden" name="WT.ti" value="Display a list of addresses" />
<input type="hidden" name="WT.cg_s" value="QAS List Overlay" />
</form>
    <div class="dialogbox-end" tabIndex="0">
		<span class="accessibility">end of pop up dialog box</span>
	</div>
    
</div>

<div id="forgotPassConfirm" class="popup rounded pageShadow" aria-labelledby="forgotPassConfirm-dialog-title">
	
	<div class="forgotPassConfirm-dialog-title">		
		<span  class="accessibility">pop up box displayed&nbsp; Forgotten Password Confirmation</span>
	</div>	
	<h1 tabIndex="0" class="dialogbox-start init-focus">
		<span></span>
		An email is on its way		 
	</h1>	
	<div class="close pageShadow">
		<a href="#forgotPassConfirm" class="popup-close" title=""> 
			Close this pop up dialog box
		</a>
	</div>	
	
	<div class="wrap">
		<p>
			We&rsquo;ve sent instructions for resetting your password to your email address.
		</p>
		<div class="clear"></div>
	</div>
	<a role="button" href="#forgotPassConfirm" class="btn-grey popup-close" title="">
		Close
	</a>
	<div class="clear"></div>
    <form id="analytics-data-forgotPassConfirm" name="analytics-data-forgotPassConfirm" method="post" action="" class="hidden" aria-hidden="true">
<input type="hidden" name="DCS.dcsuri" value="/forgotPassConfirm" />
<input type="hidden" name="WT.cg_n" value="Register" />
<input type="hidden" name="WT.ti" value="Forgot Password Confirmation" />
</form> 
    <div class="dialogbox-end" tabIndex="0">
		<span class="accessibility">end of pop up dialog box</span>
	</div>
</div>

<div id="createNewList" class="popup rounded pageShadow" aria-labelledby="createNewList-dialog-title">
	<div id="createNewList-dialog-title">		
		<span  class="accessibility">pop up box displayed&nbsp;create a new list</span>
	</div>
    <h1 id="dialog-title" tabIndex="0" class="dialogbox-start init-focus"><span>Create</span> a new list</h1>
	<div class="close pageShadow"><a href="#createNewList" class="popup-close" title="">Close this pop up dialog box</a></div>
	
	<div class="messageArea"></div>
	<form class="formLayout" name="createList" id="createList" method="post" action="AjaxGiftListServiceCreate" >
		<input type="hidden" name="langId" value="-1" />
		<input type="hidden" name="storeId" value="10401" />
		<input type="hidden" name="catalogId" value="10576" />
		<input type="hidden" name="successView" value="" />
		
		<div class="wrap">
			<label for="name" class="w-80">Name:</label>
			<input type="text" id="name" name="name" class="w-80 v-mandatory" placeholder="i.e. Jane's birthday party" title="i.e. Jane's birthday party"/> 
			<label for="location" class="w-80">Location: </label>
			<input type="text" id="location" name="location" class="w-80 v-mandatory" />
			<p><a href="#" class="address-tooltip" title="">Why do I need to choose an address?</a></p>
		</div>
		<div class="clear"></div>			
		<div class="buttons">
			<button name="btnCreateList" id="btnCreateList" type="submit" class="btn-grey" role="button">Create list</button>
		 	<a href="#createNewList" class="btn popup-close" title="">Cancel</a>
		</div>
		<div class="clear"></div>
	</form>
	<form id="analytics-data-createNewList" name="analytics-data-createNewList" method="post" action="" class="hidden" aria-hidden="true">
<input type="hidden" name="DCS.dcsuri" value="/createList" />
<input type="hidden" name="WT.ti" value="Create List" />
</form>
    <div class="dialogbox-end" tabIndex="0">
		<span class="accessibility">end of pop up dialog box</span>
	</div>
</div>

<div id="deleteList" class="popup rounded pageShadow" aria-labelledby="deleteList-dialog-title">
	<div id="deleteList-dialog-title">		
		<span  class="accessibility">pop up box displayed&nbsp;Delete&nbsp;list</span>
	</div>
	<h1 id="dialog-title" tabIndex="0" class="dialogbox-start init-focus"><span>Delete
	</span>&nbsp;list
	</h1>
	<div class="close pageShadow"><a href="#deleteList" class="popup-close" title="">Close this pop up dialog box</a></div>
	
	<div class="messageArea"></div>
	 
	<form id="deleteListForm" class="formLayout" method="post" action="AjaxGiftListServiceDeleteGiftList">
		<input type="hidden" name="langId" value="-1" />
		<input type="hidden" name="storeId" value="10401" />
		<input type="hidden" name="catalogId" value="10576" />
		<input type="hidden" name="successView" value="https://shop.coles.com.au/online/ColesMyListsView?catalogId=10576&amp;urlLangId=-1&amp;langId=-1&amp;storeId=10601" />
		
		<div class="wrap">
			<p>Please confirm you would like to delete the following list:</p>
			<input type="hidden" name="giftListId" value="" id="giftListId"/>
			<p id="listName" class="focusItem"></p>
			<div class="clear"></div>
		</div>
		<div class="buttons">
			<button name="btnDeleteList" id="btnDeleteList" type="submit" class="btn-grey">Yes, I want to delete this list</button>
			<a href="#deleteList" class="btn popup-close" title="">No, don't delete this list</a>
		</div>
		<div class="clear"></div>
	</form>
	<form id="analytics-data-createNewList" name="analytics-data-createNewList" method="post" action="" class="hidden" aria-hidden="true">
<input type="hidden" name="DCS.dcsuri" value="/deleteList" />
<input type="hidden" name="WT.ti" value="Delete List" />
</form>
	 <div class="dialogbox-end" tabIndex="0">
		<span class="accessibility">end of pop up dialog box</span>
	</div>
    </div>

<div id="editList" class="popup rounded pageShadow" aria-labelledby="editList-dialog-title">
	<div id="editList-dialog-title">		
		<span  class="accessibility">pop up box displayed&nbsp;edit name of list</span>
	</div>
    <h1 id="dialog-title" tabIndex="0" class="dialogbox-start init-focus"><span>Edit</span> list</h1>
	<div class="close pageShadow"><a href="#editList" class="popup-close" title="">Close this pop up dialog box</a></div>
    <form id="editListForm" class="formLayout" method="post" action="AjaxGiftListServiceUpdateDescription">
		<input type="hidden" name="langId" value="-1" />
		<input type="hidden" name="storeId" value="10401" />
		<input type="hidden" name="catalogId" value="10576" />
		<input type="hidden" name="giftListId" value="" id="giftListId"/>
		<div class="wrap">
				<label for="name" class="w-80" >Name:</label>
				<input type="text" id="name" name="name" value="" class="w-80 v-mandatory" />
				<label for="location" class="w-80" >Location:</label>
				<input type="text" id="location" name="location" value="" class="w-80 v-mandatory" />
		<p><a href="#" class="address-tooltip" title="">Why do I need to choose an address?</a></p>
		</div>
		<div class="clear"></div>
		<div class="buttons">
			<button name="btnEditList" type="submit" class="btn-grey">Save changes</button>
			<a href="#editList" class="btn popup-close" title="">Cancel</a>
		</div>
		<div class="clear"></div>
	</form>
	<form id="analytics-data-editList" name="analytics-data-editList" method="post" action="" class="hidden" aria-hidden="true">
<input type="hidden" name="DCS.dcsuri" value="/editList" />
<input type="hidden" name="WT.ti" value="Edit List" />
</form>
    <div class="dialogbox-end" tabIndex="0">
		<span class="accessibility">end of pop up dialog box</span>
	</div>
</div>

<noscript>
	<img alt="dcsimg" id="dcsimg" width="1" height="1" src="//statse.webtrendslive.com/dcs0fzq7nvz5bdjd7j90tn8ii_1d3g/njs.gif?dcsuri=/nojavascript&amp;WT.js=No&amp;WT.tv=10.2.0&amp;dcssip=www.colesonline.com.au"/>
</noscript>

<script defer>
// Push store text into JavaScript
require(["coles/components/message"], function(message){

	
	message.set('GLOBAL_VALIDATION_MSG', 'To continue, please see the fields below, which still require your attention.');
	
	message.set('ERR_MANDATORY_1000', 'Please enter a value.');
	
	message.set('ERR_MANDATORY_1010', 'Please select a value.');
	
	message.set('ERR_MANDATORY_1020', 'Please choose from one of the options provided.');
	
	message.set('ERR_FORMAT_1026', 'You can only use letters, numbers, hyphens, apostrophes, spaces in [field].');
	
	message.set('ERR_MANDATORY_1030', 'Please enter a mobile number so you can receive SMS messages from us.');
	
	message.set('ERR_FORMAT_1000', 'You can only use letters and numbers in this field.');
	
	message.set('ERR_FORMAT_1010', 'You can only use letters, hyphens, apostrophes and spaces in [field].');
	
	message.set('ERR_FORMAT_1015', 'You can only use letters, hyphens, apostrophes, spaces in [field].');
	
	message.set('ERR_FORMAT_1020', 'You can only use numbers in [field].');
	
	message.set('ERR_FORMAT_1025', 'You can only use letters, numbers, hyphens, apostrophes, spaces and commas in [field].');
	
     message.set('ERR_FORMAT_1027', 'You can only use letters, numbers, hyphens, ampersand, apostrophes, spaces and commas in [field].');

	
	message.set('ERR_FORMAT_1030', '[field] must contain a valid password.');
	
	message.set('ERR_FORMAT_1040', 'This email address doesn&#039;t appear to be valid. Please make sure to enter an email address like name@example.com.');
	
	message.set('ERR_FORMAT_1050', '[field] must contain a valid phone number.');
	
	message.set('ERR_FORMAT_1055', 'You can only use letters, numbers, hyphens, underscores, spaces, full stop and commas for your delivery instructions.');
	
	message.set('ERR_FORMAT_1050_MOBILE', '[field] must contain a valid mobile phone number.');
	
	message.set('ERR_FORMAT_1050_LANDLINE', '[field] must contain a valid landline phone number.');
	
	message.set('ERR_FORMAT_1060', '[field] must contain a valid ABN number.');
	
	message.set('ERR_FORMAT_1070', 'This number doesn&#039;t appear to be valid. Please enter the number that appears under the barcode in the bottom righthand corner on the back of your card.');
	
	message.set('ERR_FORMAT_1080', '[field] must contain a valid postcode.');
	
	message.set('ERR_FORMAT_1090', '[field] must contain a valid promotion code.');
	
	message.set('ERR_FORMAT_1100', '[field] must contain a valid number.');
	
	message.set('ERR_FORMAT_1200', '[field] must contain a valid date in the format dd/mm/yyyy.');
	
	message.set('ERR_VALUE_1000', 'The minimum value allowable in [field] is [value].');
	
	message.set('ERR_VALUE_1010', 'The maximum value allowable in [field] is [value].');
	
	message.set('ERR_VALUE_1020', 'The date cannot be greater than today&#039;s date.');
	
	message.set('ERR_LENGTH_1000', '[field] must have less than or equal to [value] characters.');
	
	message.set('ERR_LENGTH_1010', '[field] must be exactly [value] characters.');
	
	message.set('ERR_CONSTRAINT_1000', 'This email is already registered.');
	
	message.set('ERR_CONSTRAINT_1010', 'This password doesn&#039;t match the one entered.');
	
	message.set('ERR_CONSTRAINT_1020', 'This nickname has already been used by another address in your account, it must be unique.');
	
	message.set('ERR_LENGTH_1050', 'You cannot enter more than 400 characters for your delivery instructions. Please shorten your instructions before proceeding.');	

	message.set('GLOBAL_COLLAPSE_TEXT', '[-]');

	
	message.set('GLOBAL_COLLAPSE_ALT_TEXT', 'Collapse this section');

	
	message.set('GLOBAL_EXPAND_TEXT', '[+]');

	
	message.set('GLOBAL_EXPAND_ALT_TEXT', 'Expand this section');

	
	message.set('GLOBAL_LNK_EXPAND', 'Expand all');

	
	message.set('GLOBAL_LNK_COLLAPSE', 'Collapse all');	

	
	message.set('GLOBAL_LNK_ALT_EXPAND', 'Expand all');

	
	message.set('GLOBAL_LNK_ALT_COLLAPSE', 'Collapse all');		

	
	message.set('MBR_160_TOOLTIP_ADDRESS', 'You can arrange delivery to more than one address, such as a relative&#039;s house or a holiday house. Let us know the address for this list.');
	
	
	message.set('MBR_160_TOOLTIP_LIST', 'To make your shopping even easier, everything you order with Coles online goes into a master list called &#034;My usuals&#034;. It&#039;s automatically created for you as you shop. Use it to add items straight to your trolley with just one click.');

	
	message.set('SUCCESS_MBR_150', '<strong>Order cancelled</strong><br/>Your order, which was to be delivered on [input_0], has been cancelled.');

	
	message.set('SUCCESS_MBR_160', '<strong>List created</strong><br/>The following shopping list has been saved to your account:<br/>[input_0]');

	
	message.set('SUCCESS_ADD_ALL_TO_TROLLEY', '<strong>All items added!</strong><br/>All of the items in the following list have been added to your trolley for this order.');

	
	message.set('SUCCESS_MBR_163', '<strong>List deleted</strong><br/>The following list has been deleted:<br/>[input_0]');

	
	message.set('SUCCESS_MBR_164', '<strong>Changes saved</strong><br/>Your changes to this order have been saved.');

	
	message.set('SUCCESS_MBR_170', 'The item has been added to your list:<br/>[input_0]');
	
	
	message.set('GLOBAL_TXT_COLLECT_TIME_WARNING', "Looks like your collection time reservation is about to expire! Check out now to keep this time. ");
	
	
	message.set('GLOBAL_TXT_COLLECT_TIME_EXPIRED', "Your order was not placed in time for the collection time you chose. Please reserve a new time for this order.");

	
	message.set('GLOBAL_TXT_DELIVERY_TIME_WARNING', "Looks like your delivery time reservation is about to expire! Check out now to keep this time. ");
	
	
	message.set('GLOBAL_TXT_DELIVERY_TIME_EXPIRED', "Your order was not placed in time for the delivery time you chose. Please reserve a new time for this order.");

	
	
	message.set('SEARCH_PAGE_SIZE_COOKIE', 'ColesSearchPageSizeCookie');

	
	message.set('SEARCH_PAGE_SIZE_DEFAULT', '20');
	
	
	message.set('SEARCH_VIEW_COOKIE', 'ColesSearchViewCookie');
	
	
	message.set('COLES_SORT_COOKIE', 'ColesSortCookie');
	
	
	message.set('COLES_SORT_COOKIE_VALIDITY', '30');

	
	message.set('GLOBAL_LNK_ADD_TO_COMPARE', 'Compare');

	
	message.set('GLOBAL_LNK_ALT_ADD_TO_COMPARE', 'Compare products');

	
	message.set('GLOBAL_LNK_REMOVE_FROM_COMPARE', 'Compared');

	
	message.set('GLOBAL_LNK_ALT_REMOVE_FROM_COMPARE', 'Compared');

	
	message.set('COMPARE_SPAN_PRODS', 'Compare items');

	
	message.set('COMPARE_COOKIE_PREFIX', 'CompareItems_');

	
	message.set('COMPARE_TXT_TOOLTIP_FULL', 'Sorry, you can only compare up to four products at a time.');

	
	message.set('CAT_200_LNK_ALT_ITEM', 'Shopping list item');

	
	message.set('CAT_200_LNK_ALT_CURRENT', 'Current shopping list item');

	
	message.set('CAT_200_LNK_ALT_COMPLETED', 'Completed list item');

	
	message.set('CAT_200_LNK_NEXT', 'Next');

	
	message.set('CAT_200_LNK_PREVIOUS', 'Previous');

	
	message.set('ERR_QAS_DOWN', "System is currently unavailable, please try again shortly. [CLOSE_OVERLAY]");
	
	
	message.set('QAS_USE_ENTERED_ADDRESS', "Select address as entered");
	
	
	message.set('QAS_OR', "&#150;&#150;&#150; OR &#150;&#150;&#150;");

	
	message.set('GLOBAL_LNK_ALT_TOOLTIP_CLOSE', "Close");
	
	
	message.set('ORD_TOOLTIP_SUBSTITUTIONS', "<p>Occasionally, a product you order may be temporarily unavailable. When this happens and you&rsquo;ve ticked the substitutions box, our shoppers will select a comparable product for you, such as a different brand or size. Substitute items are charged at the lower of the original or the substitute price.</p>");

	
	message.set('PREDICTIVE_SEARCH_KEYWORDS', "Items:");

	
	message.set('PREDICTIVE_SEARCH_CATEGORY', "Aisles:");

	
	message.set('PREDICTIVE_SEARCH_BRAND', "Brands:");

	
	message.set('PREDICTIVE_SEARCH_HISTORY', "History:");
	
	
	message.set('GLOBAL_PROD_UNAVAILABLE', "Product is unavailable");

	
	message.set('ORD_100_MSG_MAXIMUM', "Your trolley has been updated with the maximum product amount.");

	
	message.set('CMP_800_TOOLTIP_REMEMBER_LIST', "Here's your list from last time");

	
	message.set('CMP_850B_TXT', "<strong>Success!</strong><br/>You&rsquo;re now on our mailing list for postcode ");

	
	message.set('CMP_850C_TXT', "<strong>There was a problem and we have not been able to gather your information.</strong><br/>Please try subscribing later.");
	
	
	message.set('GLOBAL_REDEMPTION', "{RedemptionLimit} is the limit. You can order up to {RedemptionLimit} items. We&rsquo;ve added {RedemptionLimit} items to your cart.");

	
	message.set('ORD_400_PAYMENT_SELECTION_TXT', "Select a payment method:");

	
	message.set('ORD_400_CUST_AGREE_TXT', "You must accept our customer agreement before you can place your order.");

	
	message.set('ERR_LOCALISATION_POSTCODE', "You must select a location from the list in order to continue. If your suburb or postcode is not in the list, the new-look Coles online may not be available in your area yet.");

	// Begin: CR#60246 | My Usuals & Personal Lists
	
	
	message.set('MBR_162_MYUSUALS_TOOLTIP_VIEW_BY', "<div><strong>Viewing your products</strong><br /><p>You can view the products in your 'My usuals' list by product name or category</p></div>");
	
	
	message.set('MBR_162_PERSONALS_TOOLTIP_VIEW_BY', "<div><strong>Viewing your products</strong><br /><p>You can view the products in your 'My personal' lists by product name or category</p></div>");
	
	
	message.set('MY_LISTS_PAGE_SIZE_COOKIE', 'ColesMyListsPageSizeCookie');
	
	// End: CR#60246 | My Usuals & Personal Lists
	
	//CR 60099 Flybuys Shopping History Start
	
	
	message.set('PAGE_CODE_COOKIE', "flybuyCode");
	
	//CR 60099 Flybuys Shopping History End
	
	// Begin: CR#54310 | COL - Free delivery for Coles MasterCard holders //
	
	
	message.set('ORD_340_TXT_CONDITIONS_TOOLTIP', "???ORD_340_TXT_CONDITIONS_TOOLTIP???");
	
	// End: CR#54310 | COL - Free delivery for Coles MasterCard holders //
	
	
	message.set('WINDOW_DISABLED_WARNING_TXT', "The reserved time and price is not available for delivery. Please choose a time and price that suits you.");
	
	message.set('_DM_WINDOW_DISABLED_FAILURE', "Your reserved window is not available for delivery, Please select a new delivery Window for successful order submission.");
	
	// Begin: US2931 | Desktop Integration with RHS Trolley //
	
	message.set('CRT_100_TXT_REDEMPTION', "The most you can order is {RedemptionLimit}");
	
	message.set('CRT_100_TXT_INVALID_QUANTITY', "Sorry, that's not a valid quantity");
	
	// End: US2931 | Desktop Integration with RHS Trolley //
	
});
</script> 
  
			</div>
		</div>
	</body>
</html>
