<html class="webkit534.34 webkit" lang="en" id="coles"><head>
		<meta charset="utf-8">

		<meta http-equiv="X-UA-Compatible" content="IE=8, IE=9,chrome=1">

		
		
				<title>Fruit &amp; Vegetables | National</title>
			
				<meta name="robots" content="index,follow">
			
		<meta name="description" content="Fruit &amp; Vegetables">
		<meta name="keywords" content="CategoryKeyword">
		<meta name="viewport" content="width=device-width">
		
		<link rel="canonical" href="http://shop.coles.com.au/online/national/fruit-vegetables">
		
		<link rel="shortcut icon" href="/wcsstore/ColesStorefrontAssetStore/dist/e0a775baf05f/images/favicon.ico">
		<link rel="apple-touch-icon-precomposed" href="/wcsstore/ColesStorefrontAssetStore/dist/e0a775baf05f/images/ICN_57x57.png">
		<link rel="apple-touch-icon-precomposed" sizes="72x72" href="/wcsstore/ColesStorefrontAssetStore/dist/e0a775baf05f/images/ICN_72x72.png">
		<link rel="apple-touch-icon-precomposed" sizes="114x114" href="/wcsstore/ColesStorefrontAssetStore/dist/e0a775baf05f/images/ICN_114x114.png">
		<link rel="stylesheet" href="/wcsstore/ColesStorefrontAssetStore/dist/e0a775baf05f/theme/screen.css" media="all">
		<link rel="stylesheet" href="/wcsstore/ColesStorefrontAssetStore/dist/e0a775baf05f/theme/print.css" media="print">
		
	   <script type="text/javascript" async="" src="//statse.webtrendslive.com/dcss9egqp00000sthfwe6qrxc_3j1n/wtid.js?callback=Webtrends.dcss.dcsobj_0.dcsGetIdCallback"></script><script type="text/javascript" async="" src="http://www.google-analytics.com/plugins/ua/ec.js"></script><script type="text/javascript" async="" src="//cdn.feedbackify.com/f.js"></script><script async="" src="//www.google-analytics.com/analytics.js"></script><script type="text/javascript" charset="utf-8" src="/wcsstore/ColesStorefrontAssetStore/dist/e0a775baf05f/coles/common/analytics.js"></script><script type="text/javascript" charset="utf-8" src="/wcsstore/ColesStorefrontAssetStore/dist/e0a775baf05f/coles/pages/search.js"></script><script type="text/javascript" charset="utf-8" src="/wcsstore/ColesStorefrontAssetStore/dist/e0a775baf05f/dojo/touch.js"></script><script type="text/javascript" charset="utf-8" src="/wcsstore/ColesStorefrontAssetStore/dist/e0a775baf05f/libs/moment.js"></script><script type="text/javascript" charset="utf-8" src="/wcsstore/ColesStorefrontAssetStore/dist/e0a775baf05f/coles/common/multibuy.js"></script><script type="text/javascript" charset="utf-8" src="/wcsstore/ColesStorefrontAssetStore/dist/e0a775baf05f/coles/common/compare.js"></script><script type="text/javascript" charset="utf-8" src="/wcsstore/ColesStorefrontAssetStore/dist/e0a775baf05f/libs/webtrends.js"></script><script type="text/javascript">
		    // ======================= VARIABLES ===================================
		    // A LivePerson variable can be defined in one of three different scopes:
		    // 'page' - exists on the current page only
		    // 'session' - exists for the current visitor session
		    // Each object must contain: scope, name, value
		    //defining lpTag required on every page where variables or section are sent from 
		 	 var lpTag = lpTag || {}; lpTag.vars = lpTag.vars  || []; lpTag.dbs = lpTag.dbs || [];
	 	</script>
		
		
<script src="/wcsstore/ColesStorefrontAssetStore/dist/e0a775baf05f/libs/boomerang.js"></script>
<script type="text/javascript"> 
BOOMR.init({
beacon_url: "/wcsstore/ColesStorefrontAssetStore/dist/e0a775baf05f/images/diagnostics/beacon.gif",
site_domain: "shop.coles.com.au",
autorun: false,
log: function() {}
});
</script>
<script src="/wcsstore/ColesStorefrontAssetStore/dist/e0a775baf05f/dojo/dojo.js" data-dojo-config="async: 1, baseUrl: '/wcsstore/ColesStorefrontAssetStore/dist/e0a775baf05f'"></script>
<script src="/wcsstore/ColesStorefrontAssetStore/dist/e0a775baf05f/coles/boot.js" data-script-class="search"></script>

<script defer="">
// Push store text into JavaScript (specifically for user agent)
require(["coles/components/message"], function(message){

	
	message.set('USER_AGENT_TABLET', 'iPad,iPhone');
});
</script>
<script>
	// Create a loading framework for external JavaScript (contained in eSpots)
	function loadScript(url, callback){

	    var script = document.createElement("script")
	    script.type = "text/javascript";
	    script.async = true;
	    if (script.readyState){  //IE
	        script.onreadystatechange = function(){
	            if (script.readyState == "complete"){
	                script.onreadystatechange = null;
	                callback();
	            }
	        };
	    } else {  //Others
	        script.onload = function(){
	            callback();
	        };
	    }
	    script.src = url;
	    // For non compliant html5 support (IE8/WindowsXP) issue, insert into Head
	    document.head = document.head || document.getElementsByTagName('head')[0];
	    document.head.appendChild(script);
	}
</script>


<script defer="">
	require(["coles/common/environment"], function(env){
		env.WT_ID = 'dcss9egqp00000sthfwe6qrxc_3j1n';
	});
</script>

<script defer="">
	require(["coles/common/environment"], function(env){
		env.GIGYA_KEY = '2_IXv0rb_ZJqXC8T8y-Mmf4G954_4QuB-bxW91oVjpf8_aBsunPkSbBD2mGNWxc1mx';
	});
</script>

	<script charset="UTF-8" src="http://lptag.liveperson.net/tag/tag.js?site=40889649"></script><script charset="UTF-8" id="_lpTagScriptId_0" src="http://tags.liveperson.net/lptag/api/account/40889649/configuration/applications/taglets/.jsonp"></script><script charset="iso-8859-1" src="http://server.lon.liveperson.net/hcp/html/mTag.js?site=40889649"></script><script charset="UTF-8" src="http://server.lon.liveperson.net/hc/s-40889649/?cmd=lpTagGetJsSnippets"></script><script type="text/javascript" charset="UTF-8" src="http://server.lon.liveperson.net/hc/40889649/?site=40889649&amp;cmd=lpTagRepstateMulti&amp;lpCallId=711087090550-0&amp;c=1&amp;cbf=lpTagConfig.tagPlugins.feedsManager.feeds.repAv._update&amp;sta=-1~1~0"></script><script type="text/javascript" charset="UTF-8" id="lpm-requestOffer-1" src="http://lo.marketer.lpsnmedia.net/openx/www/delivery/al.php?zoneid=20732&amp;source=afcfea2ab1c8c4828dc1608d625e6a3&amp;ControlGroup=false"></script><script type="text/javascript" charset="UTF-8" id="lpm-requestOffer-2" src="http://lo.marketer.lpsnmedia.net/openx/www/delivery/al.php?zoneid=20732&amp;source=142924c736a261841b75d25c1e65a6a|54889f3dbf79cc6f7df52284334448e9|afcfea2ab1c8c4828dc1608d625e6a3&amp;ControlGroup=false"></script><script type="text/javascript" charset="UTF-8" src="http://server.lon.liveperson.net/hc/40889649/?site=40889649&amp;cmd=lpTagRepstateMulti&amp;lpCallId=711087090550-0&amp;c=1&amp;cbf=lpTagConfig.tagPlugins.feedsManager.feeds.repAv._update&amp;sta=-1~1~0"></script><script type="text/javascript" charset="UTF-8" id="lpm-requestOffer-2" src="http://lo.content.lpsnmedia.net/le/marketer/content/offerJs/peeling_corner/peeling_corner.js"></script><script type="text/javascript" charset="UTF-8" id="lpm-requestOffer-2" src="http://lo.content.lpsnmedia.net/le/marketer/content/offerJs/peeling_corner/peeling_corner.js"></script></head>
<body class="search"><div class="popup-mask" style="height: 3967px; " aria-hidden="true"></div>



	
	
	<div id="frmCategoryPage" class="hidden" data-cookie="449563|449563|449563"></div>

		<div id="promoContainer" style="height: 3967px; ">
			<div id="container" class="pageShadow rounded" style="background-color: rgb(255, 255, 255); ">
				
<form action="COLLocalisationControllerCmd" method="post" name="localisationData" id="localisationData" class="hidden" aria-hidden="true">
	<input type="hidden" name="fullURL" value="http://shop.coles.com.au/webapp/wcs/stores/servlet/national/fruit-vegetables/fruit-vegetables/">
	<input type="hidden" name="fullURLHttps" value="https://shop.coles.com.au/webapp/wcs/stores/servlet/national/fruit-vegetables/fruit-vegetables/">
	<input type="hidden" name="currentStoreId" value="10601">
	<input type="hidden" name="currentCatalogId" value="10576">	
	<input type="hidden" name="localisedStoreId" value="">
	<input type="hidden" name="localisedCatalogId" value="">
	<input type="hidden" name="localisationState" value="">
	<input type="hidden" name="suburb" value="">	
	<input type="hidden" name="postcode" value="">
	<input type="hidden" name="zipCode" value="">	
	<input type="hidden" name="longitude" value="">
	<input type="hidden" name="latitude" value="">
	<input type="hidden" name="externalffmcId" value="">
	<input type="hidden" name="redirectUrl" value="">
	<input type="hidden" name="suburbPostCodeId" value="">
	<input type="hidden" name="serviceType" value="">
	<input type="hidden" name="suburbServiceability" value="">
	<input type="hidden" name="state" value="">	
	<input type="hidden" name="country" value="AU">	
	<input type="hidden" name="score" value="">	
	<input type="hidden" name="collectionpoint" value="">	
	<input type="hidden" name="zoneId" value="">	
	<input type="hidden" name="stlocId" value="">
	<input type="hidden" name="addressId" value="">
	
	<input type="hidden" name="localisationTrigger" value="">	
	<input type="hidden" name="userType" value="G">
		
	
	<input type="hidden" name="URL" value="">
	<input type="hidden" name="errorViewName" value="">
	<input type="hidden" name="inputSuburbPostCodeId" value="">
	<input type="hidden" name="ProfileBusinessUser_null_a_1" value="">	
	<input type="hidden" name="ProfileBusinessCustomerName_null_a_1" value="">	
	<input type="hidden" name="ProfileBusinessCustomerABN_null_a_1" value="">	
	<input type="hidden" name="firstName" value="">	
	<input type="hidden" name="lastName" value="">	
	<input type="hidden" name="logonId" value="">	
	<input type="hidden" name="dateOfBirth" value="">	
	<input type="hidden" name="logonPassword" value="">	
	<input type="hidden" name="logonPasswordVerify" value="">	
	<input type="hidden" name="chkSubscriptionRegister" value="">
	<input type="hidden" name="emailPreference" value="">
	
	
	<input type="hidden" name="storeId" value="10601">
	<input type="hidden" name="catalogId" value="10576">	
	<input type="hidden" name="fulfillmentCenterId" value="11576">	
	
	<input type="hidden" name="authToken" value="">
	<input type="hidden" name="localisationAction" value="https://shop.coles.com.au/online/COLLocalisationControllerCmd?catalogId=10576&amp;langId=-1&amp;storeId=10601">
	<input type="hidden" name="registrationAction" value="https://shop.coles.com.au/online/UserRegistrationAdd?catalogId=10576&amp;langId=-1&amp;storeId=10601">	
</form>

				<a href="#logIn" title="Login to Coles Online" class="popup-launch action-login accessibility">Login to Coles Online</a>
			
    	<a href="#" id="viewTrolley" class="arrow action-show-viewTrolley accessibility" title="View trolley">View trolley</a>
	 
<a href="#page-heading" title="" class="accessibility">Skip to content </a>

		<a href="#skip-to-products" title="" class="accessibility">Skip to products </a>
	

<div id="header">
	<div class="headerWrapper">
		

<div id="logo" role="banner">	
	<a href="http://shop.coles.com.au/online/national">
		<img src="/wcsstore/ColesStorefrontAssetStore/dist/e0a775baf05f/images/logo-coles.png" width="143" height="45" alt="Return to Coles online home" title="Return to Coles online home">	
	</a>	
</div>

		
        <div class="contact">
			<a href="http://shop.coles.com.au/online/national">Home</a><span class="pie-separator">|</span>
			
			<a href="http://shop.coles.com.au/online/national/contact-us" class="pipe" title="Contact us">Contact us</a><span class="pie-separator">|</span>
			
			<a href="http://shop.coles.com.au/online/national/info/help">Help</a>
		</div>
		<div class="clear"></div>
	<!-- START: LivePerson -->

<script defer="">	
	var LP_ID = '40889649'; 
	window.lpTag=window.lpTag||{};if(typeof window.lpTag._tagCount==='undefined'){window.lpTag={site:LP_ID,section:lpTag.section||'',autoStart:lpTag.autoStart===false?false:true,ovr:lpTag.ovr||{},_v:'1.5.1',_tagCount:1,protocol:location.protocol,events:{bind:function(app,ev,fn){lpTag.defer(function(){lpTag.events.bind(app,ev,fn)},0)},trigger:function(app,ev,json){lpTag.defer(function(){lpTag.events.trigger(app,ev,json)},1)}},defer:function(fn,fnType){if(fnType==0){this._defB=this._defB||[];this._defB.push(fn)}else if(fnType==1){this._defT=this._defT||[];this._defT.push(fn)}else{this._defL=this._defL||[];this._defL.push(fn)}},load:function(src,chr,id){var t=this;setTimeout(function(){t._load(src,chr,id)},0)},_load:function(src,chr,id){var url=src;if(!src){url=this.protocol+'//'+((this.ovr&&this.ovr.domain)?this.ovr.domain:'lptag.liveperson.net')+'/tag/tag.js?site='+this.site}var s=document.createElement('script');s.setAttribute('charset',chr?chr:'UTF-8');if(id){s.setAttribute('id',id)}s.setAttribute('src',url);document.getElementsByTagName('head').item(0).appendChild(s)},init:function(){this._timing=this._timing||{};this._timing.start=(new Date()).getTime();var that=this;if(window.attachEvent){window.attachEvent('onload',function(){that._domReady('domReady')})}else{window.addEventListener('DOMContentLoaded',function(){that._domReady('contReady')},false);window.addEventListener('load',function(){that._domReady('domReady')},false)}if(typeof(window._lptStop)=='undefined'){this.load()}},start:function(){this.autoStart=true},_domReady:function(n){if(!this.isDom){this.isDom=true;this.events.trigger('LPT','DOM_READY',{t:n})}this._timing[n]=(new Date()).getTime()},vars:lpTag.vars||[],dbs:lpTag.dbs||[],ctn:lpTag.ctn||[],sdes:lpTag.sdes||[],ev:lpTag.ev||[]};lpTag.init()}else{window.lpTag._tagCount+=1}
</script>
<!-- LivePerson (US5149): Placehodler for a chat button, please put div in the exact location on the page -->
<div id="lpChatButton" style="visibility: visible; "><span></span></div> 
<!-- END: LivePerson -->

<div class="clear"></div>

<noscript>
	&lt;p&gt;Javascript is not supported, or is disabled in your web browser and is required for this site to function.&lt;/p&gt;
</noscript>

		<meta name="CommerceSearch" content="storeId_10601">
		

<div class="menuWrapper">
	<div id="menu" class="rounded grad-red" role="navigation">
		
<div id="browseAisles" class="megamenu" role="navigation">
	<div id="megamenutip" class="accessibility hidden">To exit this menu, Hit escape. After exiting this menu, you can navigate the rest of this page.</div>
	
    <a href="#aisleMenu" class="megamenu-launch" title="Shop by Category"><span>Shop by Category</span></a>
	<ul id="aisleMenu" role="menu" class="columnEnabled" style="display: none; opacity: 1; " tabindex="-1" aria-hidden="true">
		
			
			<li>
				
							
					<a role="menuitem" id="aisleMenu_1" aria-haspopup="true" href="http://shop.coles.com.au/online/national/specials-offers" class="aisle" title="Browse the Specials &amp; Offers aisle">
						Specials &amp; Offers <span>→</span>
					</a>
					
					<div id="menu-1" class="column-list clearfix" data-rows="22" role="navigation">
						<h2>
							<a role="menuitem" id="sub-menu-1_0" class="subCatHeader" title="Specials &amp; Offers Category" href="http://shop.coles.com.au/online/national/specials-offers">
								Specials &amp; Offers
							</a>
							<span class="aisle-search">&nbsp;
								<a role="menuitem" id="sub-menu-1_1" class="browseAllSubCategory" href="http://shop.coles.com.au/online/national/specials-offers/specials-offers" title="Browse all items">
								 Browse all items<span>→</span>
								</a>
							</span>
						</h2>
						
						
					<ul role="menu" id="sub-menu-1" data-col-items="menu-1" class="hidden">
						
							<li class="section"><a role="menuitem" id="sub-menu-1_2" href="http://shop.coles.com.au/online/national/specials-offers/bread-bakery-specials-offers" title="Bread &amp; Bakery Specials &amp; Offers sub category">Bread &amp; Bakery Specials &amp; Offers</a></li>
							
							
								<li><a role="menuitem" id="sub-menu-1_3" href="http://shop.coles.com.au/online/national/specials-offers/bread-bakery-specials-offers/fresh-specials-offers" title="From Our Bakery Specials &amp; Offers">From Our Bakery Specials &amp; Offers</a></li>
							
								<li><a role="menuitem" id="sub-menu-1_4" href="http://shop.coles.com.au/online/national/specials-offers/bread-bakery-specials-offers/packaged-bread-bakery-specials-offers" title="Packaged Bread &amp; Bakery Specials &amp; Offers">Packaged Bread &amp; Bakery Specials &amp; Offers</a></li>
							
							<li class="section"><a role="menuitem" id="sub-menu-1_5" href="http://shop.coles.com.au/online/national/specials-offers/stationery-media-specials-offers" title="Stationery &amp; Media Specials &amp; Offers sub category">Stationery &amp; Media Specials &amp; Offers</a></li>
							
							
								<li><a role="menuitem" id="sub-menu-1_6" href="http://shop.coles.com.au/online/national/specials-offers/stationery-media-specials-offers/tv-shows-movies-section-specials-offers" title="Cds, Dvds &amp; Blu Rays Specials &amp; Offers">Cds, Dvds &amp; Blu Rays Specials &amp; Offers</a></li>
							
								<li><a role="menuitem" id="sub-menu-1_7" href="http://shop.coles.com.au/online/national/specials-offers/stationery-media-specials-offers/stationery-specials-offers" title="Stationery Specials &amp; Offers">Stationery Specials &amp; Offers</a></li>
							
							<li class="section"><a role="menuitem" id="sub-menu-1_8" href="http://shop.coles.com.au/online/national/specials-offers/fruit-vegetables-specials-offers" title="Fruit &amp; Vegetables Specials &amp; Offers sub category">Fruit &amp; Vegetables Specials &amp; Offers</a></li>
							
							
								<li><a role="menuitem" id="sub-menu-1_9" href="http://shop.coles.com.au/online/national/specials-offers/fruit-vegetables-specials-offers/boxes-fruit-veg-specials-offers" title="Boxes Fruit &amp; Veg Specials &amp; Offers">Boxes Fruit &amp; Veg Specials &amp; Offers</a></li>
							
								<li><a role="menuitem" id="sub-menu-1_10" href="http://shop.coles.com.au/online/national/specials-offers/fruit-vegetables-specials-offers/fruits-specials-offers" title="Fruit Specials &amp; Offers">Fruit Specials &amp; Offers</a></li>
							
								<li><a role="menuitem" id="sub-menu-1_11" href="http://shop.coles.com.au/online/national/specials-offers/fruit-vegetables-specials-offers/vegetables-specials-offers" title="Vegetables Specials &amp; Offers">Vegetables Specials &amp; Offers</a></li>
							
								<li><a role="menuitem" id="sub-menu-1_12" href="http://shop.coles.com.au/online/national/specials-offers/fruit-vegetables-specials-offers/salad-herbs-specials-offers" title="Salad &amp; Herbs Specials &amp; Offers">Salad &amp; Herbs Specials &amp; Offers</a></li>
							
								<li><a role="menuitem" id="sub-menu-1_13" href="http://shop.coles.com.au/online/national/specials-offers/fruit-vegetables-specials-offers/nuts-dried-fruit-specials-offers" title="Nuts &amp; Dried Fruit Specials &amp; Offers">Nuts &amp; Dried Fruit Specials &amp; Offers</a></li>
							
							<li class="section"><a role="menuitem" id="sub-menu-1_14" href="http://shop.coles.com.au/online/national/specials-offers/dairy--eggs-meals-specials-offers" title="Dairy, Eggs &amp; Meals Specials &amp; Offers sub category">Dairy, Eggs &amp; Meals Specials &amp; Offers</a></li>
							
							
								<li><a role="menuitem" id="sub-menu-1_15" href="http://shop.coles.com.au/online/national/specials-offers/dairy--eggs-meals-specials-offers/dairy-eggs-specials-offers" title="Dairy &amp; Eggs Specials &amp; Offers">Dairy &amp; Eggs Specials &amp; Offers</a></li>
							
								<li><a role="menuitem" id="sub-menu-1_16" href="http://shop.coles.com.au/online/national/specials-offers/dairy--eggs-meals-specials-offers/fresh-pasta-sauces-specials-offers" title="Fresh Pasta &amp; Sauces Specials &amp; Offers">Fresh Pasta &amp; Sauces Specials &amp; Offers</a></li>
							
								<li><a role="menuitem" id="sub-menu-1_17" href="http://shop.coles.com.au/online/national/specials-offers/dairy--eggs-meals-specials-offers/garlic-bread-pastry-sheets-specials-offers" title="Garlic Bread &amp; Pastry Sheets Specials &amp; Offers">Garlic Bread &amp; Pastry Sheets Specials &amp; Offers</a></li>
							
								<li><a role="menuitem" id="sub-menu-1_18" href="http://shop.coles.com.au/online/national/specials-offers/dairy--eggs-meals-specials-offers/ready-to-eat-meals-specials-offers" title="Ready to Eat Meals Specials &amp; Offers">Ready to Eat Meals Specials &amp; Offers</a></li>
							
							<li class="section"><a role="menuitem" id="sub-menu-1_19" href="http://shop.coles.com.au/online/national/specials-offers/frozen-specials-offers" title="Frozen Foods Specials &amp; Offers sub category">Frozen Foods Specials &amp; Offers</a></li>
							
							
								<li><a role="menuitem" id="sub-menu-1_20" href="http://shop.coles.com.au/online/national/specials-offers/frozen-specials-offers/frozen-food-specials-offers" title="Frozen Food Specials &amp; Offers">Frozen Food Specials &amp; Offers</a></li>
							
								<li><a role="menuitem" id="sub-menu-1_21" href="http://shop.coles.com.au/online/national/specials-offers/frozen-specials-offers/frozen-ready-meals-specials-offers" title="Frozen Ready Meals Specials &amp; Offers">Frozen Ready Meals Specials &amp; Offers</a></li>
							
							<li class="section"><a role="menuitem" id="sub-menu-1_22" href="http://shop.coles.com.au/online/national/specials-offers/pet-specials-offers" title="Pet Specials &amp; Offers sub category">Pet Specials &amp; Offers</a></li>
							
							
								<li><a role="menuitem" id="sub-menu-1_23" href="http://shop.coles.com.au/online/national/specials-offers/pet-specials-offers/cat-kitten-specials-offers" title="Cat &amp; Kitten Specials &amp; Offers">Cat &amp; Kitten Specials &amp; Offers</a></li>
							
								<li><a role="menuitem" id="sub-menu-1_24" href="http://shop.coles.com.au/online/national/specials-offers/pet-specials-offers/dog-puppy-specials-offers" title="Dog &amp; Puppy Specials &amp; Offers">Dog &amp; Puppy Specials &amp; Offers</a></li>
							
							<li class="section"><a role="menuitem" id="sub-menu-1_25" href="http://shop.coles.com.au/online/national/specials-offers/household-specials-offers" title="Household Specials &amp; Offers sub category">Household Specials &amp; Offers</a></li>
							
							
								<li><a role="menuitem" id="sub-menu-1_26" href="http://shop.coles.com.au/online/national/specials-offers/household-specials-offers/bathroom-specials-offers" title="Bathroom Specials &amp; Offers">Bathroom Specials &amp; Offers</a></li>
							
								<li><a role="menuitem" id="sub-menu-1_27" href="http://shop.coles.com.au/online/national/specials-offers/household-specials-offers/general-purpose-cleaners-specials-offers" title="Cleaners All Purpose Specials &amp; Offers">Cleaners All Purpose Specials &amp; Offers</a></li>
							
								<li><a role="menuitem" id="sub-menu-1_28" href="http://shop.coles.com.au/online/national/specials-offers/household-specials-offers/electrical-specials-offers" title="Electrical Specials &amp; Offers">Electrical Specials &amp; Offers</a></li>
							
								<li><a role="menuitem" id="sub-menu-1_29" href="http://shop.coles.com.au/online/national/specials-offers/household-specials-offers/food-storage-specials-offers" title="Food Storage Specials &amp; Offers">Food Storage Specials &amp; Offers</a></li>
							
								<li><a role="menuitem" id="sub-menu-1_30" href="http://shop.coles.com.au/online/national/specials-offers/household-specials-offers/garden-specials-offers" title="Garden Specials &amp; Offers">Garden Specials &amp; Offers</a></li>
							
								<li><a role="menuitem" id="sub-menu-1_31" href="http://shop.coles.com.au/online/national/specials-offers/household-specials-offers/hardware-specials-offers" title="Hardware Specials &amp; Offers">Hardware Specials &amp; Offers</a></li>
							
								<li><a role="menuitem" id="sub-menu-1_32" href="http://shop.coles.com.au/online/national/specials-offers/household-specials-offers/homewares-specials-offers" title="Homewares Specials &amp; Offers">Homewares Specials &amp; Offers</a></li>
							
								<li><a role="menuitem" id="sub-menu-1_33" href="http://shop.coles.com.au/online/national/specials-offers/household-specials-offers/household-accessories-specials-offers" title="Household Accessories Specials &amp; Offers">Household Accessories Specials &amp; Offers</a></li>
							
								<li><a role="menuitem" id="sub-menu-1_34" href="http://shop.coles.com.au/online/national/specials-offers/household-specials-offers/kitchen-specials-offers" title="Kitchen Specials &amp; Offers">Kitchen Specials &amp; Offers</a></li>
							
								<li><a role="menuitem" id="sub-menu-1_35" href="http://shop.coles.com.au/online/national/specials-offers/household-specials-offers/laundry-needs-specials-offers" title="Laundry Needs Specials &amp; Offers">Laundry Needs Specials &amp; Offers</a></li>
							
							<li class="section"><a role="menuitem" id="sub-menu-1_36" href="http://shop.coles.com.au/online/national/specials-offers/baby-specials-offers" title="Baby Specials &amp; Offers sub category">Baby Specials &amp; Offers</a></li>
							
							
								<li><a role="menuitem" id="sub-menu-1_37" href="http://shop.coles.com.au/online/national/specials-offers/baby-specials-offers/nappies-changing-specials-offers" title="Nappies &amp; Changing Specials &amp; Offers">Nappies &amp; Changing Specials &amp; Offers</a></li>
							
							<li class="section"><a role="menuitem" id="sub-menu-1_38" href="http://shop.coles.com.au/online/national/specials-offers/pantry-specials-offers" title="Pantry Specials &amp; Offers sub category">Pantry Specials &amp; Offers</a></li>
							
							
								<li><a role="menuitem" id="sub-menu-1_39" href="http://shop.coles.com.au/online/national/specials-offers/pantry-specials-offers/breakfast-specials-offers" title="Breakfast Specials &amp; Offers">Breakfast Specials &amp; Offers</a></li>
							
								<li><a role="menuitem" id="sub-menu-1_40" href="http://shop.coles.com.au/online/national/specials-offers/pantry-specials-offers/snacks-specials-offers" title="Snacks Specials &amp; Offers">Snacks Specials &amp; Offers</a></li>
							
								<li><a role="menuitem" id="sub-menu-1_41" href="http://shop.coles.com.au/online/national/specials-offers/pantry-specials-offers/chocolates-lollies-specials-offers" title="Confectionery Specials &amp; Offers">Confectionery Specials &amp; Offers</a></li>
							
								<li><a role="menuitem" id="sub-menu-1_42" href="http://shop.coles.com.au/online/national/specials-offers/pantry-specials-offers/herbs-spices-specials-offers" title="Herbs &amp; Spices Specials &amp; Offers">Herbs &amp; Spices Specials &amp; Offers</a></li>
							
								<li><a role="menuitem" id="sub-menu-1_43" href="http://shop.coles.com.au/online/national/specials-offers/pantry-specials-offers/stocks-gravy-specials-offers" title="Stocks &amp; Gravy Specials &amp; Offers">Stocks &amp; Gravy Specials &amp; Offers</a></li>
							
								<li><a role="menuitem" id="sub-menu-1_44" href="http://shop.coles.com.au/online/national/specials-offers/pantry-specials-offers/baking-specials-offers" title="Baking Specials &amp; Offers">Baking Specials &amp; Offers</a></li>
							
								<li><a role="menuitem" id="sub-menu-1_45" href="http://shop.coles.com.au/online/national/specials-offers/pantry-specials-offers/condiments-specials-offers" title="Condiments Specials &amp; Offers">Condiments Specials &amp; Offers</a></li>
							
								<li><a role="menuitem" id="sub-menu-1_46" href="http://shop.coles.com.au/online/national/specials-offers/pantry-specials-offers/sauces-specials-offers" title="Sauces Specials &amp; Offers">Sauces Specials &amp; Offers</a></li>
							
								<li><a role="menuitem" id="sub-menu-1_47" href="http://shop.coles.com.au/online/national/specials-offers/pantry-specials-offers/oils-vinegars-specials-offers" title="Oils &amp; Vinegars Specials &amp; Offers">Oils &amp; Vinegars Specials &amp; Offers</a></li>
							
								<li><a role="menuitem" id="sub-menu-1_48" href="http://shop.coles.com.au/online/national/specials-offers/pantry-specials-offers/pasta--rice--grains-specials-offers" title="Pasta, Rice, Grains Specials &amp; Offers">Pasta, Rice, Grains Specials &amp; Offers</a></li>
							
								<li><a role="menuitem" id="sub-menu-1_49" href="http://shop.coles.com.au/online/national/specials-offers/pantry-specials-offers/canned-foods--soups-noodles-specials-offers" title="Canned Foods, Soups &amp; Noodles Specials &amp; Offers">Canned Foods, Soups &amp; Noodles Specials &amp; Offers</a></li>
							
								<li><a role="menuitem" id="sub-menu-1_50" href="http://shop.coles.com.au/online/national/specials-offers/pantry-specials-offers/tea-coffee-specials-offers" title="Tea &amp; Coffee Specials &amp; Offers">Tea &amp; Coffee Specials &amp; Offers</a></li>
							
							<li class="section"><a role="menuitem" id="sub-menu-1_51" href="http://shop.coles.com.au/online/national/specials-offers/health-beauty-specials-offers" title="Health &amp; Beauty Specials &amp; Offers sub category">Health &amp; Beauty Specials &amp; Offers</a></li>
							
							
								<li><a role="menuitem" id="sub-menu-1_52" href="http://shop.coles.com.au/online/national/specials-offers/health-beauty-specials-offers/dental-specials-offers" title="Dental Specials &amp; Offers">Dental Specials &amp; Offers</a></li>
							
								<li><a role="menuitem" id="sub-menu-1_53" href="http://shop.coles.com.au/online/national/specials-offers/health-beauty-specials-offers/hair-care-specials-offers" title="Hair Care Specials &amp; Offers">Hair Care Specials &amp; Offers</a></li>
							
								<li><a role="menuitem" id="sub-menu-1_54" href="http://shop.coles.com.au/online/national/specials-offers/health-beauty-specials-offers/hair-removal-specials-offers" title="Hair Removal Specials &amp; Offers">Hair Removal Specials &amp; Offers</a></li>
							
								<li><a role="menuitem" id="sub-menu-1_55" href="http://shop.coles.com.au/online/national/specials-offers/health-beauty-specials-offers/medicinal-specials-offers" title="Medicinal Specials &amp; Offers">Medicinal Specials &amp; Offers</a></li>
							
								<li><a role="menuitem" id="sub-menu-1_56" href="http://shop.coles.com.au/online/national/specials-offers/health-beauty-specials-offers/personal-care-hygiene-specials-offers" title="Personal Care &amp; Hygiene Specials &amp; Offers">Personal Care &amp; Hygiene Specials &amp; Offers</a></li>
							
								<li><a role="menuitem" id="sub-menu-1_57" href="http://shop.coles.com.au/online/national/specials-offers/health-beauty-specials-offers/shower-bath-care-specials-offers" title="Shower &amp; Bath Care Specials &amp; Offers">Shower &amp; Bath Care Specials &amp; Offers</a></li>
							
								<li><a role="menuitem" id="sub-menu-1_58" href="http://shop.coles.com.au/online/national/specials-offers/health-beauty-specials-offers/skin-care-specials-offers" title="Skin Care Specials &amp; Offers">Skin Care Specials &amp; Offers</a></li>
							
							<li class="section"><a role="menuitem" id="sub-menu-1_59" href="http://shop.coles.com.au/online/national/specials-offers/drinks-specials-offers" title="Drinks Specials &amp; Offers sub category">Drinks Specials &amp; Offers</a></li>
							
							
								<li><a role="menuitem" id="sub-menu-1_60" href="http://shop.coles.com.au/online/national/specials-offers/drinks-specials-offers/cold-specials-offers" title="All Drinks Specials &amp; Offers">All Drinks Specials &amp; Offers</a></li>
							
							<li class="section"><a role="menuitem" id="sub-menu-1_61" href="http://shop.coles.com.au/online/national/specials-offers/liquor-specials-offers" title="Alcohol Specials &amp; Offers sub category">Alcohol Specials &amp; Offers</a></li>
							
							
								<li><a role="menuitem" id="sub-menu-1_62" href="http://shop.coles.com.au/online/national/specials-offers/liquor-specials-offers/beer--spirits-wine-specials-offers" title="Beer, Spirits &amp; Wine Specials &amp; Offers">Beer, Spirits &amp; Wine Specials &amp; Offers</a></li>
							
							<li class="section"><a role="menuitem" id="sub-menu-1_63" href="http://shop.coles.com.au/online/national/specials-offers/chilled-fresh-food-specials-offers" title="Meat, Seafood &amp; Deli Specials &amp; Offers sub category">Meat, Seafood &amp; Deli Specials &amp; Offers</a></li>
							
							
								<li><a role="menuitem" id="sub-menu-1_64" href="http://shop.coles.com.au/online/national/specials-offers/chilled-fresh-food-specials-offers/fresh-meat-specials-offers" title="Meat Specials &amp; Offers">Meat Specials &amp; Offers</a></li>
							
								<li><a role="menuitem" id="sub-menu-1_65" href="http://shop.coles.com.au/online/national/specials-offers/chilled-fresh-food-specials-offers/seafood-specials-offers" title="Seafood Specials &amp; Offers">Seafood Specials &amp; Offers</a></li>
							
								<li><a role="menuitem" id="sub-menu-1_66" href="http://shop.coles.com.au/online/national/specials-offers/chilled-fresh-food-specials-offers/deli-meats-specials-offers" title="Deli Meats Specials &amp; Offers">Deli Meats Specials &amp; Offers</a></li>
							
								<li><a role="menuitem" id="sub-menu-1_67" href="http://shop.coles.com.au/online/national/specials-offers/chilled-fresh-food-specials-offers/deli-specialty-specials-offers" title="Deli Specialty Specials &amp; Offers">Deli Specialty Specials &amp; Offers</a></li>
							
					</ul>
				</div>							
											
			</li>									
		
			
			<li>
				
							
					<a role="menuitem" id="aisleMenu_2" aria-haspopup="true" href="http://shop.coles.com.au/online/national/back-to-school" class="aisle" title="Browse the Back To School aisle">
						Back To School <span>→</span>
					</a>
					
					<div id="menu-2" class="column-list clearfix" data-rows="22" role="navigation">
						<h2>
							<a role="menuitem" id="sub-menu-2_0" class="subCatHeader" title="Back To School Category" href="http://shop.coles.com.au/online/national/back-to-school">
								Back To School
							</a>
							<span class="aisle-search">&nbsp;
								<a role="menuitem" id="sub-menu-2_1" class="browseAllSubCategory" href="http://shop.coles.com.au/online/national/back-to-school/back-to-school" title="Browse all items">
								 Browse all items<span>→</span>
								</a>
							</span>
						</h2>
						
						
					<ul role="menu" id="sub-menu-2" data-col-items="menu-2" class="hidden">
						
							<li class="section"><a role="menuitem" id="sub-menu-2_2" href="http://shop.coles.com.au/online/national/back-to-school/school-stationery" title="School Stationery sub category">School Stationery</a></li>
							
							
								<li><a role="menuitem" id="sub-menu-2_3" href="http://shop.coles.com.au/online/national/back-to-school/school-stationery/books-binders" title="Books &amp; Binders">Books &amp; Binders</a></li>
							
								<li><a role="menuitem" id="sub-menu-2_4" href="http://shop.coles.com.au/online/national/back-to-school/school-stationery/calculators" title="Calculators">Calculators</a></li>
							
								<li><a role="menuitem" id="sub-menu-2_5" href="http://shop.coles.com.au/online/national/back-to-school/school-stationery/labels" title="Labels">Labels</a></li>
							
								<li><a role="menuitem" id="sub-menu-2_6" href="http://shop.coles.com.au/online/national/back-to-school/school-stationery/markers-highlighters" title="Markers &amp; Highlighters">Markers &amp; Highlighters</a></li>
							
								<li><a role="menuitem" id="sub-menu-2_7" href="http://shop.coles.com.au/online/national/back-to-school/school-stationery/copy-paper" title="Copy Paper">Copy Paper</a></li>
							
								<li><a role="menuitem" id="sub-menu-2_8" href="http://shop.coles.com.au/online/national/back-to-school/school-stationery/pencil-case-fillers" title="Pencil Case Fillers">Pencil Case Fillers</a></li>
							
								<li><a role="menuitem" id="sub-menu-2_9" href="http://shop.coles.com.au/online/national/back-to-school/school-stationery/pencil-case" title="Pencil Case">Pencil Case</a></li>
							
							<li class="section"><a role="menuitem" id="sub-menu-2_10" href="http://shop.coles.com.au/online/national/back-to-school/lunch-boxes-bottles" title="Lunch Boxes &amp; Bottles sub category">Lunch Boxes &amp; Bottles</a></li>
							
							
								<li><a role="menuitem" id="sub-menu-2_11" href="http://shop.coles.com.au/online/national/back-to-school/lunch-boxes-bottles/backpacks" title="Backpacks">Backpacks</a></li>
							
								<li><a role="menuitem" id="sub-menu-2_12" href="http://shop.coles.com.au/online/national/back-to-school/lunch-boxes-bottles/drink-bottles" title="Drink Bottles">Drink Bottles</a></li>
							
								<li><a role="menuitem" id="sub-menu-2_13" href="http://shop.coles.com.au/online/national/back-to-school/lunch-boxes-bottles/lunch-bags-with-bottles" title="Lunch Bags with Bottles">Lunch Bags with Bottles</a></li>
							
								<li><a role="menuitem" id="sub-menu-2_14" href="http://shop.coles.com.au/online/national/back-to-school/lunch-boxes-bottles/lunch-boxes" title="Lunch Boxes">Lunch Boxes</a></li>
							
					</ul>
				</div>							
											
			</li>									
		
			
			<li>
				
							
					<a role="menuitem" id="aisleMenu_3" aria-haspopup="true" href="http://shop.coles.com.au/online/national/bread-bakery" class="aisle" title="Browse the Bread &amp; Bakery aisle">
						Bread &amp; Bakery <span>→</span>
					</a>
					
					<div id="menu-3" class="column-list clearfix" data-rows="22" role="navigation">
						<h2>
							<a role="menuitem" id="sub-menu-3_0" class="subCatHeader" title="Bread &amp; Bakery Category" href="http://shop.coles.com.au/online/national/bread-bakery">
								Bread &amp; Bakery
							</a>
							<span class="aisle-search">&nbsp;
								<a role="menuitem" id="sub-menu-3_1" class="browseAllSubCategory" href="http://shop.coles.com.au/online/national/bread-bakery/bread-bakery" title="Browse all items">
								 Browse all items<span>→</span>
								</a>
							</span>
						</h2>
						
						
					<ul role="menu" id="sub-menu-3" data-col-items="menu-3" class="hidden">
						
							<li class="section"><a role="menuitem" id="sub-menu-3_2" href="http://shop.coles.com.au/online/national/bread-bakery/fresh" title="From Our Bakery sub category">From Our Bakery</a></li>
							
							
								<li><a role="menuitem" id="sub-menu-3_3" href="http://shop.coles.com.au/online/national/bread-bakery/fresh/bread" title="Bread">Bread</a></li>
							
								<li><a role="menuitem" id="sub-menu-3_4" href="http://shop.coles.com.au/online/national/bread-bakery/fresh/bakery-cakes" title="Bakery Cakes">Bakery Cakes</a></li>
							
								<li><a role="menuitem" id="sub-menu-3_5" href="http://shop.coles.com.au/online/national/bread-bakery/fresh/cupcakes-muffins" title="Cupcakes &amp; Muffins">Cupcakes &amp; Muffins</a></li>
							
								<li><a role="menuitem" id="sub-menu-3_6" href="http://shop.coles.com.au/online/national/bread-bakery/fresh/donuts-cookies" title="Donuts &amp; Cookies">Donuts &amp; Cookies</a></li>
							
								<li><a role="menuitem" id="sub-menu-3_7" href="http://shop.coles.com.au/online/national/bread-bakery/fresh/desserts-danishes" title="Pastries &amp; Desserts">Pastries &amp; Desserts</a></li>
							
								<li><a role="menuitem" id="sub-menu-3_8" href="http://shop.coles.com.au/online/national/bread-bakery/fresh/hot-cross-buns" title="Hot Cross Buns">Hot Cross Buns</a></li>
							
							<li class="section"><a role="menuitem" id="sub-menu-3_9" href="http://shop.coles.com.au/online/national/bread-bakery/packaged-bread-bakery" title="Packaged Bread &amp; Bakery sub category">Packaged Bread &amp; Bakery</a></li>
							
							
								<li><a role="menuitem" id="sub-menu-3_10" href="http://shop.coles.com.au/online/national/bread-bakery/packaged-bread-bakery/packaged-bread" title="Packaged Bread">Packaged Bread</a></li>
							
								<li><a role="menuitem" id="sub-menu-3_11" href="http://shop.coles.com.au/online/national/bread-bakery/packaged-bread-bakery/cakes" title="Cakes">Cakes</a></li>
							
								<li><a role="menuitem" id="sub-menu-3_12" href="http://shop.coles.com.au/online/national/bread-bakery/packaged-bread-bakery/cookies-biscuits" title="Cookies &amp; Biscuits">Cookies &amp; Biscuits</a></li>
							
								<li><a role="menuitem" id="sub-menu-3_13" href="http://shop.coles.com.au/online/national/bread-bakery/packaged-bread-bakery/crumpets-pancakes" title="Crumpets &amp; Pancakes">Crumpets &amp; Pancakes</a></li>
							
								<li><a role="menuitem" id="sub-menu-3_14" href="http://shop.coles.com.au/online/national/bread-bakery/packaged-bread-bakery/muffins-cupcakes" title="Muffins &amp; Cupcakes">Muffins &amp; Cupcakes</a></li>
							
								<li><a role="menuitem" id="sub-menu-3_15" href="http://shop.coles.com.au/online/national/bread-bakery/packaged-bread-bakery/desserts-pastries" title="Desserts &amp; Pastries">Desserts &amp; Pastries</a></li>
							
								<li><a role="menuitem" id="sub-menu-3_16" href="http://shop.coles.com.au/online/national/bread-bakery/packaged-bread-bakery/pizza-bases" title="Pizza Bases">Pizza Bases</a></li>
							
								<li><a role="menuitem" id="sub-menu-3_17" href="http://shop.coles.com.au/online/national/bread-bakery/packaged-bread-bakery/rolls-bagels" title="Rolls &amp; Bagels">Rolls &amp; Bagels</a></li>
							
								<li><a role="menuitem" id="sub-menu-3_18" href="http://shop.coles.com.au/online/national/bread-bakery/packaged-bread-bakery/wraps-flatbread" title="Wraps &amp; Flatbread">Wraps &amp; Flatbread</a></li>
							
								<li><a role="menuitem" id="sub-menu-3_19" href="http://shop.coles.com.au/online/national/bread-bakery/packaged-bread-bakery/gluten-free-bakery-1571208" title="Gluten Free Bakery">Gluten Free Bakery</a></li>
							
					</ul>
				</div>							
											
			</li>									
		
			
			<li>
				
							
					<a role="menuitem" id="aisleMenu_4" aria-haspopup="true" href="http://shop.coles.com.au/online/national/fruit-vegetables" class="aisle" title="Browse the Fruit &amp; Vegetables aisle">
						Fruit &amp; Vegetables <span>→</span>
					</a>
					
					<div id="menu-4" class="column-list clearfix" data-rows="22" role="navigation">
						<h2>
							<a role="menuitem" id="sub-menu-4_0" class="subCatHeader" title="Fruit &amp; Vegetables Category" href="http://shop.coles.com.au/online/national/fruit-vegetables">
								Fruit &amp; Vegetables
							</a>
							<span class="aisle-search">&nbsp;
								<a role="menuitem" id="sub-menu-4_1" class="browseAllSubCategory" href="http://shop.coles.com.au/online/national/fruit-vegetables/fruit-vegetables" title="Browse all items">
								 Browse all items<span>→</span>
								</a>
							</span>
						</h2>
						
						
					<ul role="menu" id="sub-menu-4" data-col-items="menu-4" class="hidden">
						
							<li class="section"><a role="menuitem" id="sub-menu-4_2" href="http://shop.coles.com.au/online/national/fruit-vegetables/boxes-fruit-vege" title="Boxes Fruit &amp; Veg sub category">Boxes Fruit &amp; Veg</a></li>
							
							
								<li><a role="menuitem" id="sub-menu-4_3" href="http://shop.coles.com.au/online/national/fruit-vegetables/boxes-fruit-vege/fruit-vege-boxes" title="Fruit &amp; Veg Boxes">Fruit &amp; Veg Boxes</a></li>
							
							<li class="section"><a role="menuitem" id="sub-menu-4_4" href="http://shop.coles.com.au/online/national/fruit-vegetables/fruit" title="Fruit sub category">Fruit</a></li>
							
							
								<li><a role="menuitem" id="sub-menu-4_5" href="http://shop.coles.com.au/online/national/fruit-vegetables/fruit/organic-fruit" title="Organic Fruit">Organic Fruit</a></li>
							
								<li><a role="menuitem" id="sub-menu-4_6" href="http://shop.coles.com.au/online/national/fruit-vegetables/fruit/apples" title="Apples">Apples</a></li>
							
								<li><a role="menuitem" id="sub-menu-4_7" href="http://shop.coles.com.au/online/national/fruit-vegetables/fruit/pears" title="Pears">Pears</a></li>
							
								<li><a role="menuitem" id="sub-menu-4_8" href="http://shop.coles.com.au/online/national/fruit-vegetables/fruit/fresh-bananas" title="Fresh Bananas">Fresh Bananas</a></li>
							
								<li><a role="menuitem" id="sub-menu-4_9" href="http://shop.coles.com.au/online/national/fruit-vegetables/fruit/berries-cherries" title="Berries &amp; Cherries">Berries &amp; Cherries</a></li>
							
								<li><a role="menuitem" id="sub-menu-4_10" href="http://shop.coles.com.au/online/national/fruit-vegetables/fruit/grapes" title="Grapes">Grapes</a></li>
							
								<li><a role="menuitem" id="sub-menu-4_11" href="http://shop.coles.com.au/online/national/fruit-vegetables/fruit/oranges" title="Oranges">Oranges</a></li>
							
								<li><a role="menuitem" id="sub-menu-4_12" href="http://shop.coles.com.au/online/national/fruit-vegetables/fruit/grapefruit" title="Grapefruit">Grapefruit</a></li>
							
								<li><a role="menuitem" id="sub-menu-4_13" href="http://shop.coles.com.au/online/national/fruit-vegetables/fruit/mandarins" title="Mandarins">Mandarins</a></li>
							
								<li><a role="menuitem" id="sub-menu-4_14" href="http://shop.coles.com.au/online/national/fruit-vegetables/fruit/lemons-limes" title="Lemons &amp; Limes">Lemons &amp; Limes</a></li>
							
								<li><a role="menuitem" id="sub-menu-4_15" href="http://shop.coles.com.au/online/national/fruit-vegetables/fruit/pineapples" title="Pineapples">Pineapples</a></li>
							
								<li><a role="menuitem" id="sub-menu-4_16" href="http://shop.coles.com.au/online/national/fruit-vegetables/fruit/passionfruit" title="Passionfruit">Passionfruit</a></li>
							
								<li><a role="menuitem" id="sub-menu-4_17" href="http://shop.coles.com.au/online/national/fruit-vegetables/fruit/mangoes" title="Mangoes">Mangoes</a></li>
							
								<li><a role="menuitem" id="sub-menu-4_18" href="http://shop.coles.com.au/online/national/fruit-vegetables/fruit/fresh-melons" title="Fresh Melons">Fresh Melons</a></li>
							
								<li><a role="menuitem" id="sub-menu-4_19" href="http://shop.coles.com.au/online/national/fruit-vegetables/fruit/kiwi-fruit" title="Kiwi Fruit">Kiwi Fruit</a></li>
							
								<li><a role="menuitem" id="sub-menu-4_20" href="http://shop.coles.com.au/online/national/fruit-vegetables/fruit/peaches-nectarines" title="Peaches &amp; Nectarines">Peaches &amp; Nectarines</a></li>
							
								<li><a role="menuitem" id="sub-menu-4_21" href="http://shop.coles.com.au/online/national/fruit-vegetables/fruit/plums-apricots" title="Plums &amp; Apricots">Plums &amp; Apricots</a></li>
							
								<li><a role="menuitem" id="sub-menu-4_22" href="http://shop.coles.com.au/online/national/fruit-vegetables/fruit/rhubarb" title="Rhubarb">Rhubarb</a></li>
							
								<li><a role="menuitem" id="sub-menu-4_23" href="http://shop.coles.com.au/online/national/fruit-vegetables/fruit/coconuts" title="Coconuts">Coconuts</a></li>
							
								<li><a role="menuitem" id="sub-menu-4_24" href="http://shop.coles.com.au/online/national/fruit-vegetables/fruit/tropical-exotic-fruit" title="Tropical &amp; Exotic Fruit">Tropical &amp; Exotic Fruit</a></li>
							
								<li><a role="menuitem" id="sub-menu-4_25" href="http://shop.coles.com.au/online/national/fruit-vegetables/fruit/prepacked-fruit" title="Cut Fruit">Cut Fruit</a></li>
							
							<li class="section"><a role="menuitem" id="sub-menu-4_26" href="http://shop.coles.com.au/online/national/fruit-vegetables/vegetables" title="Vegetables sub category">Vegetables</a></li>
							
							
								<li><a role="menuitem" id="sub-menu-4_27" href="http://shop.coles.com.au/online/national/fruit-vegetables/vegetables/organic-vegetables" title="Organic Vegetables">Organic Vegetables</a></li>
							
								<li><a role="menuitem" id="sub-menu-4_28" href="http://shop.coles.com.au/online/national/fruit-vegetables/vegetables/avocado" title="Avocado">Avocado</a></li>
							
								<li><a role="menuitem" id="sub-menu-4_29" href="http://shop.coles.com.au/online/national/fruit-vegetables/vegetables/lettuce" title="Lettuce">Lettuce</a></li>
							
								<li><a role="menuitem" id="sub-menu-4_30" href="http://shop.coles.com.au/online/national/fruit-vegetables/vegetables/tomatoes" title="Tomatoes">Tomatoes</a></li>
							
								<li><a role="menuitem" id="sub-menu-4_31" href="http://shop.coles.com.au/online/national/fruit-vegetables/vegetables/potatoes" title="Potatoes">Potatoes</a></li>
							
								<li><a role="menuitem" id="sub-menu-4_32" href="http://shop.coles.com.au/online/national/fruit-vegetables/vegetables/carrots-parsnips" title="Carrots &amp; Parsnips">Carrots &amp; Parsnips</a></li>
							
								<li><a role="menuitem" id="sub-menu-4_33" href="http://shop.coles.com.au/online/national/fruit-vegetables/vegetables/pumpkin" title="Pumpkin">Pumpkin</a></li>
							
								<li><a role="menuitem" id="sub-menu-4_34" href="http://shop.coles.com.au/online/national/fruit-vegetables/vegetables/cucumber" title="Cucumber">Cucumber</a></li>
							
								<li><a role="menuitem" id="sub-menu-4_35" href="http://shop.coles.com.au/online/national/fruit-vegetables/vegetables/garlic-ginger" title="Garlic &amp; Ginger">Garlic &amp; Ginger</a></li>
							
								<li><a role="menuitem" id="sub-menu-4_36" href="http://shop.coles.com.au/online/national/fruit-vegetables/vegetables/mushrooms" title="Mushrooms">Mushrooms</a></li>
							
								<li><a role="menuitem" id="sub-menu-4_37" href="http://shop.coles.com.au/online/national/fruit-vegetables/vegetables/capsicum-chillies" title="Capsicum &amp; Chillies">Capsicum &amp; Chillies</a></li>
							
								<li><a role="menuitem" id="sub-menu-4_38" href="http://shop.coles.com.au/online/national/fruit-vegetables/vegetables/celery" title="Celery">Celery</a></li>
							
								<li><a role="menuitem" id="sub-menu-4_39" href="http://shop.coles.com.au/online/national/fruit-vegetables/vegetables/corn" title="Corn">Corn</a></li>
							
								<li><a role="menuitem" id="sub-menu-4_40" href="http://shop.coles.com.au/online/national/fruit-vegetables/vegetables/beetroot" title="Beetroot">Beetroot</a></li>
							
								<li><a role="menuitem" id="sub-menu-4_41" href="http://shop.coles.com.au/online/national/fruit-vegetables/vegetables/cabbage-brussel-sprouts" title="Cabbage &amp; Brussel Sprouts">Cabbage &amp; Brussel Sprouts</a></li>
							
								<li><a role="menuitem" id="sub-menu-4_42" href="http://shop.coles.com.au/online/national/fruit-vegetables/vegetables/peas-beans" title="Peas &amp; Beans">Peas &amp; Beans</a></li>
							
								<li><a role="menuitem" id="sub-menu-4_43" href="http://shop.coles.com.au/online/national/fruit-vegetables/vegetables/spinach-silverbeet" title="Spinach &amp; Silverbeet">Spinach &amp; Silverbeet</a></li>
							
								<li><a role="menuitem" id="sub-menu-4_44" href="http://shop.coles.com.au/online/national/fruit-vegetables/vegetables/asparagus-artichokes" title="Asparagus &amp; Artichokes">Asparagus &amp; Artichokes</a></li>
							
								<li><a role="menuitem" id="sub-menu-4_45" href="http://shop.coles.com.au/online/national/fruit-vegetables/vegetables/fresh-eggplant" title="Fresh Eggplant">Fresh Eggplant</a></li>
							
								<li><a role="menuitem" id="sub-menu-4_46" href="http://shop.coles.com.au/online/national/fruit-vegetables/vegetables/brocolli-cauliflower" title="Broccoli &amp; Cauliflower">Broccoli &amp; Cauliflower</a></li>
							
								<li><a role="menuitem" id="sub-menu-4_47" href="http://shop.coles.com.au/online/national/fruit-vegetables/vegetables/bok-choy-asian-greens" title="Bok Choy &amp; Asian Greens">Bok Choy &amp; Asian Greens</a></li>
							
								<li><a role="menuitem" id="sub-menu-4_48" href="http://shop.coles.com.au/online/national/fruit-vegetables/vegetables/onion-leeks" title="Onion &amp; Leeks">Onion &amp; Leeks</a></li>
							
								<li><a role="menuitem" id="sub-menu-4_49" href="http://shop.coles.com.au/online/national/fruit-vegetables/vegetables/turnips-other-root-veg" title="Turnips &amp; Root Veg">Turnips &amp; Root Veg</a></li>
							
								<li><a role="menuitem" id="sub-menu-4_50" href="http://shop.coles.com.au/online/national/fruit-vegetables/vegetables/zucchini-squash" title="Zucchini &amp; Squash">Zucchini &amp; Squash</a></li>
							
								<li><a role="menuitem" id="sub-menu-4_51" href="http://shop.coles.com.au/online/national/fruit-vegetables/vegetables/prepacked-vegetables" title="Cut Vegetables">Cut Vegetables</a></li>
							
							<li class="section"><a role="menuitem" id="sub-menu-4_52" href="http://shop.coles.com.au/online/national/fruit-vegetables/salad-herbs" title="Salad &amp; Herbs sub category">Salad &amp; Herbs</a></li>
							
							
								<li><a role="menuitem" id="sub-menu-4_53" href="http://shop.coles.com.au/online/national/fruit-vegetables/salad-herbs/dressed-salads" title="Dressed Salads">Dressed Salads</a></li>
							
								<li><a role="menuitem" id="sub-menu-4_54" href="http://shop.coles.com.au/online/national/fruit-vegetables/salad-herbs/herbs" title="Herbs">Herbs</a></li>
							
								<li><a role="menuitem" id="sub-menu-4_55" href="http://shop.coles.com.au/online/national/fruit-vegetables/salad-herbs/pre-made-salads" title="Salad Bags">Salad Bags</a></li>
							
								<li><a role="menuitem" id="sub-menu-4_56" href="http://shop.coles.com.au/online/national/fruit-vegetables/salad-herbs/salad-bowls-kits" title="Salad Bowls &amp; Kits">Salad Bowls &amp; Kits</a></li>
							
								<li><a role="menuitem" id="sub-menu-4_57" href="http://shop.coles.com.au/online/national/fruit-vegetables/salad-herbs/dressings-for-salads" title="Salad Dressing">Salad Dressing</a></li>
							
								<li><a role="menuitem" id="sub-menu-4_58" href="http://shop.coles.com.au/online/national/fruit-vegetables/salad-herbs/sprouts-shoots" title="Sprouts">Sprouts</a></li>
							
							<li class="section"><a role="menuitem" id="sub-menu-4_59" href="http://shop.coles.com.au/online/national/fruit-vegetables/nuts-dried-fruit" title="Nuts &amp; Dried Fruit sub category">Nuts &amp; Dried Fruit</a></li>
							
							
								<li><a role="menuitem" id="sub-menu-4_60" href="http://shop.coles.com.au/online/national/fruit-vegetables/nuts-dried-fruit/fresh-nuts" title="Nuts &amp; Snacks">Nuts &amp; Snacks</a></li>
							
								<li><a role="menuitem" id="sub-menu-4_61" href="http://shop.coles.com.au/online/national/fruit-vegetables/nuts-dried-fruit/dried-fruits" title="Fruit &amp; Nut Blend">Fruit &amp; Nut Blend</a></li>
							
							<li class="section"><a role="menuitem" id="sub-menu-4_62" href="http://shop.coles.com.au/online/national/fruit-vegetables/fresh-flowers-1595064" title="Fresh Flowers sub category">Fresh Flowers</a></li>
							
							
								<li><a role="menuitem" id="sub-menu-4_63" href="http://shop.coles.com.au/online/national/fruit-vegetables/fresh-flowers-1595064/flowers-1595065" title="Flowers">Flowers</a></li>
							
					</ul>
				</div>							
											
			</li>									
		
			
			<li>
				
							
					<a role="menuitem" id="aisleMenu_5" aria-haspopup="true" href="http://shop.coles.com.au/online/national/meat-seafood-deli" class="aisle" title="Browse the Meat, Seafood &amp; Deli aisle">
						Meat, Seafood &amp; Deli <span>→</span>
					</a>
					
					<div id="menu-5" class="column-list clearfix" data-rows="22" role="navigation">
						<h2>
							<a role="menuitem" id="sub-menu-5_0" class="subCatHeader" title="Meat, Seafood &amp; Deli Category" href="http://shop.coles.com.au/online/national/meat-seafood-deli">
								Meat, Seafood &amp; Deli
							</a>
							<span class="aisle-search">&nbsp;
								<a role="menuitem" id="sub-menu-5_1" class="browseAllSubCategory" href="http://shop.coles.com.au/online/national/meat-seafood-deli/meat-seafood-deli" title="Browse all items">
								 Browse all items<span>→</span>
								</a>
							</span>
						</h2>
						
						
					<ul role="menu" id="sub-menu-5" data-col-items="menu-5" class="hidden">
						
							<li class="section"><a role="menuitem" id="sub-menu-5_2" href="http://shop.coles.com.au/online/national/meat-seafood-deli/fresh-meat" title="Meat sub category">Meat</a></li>
							
							
								<li><a role="menuitem" id="sub-menu-5_3" href="http://shop.coles.com.au/online/national/meat-seafood-deli/fresh-meat/beef" title="Beef">Beef</a></li>
							
								<li><a role="menuitem" id="sub-menu-5_4" href="http://shop.coles.com.au/online/national/meat-seafood-deli/fresh-meat/chicken" title="Chicken">Chicken</a></li>
							
								<li><a role="menuitem" id="sub-menu-5_5" href="http://shop.coles.com.au/online/national/meat-seafood-deli/fresh-meat/lamb" title="Lamb">Lamb</a></li>
							
								<li><a role="menuitem" id="sub-menu-5_6" href="http://shop.coles.com.au/online/national/meat-seafood-deli/fresh-meat/pork" title="Pork">Pork</a></li>
							
								<li><a role="menuitem" id="sub-menu-5_7" href="http://shop.coles.com.au/online/national/meat-seafood-deli/fresh-meat/turkey" title="Turkey">Turkey</a></li>
							
								<li><a role="menuitem" id="sub-menu-5_8" href="http://shop.coles.com.au/online/national/meat-seafood-deli/fresh-meat/duck-other-poultry" title="Duck &amp; Other Poultry">Duck &amp; Other Poultry</a></li>
							
								<li><a role="menuitem" id="sub-menu-5_9" href="http://shop.coles.com.au/online/national/meat-seafood-deli/fresh-meat/veal" title="Veal">Veal</a></li>
							
								<li><a role="menuitem" id="sub-menu-5_10" href="http://shop.coles.com.au/online/national/meat-seafood-deli/fresh-meat/game" title="Game">Game</a></li>
							
								<li><a role="menuitem" id="sub-menu-5_11" href="http://shop.coles.com.au/online/national/meat-seafood-deli/fresh-meat/burgers-and-sausages" title="Burgers and Sausages">Burgers and Sausages</a></li>
							
								<li><a role="menuitem" id="sub-menu-5_12" href="http://shop.coles.com.au/online/national/meat-seafood-deli/fresh-meat/bbq-party-packs" title="BBQ &amp; Party Packs">BBQ &amp; Party Packs</a></li>
							
							<li class="section"><a role="menuitem" id="sub-menu-5_13" href="http://shop.coles.com.au/online/national/meat-seafood-deli/seafood" title="Seafood sub category">Seafood</a></li>
							
							
								<li><a role="menuitem" id="sub-menu-5_14" href="http://shop.coles.com.au/online/national/meat-seafood-deli/seafood/fish-accessories" title="Fish">Fish</a></li>
							
								<li><a role="menuitem" id="sub-menu-5_15" href="http://shop.coles.com.au/online/national/meat-seafood-deli/seafood/lobster-crab" title="Crab &amp; Lobster">Crab &amp; Lobster</a></li>
							
								<li><a role="menuitem" id="sub-menu-5_16" href="http://shop.coles.com.au/online/national/meat-seafood-deli/seafood/oysters" title="Oysters">Oysters</a></li>
							
								<li><a role="menuitem" id="sub-menu-5_17" href="http://shop.coles.com.au/online/national/meat-seafood-deli/seafood/mussels-scallops" title="Mussels &amp; Scallops">Mussels &amp; Scallops</a></li>
							
								<li><a role="menuitem" id="sub-menu-5_18" href="http://shop.coles.com.au/online/national/meat-seafood-deli/seafood/shrimp-prawns" title="Prawns &amp; Shrimp">Prawns &amp; Shrimp</a></li>
							
								<li><a role="menuitem" id="sub-menu-5_19" href="http://shop.coles.com.au/online/national/meat-seafood-deli/seafood/mixed-marinara" title="Mixed Marinara">Mixed Marinara</a></li>
							
								<li><a role="menuitem" id="sub-menu-5_20" href="http://shop.coles.com.au/online/national/meat-seafood-deli/seafood/squid-octopus" title="Squid &amp; Octopus">Squid &amp; Octopus</a></li>
							
								<li><a role="menuitem" id="sub-menu-5_21" href="http://shop.coles.com.au/online/national/meat-seafood-deli/seafood/prepacked-seafood" title="Prepacked Seafood">Prepacked Seafood</a></li>
							
							<li class="section"><a role="menuitem" id="sub-menu-5_22" href="http://shop.coles.com.au/online/national/meat-seafood-deli/deli-meats" title="Deli Meats sub category">Deli Meats</a></li>
							
							
								<li><a role="menuitem" id="sub-menu-5_23" href="http://shop.coles.com.au/online/national/meat-seafood-deli/deli-meats/ham" title="Ham">Ham</a></li>
							
								<li><a role="menuitem" id="sub-menu-5_24" href="http://shop.coles.com.au/online/national/meat-seafood-deli/deli-meats/bacon" title="Bacon">Bacon</a></li>
							
								<li><a role="menuitem" id="sub-menu-5_25" href="http://shop.coles.com.au/online/national/meat-seafood-deli/deli-meats/salami" title="Salami">Salami</a></li>
							
								<li><a role="menuitem" id="sub-menu-5_26" href="http://shop.coles.com.au/online/national/meat-seafood-deli/deli-meats/cold-sliced-meats" title="Sliced Meats">Sliced Meats</a></li>
							
								<li><a role="menuitem" id="sub-menu-5_27" href="http://shop.coles.com.au/online/national/meat-seafood-deli/deli-meats/cured--dried-smoked" title="Cured &amp; Smoked">Cured &amp; Smoked</a></li>
							
								<li><a role="menuitem" id="sub-menu-5_28" href="http://shop.coles.com.au/online/national/meat-seafood-deli/deli-meats/frankfurts-sausages" title="Frankfurts &amp; Sausages">Frankfurts &amp; Sausages</a></li>
							
								<li><a role="menuitem" id="sub-menu-5_29" href="http://shop.coles.com.au/online/national/meat-seafood-deli/deli-meats/poultry" title="Poultry">Poultry</a></li>
							
								<li><a role="menuitem" id="sub-menu-5_30" href="http://shop.coles.com.au/online/national/meat-seafood-deli/deli-meats/smoked-salmon" title="Smoked Salmon">Smoked Salmon</a></li>
							
								<li><a role="menuitem" id="sub-menu-5_31" href="http://shop.coles.com.au/online/national/meat-seafood-deli/deli-meats/deli-seafood" title="Deli Seafood">Deli Seafood</a></li>
							
							<li class="section"><a role="menuitem" id="sub-menu-5_32" href="http://shop.coles.com.au/online/national/meat-seafood-deli/deli-specialty" title="Deli Specialty sub category">Deli Specialty</a></li>
							
							
								<li><a role="menuitem" id="sub-menu-5_33" href="http://shop.coles.com.au/online/national/meat-seafood-deli/deli-specialty/dips-pate" title="Dips &amp; Pate">Dips &amp; Pate</a></li>
							
								<li><a role="menuitem" id="sub-menu-5_34" href="http://shop.coles.com.au/online/national/meat-seafood-deli/deli-specialty/deli-gourmet-cheese" title="Deli Gourmet Cheese">Deli Gourmet Cheese</a></li>
							
								<li><a role="menuitem" id="sub-menu-5_35" href="http://shop.coles.com.au/online/national/meat-seafood-deli/deli-specialty/olives" title="Olives">Olives</a></li>
							
								<li><a role="menuitem" id="sub-menu-5_36" href="http://shop.coles.com.au/online/national/meat-seafood-deli/deli-specialty/antipasto" title="Antipasto">Antipasto</a></li>
							
								<li><a role="menuitem" id="sub-menu-5_37" href="http://shop.coles.com.au/online/national/meat-seafood-deli/deli-specialty/platters" title="Platters">Platters</a></li>
							
								<li><a role="menuitem" id="sub-menu-5_38" href="http://shop.coles.com.au/online/national/meat-seafood-deli/deli-specialty/salads" title="Salads">Salads</a></li>
							
								<li><a role="menuitem" id="sub-menu-5_39" href="http://shop.coles.com.au/online/national/meat-seafood-deli/deli-specialty/prepared-foods" title="Prepared Foods">Prepared Foods</a></li>
							
					</ul>
				</div>							
											
			</li>									
		
			
			<li>
				
							
					<a role="menuitem" id="aisleMenu_6" aria-haspopup="true" href="http://shop.coles.com.au/online/national/dairy--eggs-meals" class="aisle" title="Browse the Dairy, Eggs &amp; Meals aisle">
						Dairy, Eggs &amp; Meals <span>→</span>
					</a>
					
					<div id="menu-6" class="column-list clearfix" data-rows="22" role="navigation">
						<h2>
							<a role="menuitem" id="sub-menu-6_0" class="subCatHeader" title="Dairy, Eggs &amp; Meals Category" href="http://shop.coles.com.au/online/national/dairy--eggs-meals">
								Dairy, Eggs &amp; Meals
							</a>
							<span class="aisle-search">&nbsp;
								<a role="menuitem" id="sub-menu-6_1" class="browseAllSubCategory" href="http://shop.coles.com.au/online/national/dairy--eggs-meals/dairy--eggs-meals" title="Browse all items">
								 Browse all items<span>→</span>
								</a>
							</span>
						</h2>
						
						
					<ul role="menu" id="sub-menu-6" data-col-items="menu-6" class="hidden">
						
							<li class="section"><a role="menuitem" id="sub-menu-6_2" href="http://shop.coles.com.au/online/national/dairy--eggs-meals/dairy-eggs" title="Dairy &amp; Eggs sub category">Dairy &amp; Eggs</a></li>
							
							
								<li><a role="menuitem" id="sub-menu-6_3" href="http://shop.coles.com.au/online/national/dairy--eggs-meals/dairy-eggs/milk" title="Milk">Milk</a></li>
							
								<li><a role="menuitem" id="sub-menu-6_4" href="http://shop.coles.com.au/online/national/dairy--eggs-meals/dairy-eggs/eggs" title="Eggs">Eggs</a></li>
							
								<li><a role="menuitem" id="sub-menu-6_5" href="http://shop.coles.com.au/online/national/dairy--eggs-meals/dairy-eggs/yoghurt" title="Yoghurt">Yoghurt</a></li>
							
								<li><a role="menuitem" id="sub-menu-6_6" href="http://shop.coles.com.au/online/national/dairy--eggs-meals/dairy-eggs/cheese" title="Cheese">Cheese</a></li>
							
								<li><a role="menuitem" id="sub-menu-6_7" href="http://shop.coles.com.au/online/national/dairy--eggs-meals/dairy-eggs/gourmet-cheese" title="Gourmet Cheese">Gourmet Cheese</a></li>
							
								<li><a role="menuitem" id="sub-menu-6_8" href="http://shop.coles.com.au/online/national/dairy--eggs-meals/dairy-eggs/butter-margarine" title="Butter &amp; Margarine">Butter &amp; Margarine</a></li>
							
								<li><a role="menuitem" id="sub-menu-6_9" href="http://shop.coles.com.au/online/national/dairy--eggs-meals/dairy-eggs/cream" title="Cream">Cream</a></li>
							
								<li><a role="menuitem" id="sub-menu-6_10" href="http://shop.coles.com.au/online/national/dairy--eggs-meals/dairy-eggs/custard" title="Custard">Custard</a></li>
							
								<li><a role="menuitem" id="sub-menu-6_11" href="http://shop.coles.com.au/online/national/dairy--eggs-meals/dairy-eggs/dips" title="Dips">Dips</a></li>
							
								<li><a role="menuitem" id="sub-menu-6_12" href="http://shop.coles.com.au/online/national/dairy--eggs-meals/dairy-eggs/desserts" title="Desserts">Desserts</a></li>
							
							<li class="section"><a role="menuitem" id="sub-menu-6_13" href="http://shop.coles.com.au/online/national/dairy--eggs-meals/fresh-pasta-sauces" title="Fresh Pasta &amp; Sauces sub category">Fresh Pasta &amp; Sauces</a></li>
							
							
								<li><a role="menuitem" id="sub-menu-6_14" href="http://shop.coles.com.au/online/national/dairy--eggs-meals/fresh-pasta-sauces/fresh-pasta-noodles" title="Fresh Pasta &amp; Noodles">Fresh Pasta &amp; Noodles</a></li>
							
								<li><a role="menuitem" id="sub-menu-6_15" href="http://shop.coles.com.au/online/national/dairy--eggs-meals/fresh-pasta-sauces/pasta-sauces" title="Pasta Sauces">Pasta Sauces</a></li>
							
							<li class="section"><a role="menuitem" id="sub-menu-6_16" href="http://shop.coles.com.au/online/national/dairy--eggs-meals/garlic-bread-pastry-sheets" title="Garlic Bread &amp; Pastry Sheets sub category">Garlic Bread &amp; Pastry Sheets</a></li>
							
							
								<li><a role="menuitem" id="sub-menu-6_17" href="http://shop.coles.com.au/online/national/dairy--eggs-meals/garlic-bread-pastry-sheets/chilled-garlic-specialty-breads" title="Chilled Garlic &amp; Specialty Breads">Chilled Garlic &amp; Specialty Breads</a></li>
							
								<li><a role="menuitem" id="sub-menu-6_18" href="http://shop.coles.com.au/online/national/dairy--eggs-meals/garlic-bread-pastry-sheets/chilled-pastry-dough" title="Chilled Pastry &amp; Dough">Chilled Pastry &amp; Dough</a></li>
							
							<li class="section"><a role="menuitem" id="sub-menu-6_19" href="http://shop.coles.com.au/online/national/dairy--eggs-meals/ready-to-eat-meals" title="Ready to Eat Meals sub category">Ready to Eat Meals</a></li>
							
							
								<li><a role="menuitem" id="sub-menu-6_20" href="http://shop.coles.com.au/online/national/dairy--eggs-meals/ready-to-eat-meals/thai-meals" title="Thai Meals">Thai Meals</a></li>
							
								<li><a role="menuitem" id="sub-menu-6_21" href="http://shop.coles.com.au/online/national/dairy--eggs-meals/ready-to-eat-meals/rice-based-meals" title="Indian Meals">Indian Meals</a></li>
							
								<li><a role="menuitem" id="sub-menu-6_22" href="http://shop.coles.com.au/online/national/dairy--eggs-meals/ready-to-eat-meals/hot-snacks-sides" title="Hot Snacks &amp; Sides">Hot Snacks &amp; Sides</a></li>
							
								<li><a role="menuitem" id="sub-menu-6_23" href="http://shop.coles.com.au/online/national/dairy--eggs-meals/ready-to-eat-meals/nann--roti--pappadums" title="Naan, Roti, Pappadums">Naan, Roti, Pappadums</a></li>
							
								<li><a role="menuitem" id="sub-menu-6_24" href="http://shop.coles.com.au/online/national/dairy--eggs-meals/ready-to-eat-meals/pasta-meals-456613" title="Italian Meals &amp; Pasta">Italian Meals &amp; Pasta</a></li>
							
								<li><a role="menuitem" id="sub-menu-6_25" href="http://shop.coles.com.au/online/national/dairy--eggs-meals/ready-to-eat-meals/pies-pastries" title="Pies &amp; Pastries">Pies &amp; Pastries</a></li>
							
								<li><a role="menuitem" id="sub-menu-6_26" href="http://shop.coles.com.au/online/national/dairy--eggs-meals/ready-to-eat-meals/pizzas" title="Pizzas">Pizzas</a></li>
							
								<li><a role="menuitem" id="sub-menu-6_27" href="http://shop.coles.com.au/online/national/dairy--eggs-meals/ready-to-eat-meals/soups-stews" title="Soups &amp; Stews">Soups &amp; Stews</a></li>
							
							<li class="section"><a role="menuitem" id="sub-menu-6_28" href="http://shop.coles.com.au/online/national/dairy--eggs-meals/meat-alternatives" title="Vegetarian Options sub category">Vegetarian Options</a></li>
							
							
								<li><a role="menuitem" id="sub-menu-6_29" href="http://shop.coles.com.au/online/national/dairy--eggs-meals/meat-alternatives/soy" title="Soy">Soy</a></li>
							
								<li><a role="menuitem" id="sub-menu-6_30" href="http://shop.coles.com.au/online/national/dairy--eggs-meals/meat-alternatives/tofu" title="Tofu">Tofu</a></li>
							
								<li><a role="menuitem" id="sub-menu-6_31" href="http://shop.coles.com.au/online/national/dairy--eggs-meals/meat-alternatives/falafels" title="Falafels">Falafels</a></li>
							
								<li><a role="menuitem" id="sub-menu-6_32" href="http://shop.coles.com.au/online/national/dairy--eggs-meals/meat-alternatives/vegie-burgers-sausages" title="Vegie Burgers &amp; Sausages">Vegie Burgers &amp; Sausages</a></li>
							
								<li><a role="menuitem" id="sub-menu-6_33" href="http://shop.coles.com.au/online/national/dairy--eggs-meals/meat-alternatives/vegie-bacon-mince" title="Vegie Bacon &amp; Mince">Vegie Bacon &amp; Mince</a></li>
							
					</ul>
				</div>							
											
			</li>									
		
			
			<li>
				
							
					<a role="menuitem" id="aisleMenu_7" aria-haspopup="true" href="http://shop.coles.com.au/online/national/pantry" class="aisle" title="Browse the Pantry aisle">
						Pantry <span>→</span>
					</a>
					
					<div id="menu-7" class="column-list clearfix" data-rows="22" role="navigation">
						<h2>
							<a role="menuitem" id="sub-menu-7_0" class="subCatHeader" title="Pantry Category" href="http://shop.coles.com.au/online/national/pantry">
								Pantry
							</a>
							<span class="aisle-search">&nbsp;
								<a role="menuitem" id="sub-menu-7_1" class="browseAllSubCategory" href="http://shop.coles.com.au/online/national/pantry/pantry" title="Browse all items">
								 Browse all items<span>→</span>
								</a>
							</span>
						</h2>
						
						
					<ul role="menu" id="sub-menu-7" data-col-items="menu-7" class="hidden">
						
							<li class="section"><a role="menuitem" id="sub-menu-7_2" href="http://shop.coles.com.au/online/national/pantry/breakfast" title="Breakfast sub category">Breakfast</a></li>
							
							
								<li><a role="menuitem" id="sub-menu-7_3" href="http://shop.coles.com.au/online/national/pantry/breakfast/cereals" title="Cereals">Cereals</a></li>
							
								<li><a role="menuitem" id="sub-menu-7_4" href="http://shop.coles.com.au/online/national/pantry/breakfast/breakfast-drinks" title="Breakfast Drinks">Breakfast Drinks</a></li>
							
							<li class="section"><a role="menuitem" id="sub-menu-7_5" href="http://shop.coles.com.au/online/national/pantry/snacks" title="Snacks sub category">Snacks</a></li>
							
							
								<li><a role="menuitem" id="sub-menu-7_6" href="http://shop.coles.com.au/online/national/pantry/snacks/potato-chips" title="Potato Chips">Potato Chips</a></li>
							
								<li><a role="menuitem" id="sub-menu-7_7" href="http://shop.coles.com.au/online/national/pantry/snacks/corn-chips-salsa" title="Corn Chips &amp; Salsa">Corn Chips &amp; Salsa</a></li>
							
								<li><a role="menuitem" id="sub-menu-7_8" href="http://shop.coles.com.au/online/national/pantry/snacks/popcorn" title="Popcorn">Popcorn</a></li>
							
								<li><a role="menuitem" id="sub-menu-7_9" href="http://shop.coles.com.au/online/national/pantry/snacks/pretzels-other-snacks" title="Pretzels &amp; Other Snacks">Pretzels &amp; Other Snacks</a></li>
							
								<li><a role="menuitem" id="sub-menu-7_10" href="http://shop.coles.com.au/online/national/pantry/snacks/biscuits-cookies" title="Biscuits &amp; Cookies">Biscuits &amp; Cookies</a></li>
							
								<li><a role="menuitem" id="sub-menu-7_11" href="http://shop.coles.com.au/online/national/pantry/snacks/nuts-trail-mix" title="Nuts &amp; Trail Mix">Nuts &amp; Trail Mix</a></li>
							
								<li><a role="menuitem" id="sub-menu-7_12" href="http://shop.coles.com.au/online/national/pantry/snacks/fruit-snacks" title="Fruit Snacks">Fruit Snacks</a></li>
							
								<li><a role="menuitem" id="sub-menu-7_13" href="http://shop.coles.com.au/online/national/pantry/snacks/muesli-snack-bars" title="Muesli &amp; Snack Bars">Muesli &amp; Snack Bars</a></li>
							
								<li><a role="menuitem" id="sub-menu-7_14" href="http://shop.coles.com.au/online/national/pantry/snacks/jelly" title="Jelly">Jelly</a></li>
							
								<li><a role="menuitem" id="sub-menu-7_15" href="http://shop.coles.com.au/online/national/pantry/snacks/ice-cream-cones-toppings" title="Ice-cream Cones &amp; Toppings">Ice-cream Cones &amp; Toppings</a></li>
							
								<li><a role="menuitem" id="sub-menu-7_16" href="http://shop.coles.com.au/online/national/pantry/snacks/dairy-snacks" title="Dairy Snacks">Dairy Snacks</a></li>
							
								<li><a role="menuitem" id="sub-menu-7_17" href="http://shop.coles.com.au/online/national/pantry/snacks/rice-corn-snacks" title="Rice &amp; Corn Snacks">Rice &amp; Corn Snacks</a></li>
							
								<li><a role="menuitem" id="sub-menu-7_18" href="http://shop.coles.com.au/online/national/pantry/snacks/crackers-cripsbreads" title="Crackers &amp; Crispbreads">Crackers &amp; Crispbreads</a></li>
							
								<li><a role="menuitem" id="sub-menu-7_19" href="http://shop.coles.com.au/online/national/pantry/snacks/party-packs-366011" title="Party Packs">Party Packs</a></li>
							
							<li class="section"><a role="menuitem" id="sub-menu-7_20" href="http://shop.coles.com.au/online/national/pantry/chocolates-lollies" title="Confectionery sub category">Confectionery</a></li>
							
							
								<li><a role="menuitem" id="sub-menu-7_21" href="http://shop.coles.com.au/online/national/pantry/chocolates-lollies/chocolates" title="Chocolates">Chocolates</a></li>
							
								<li><a role="menuitem" id="sub-menu-7_22" href="http://shop.coles.com.au/online/national/pantry/chocolates-lollies/lollies" title="Lollies">Lollies</a></li>
							
								<li><a role="menuitem" id="sub-menu-7_23" href="http://shop.coles.com.au/online/national/pantry/chocolates-lollies/gum" title="Gum &amp; Mints">Gum &amp; Mints</a></li>
							
								<li><a role="menuitem" id="sub-menu-7_24" href="http://shop.coles.com.au/online/national/pantry/chocolates-lollies/medicated-lozenges" title="Medicated Lozenges">Medicated Lozenges</a></li>
							
							<li class="section"><a role="menuitem" id="sub-menu-7_25" href="http://shop.coles.com.au/online/national/pantry/herbs-spices" title="Herbs &amp; Spices sub category">Herbs &amp; Spices</a></li>
							
							
								<li><a role="menuitem" id="sub-menu-7_26" href="http://shop.coles.com.au/online/national/pantry/herbs-spices/dried-herbs" title="Dried Herbs">Dried Herbs</a></li>
							
								<li><a role="menuitem" id="sub-menu-7_27" href="http://shop.coles.com.au/online/national/pantry/herbs-spices/salt--pepper-spices" title="Salt, Pepper &amp; Spices">Salt, Pepper &amp; Spices</a></li>
							
								<li><a role="menuitem" id="sub-menu-7_28" href="http://shop.coles.com.au/online/national/pantry/herbs-spices/marinades-seasonings" title="Marinades &amp; Seasonings">Marinades &amp; Seasonings</a></li>
							
							<li class="section"><a role="menuitem" id="sub-menu-7_29" href="http://shop.coles.com.au/online/national/pantry/health-foods" title="Health Foods sub category">Health Foods</a></li>
							
							
								<li><a role="menuitem" id="sub-menu-7_30" href="http://shop.coles.com.au/online/national/pantry/health-foods/cooking" title="Cooking">Cooking</a></li>
							
							<li class="section"><a role="menuitem" id="sub-menu-7_31" href="http://shop.coles.com.au/online/national/pantry/stocks-gravy" title="Stocks &amp; Gravy sub category">Stocks &amp; Gravy</a></li>
							
							
								<li><a role="menuitem" id="sub-menu-7_32" href="http://shop.coles.com.au/online/national/pantry/stocks-gravy/dry-stock" title="Dry Stock">Dry Stock</a></li>
							
								<li><a role="menuitem" id="sub-menu-7_33" href="http://shop.coles.com.au/online/national/pantry/stocks-gravy/liquid-stock" title="Liquid Stock">Liquid Stock</a></li>
							
								<li><a role="menuitem" id="sub-menu-7_34" href="http://shop.coles.com.au/online/national/pantry/stocks-gravy/gravy" title="Gravy">Gravy</a></li>
							
							<li class="section"><a role="menuitem" id="sub-menu-7_35" href="http://shop.coles.com.au/online/national/pantry/baking" title="Baking sub category">Baking</a></li>
							
							
								<li><a role="menuitem" id="sub-menu-7_36" href="http://shop.coles.com.au/online/national/pantry/baking/flour" title="Flour">Flour</a></li>
							
								<li><a role="menuitem" id="sub-menu-7_37" href="http://shop.coles.com.au/online/national/pantry/baking/sugar-sweeteners" title="Sugar &amp; Sweeteners">Sugar &amp; Sweeteners</a></li>
							
								<li><a role="menuitem" id="sub-menu-7_38" href="http://shop.coles.com.au/online/national/pantry/baking/breadcrumbs-stuffing" title="Breadcrumbs &amp; Stuffing">Breadcrumbs &amp; Stuffing</a></li>
							
								<li><a role="menuitem" id="sub-menu-7_39" href="http://shop.coles.com.au/online/national/pantry/baking/yeast-baking-agents" title="Yeast &amp; Baking Agents">Yeast &amp; Baking Agents</a></li>
							
								<li><a role="menuitem" id="sub-menu-7_40" href="http://shop.coles.com.au/online/national/pantry/baking/cake-decorating" title="Cake Decorating">Cake Decorating</a></li>
							
								<li><a role="menuitem" id="sub-menu-7_41" href="http://shop.coles.com.au/online/national/pantry/baking/cake-bread-mixes" title="Cake &amp; Bread Mixes">Cake &amp; Bread Mixes</a></li>
							
								<li><a role="menuitem" id="sub-menu-7_42" href="http://shop.coles.com.au/online/national/pantry/baking/essence-food-colouring" title="Essence &amp; Food Colouring">Essence &amp; Food Colouring</a></li>
							
								<li><a role="menuitem" id="sub-menu-7_43" href="http://shop.coles.com.au/online/national/pantry/baking/dried-fruits-fillings" title="Dried Fruits &amp; Fillings">Dried Fruits &amp; Fillings</a></li>
							
								<li><a role="menuitem" id="sub-menu-7_44" href="http://shop.coles.com.au/online/national/pantry/baking/cooking-chocolate-cocoa" title="Cooking Chocolate &amp; Cocoa">Cooking Chocolate &amp; Cocoa</a></li>
							
								<li><a role="menuitem" id="sub-menu-7_45" href="http://shop.coles.com.au/online/national/pantry/baking/pancake-batter-mixes" title="Pancake &amp; Dessert Mixes">Pancake &amp; Dessert Mixes</a></li>
							
							<li class="section"><a role="menuitem" id="sub-menu-7_46" href="http://shop.coles.com.au/online/national/pantry/condiments" title="Condiments sub category">Condiments</a></li>
							
							
								<li><a role="menuitem" id="sub-menu-7_47" href="http://shop.coles.com.au/online/national/pantry/condiments/pickles--chutney-relish" title="Pickles, Chutney &amp; Relish">Pickles, Chutney &amp; Relish</a></li>
							
								<li><a role="menuitem" id="sub-menu-7_48" href="http://shop.coles.com.au/online/national/pantry/condiments/salad-dressings" title="Salad Dressings">Salad Dressings</a></li>
							
								<li><a role="menuitem" id="sub-menu-7_49" href="http://shop.coles.com.au/online/national/pantry/condiments/mayonnaise" title="Mayonnaise">Mayonnaise</a></li>
							
								<li><a role="menuitem" id="sub-menu-7_50" href="http://shop.coles.com.au/online/national/pantry/condiments/jams-spreads" title="Jams &amp; Spreads">Jams &amp; Spreads</a></li>
							
								<li><a role="menuitem" id="sub-menu-7_51" href="http://shop.coles.com.au/online/national/pantry/condiments/honey" title="Honey">Honey</a></li>
							
								<li><a role="menuitem" id="sub-menu-7_52" href="http://shop.coles.com.au/online/national/pantry/condiments/syrups-toppings" title="Syrups &amp; Toppings">Syrups &amp; Toppings</a></li>
							
								<li><a role="menuitem" id="sub-menu-7_53" href="http://shop.coles.com.au/online/national/pantry/condiments/mustard" title="Mustard">Mustard</a></li>
							
							<li class="section"><a role="menuitem" id="sub-menu-7_54" href="http://shop.coles.com.au/online/national/pantry/sauces" title="Sauces sub category">Sauces</a></li>
							
							
								<li><a role="menuitem" id="sub-menu-7_55" href="http://shop.coles.com.au/online/national/pantry/sauces/pizza-pasta" title="Pizza &amp; Pasta">Pizza &amp; Pasta</a></li>
							
								<li><a role="menuitem" id="sub-menu-7_56" href="http://shop.coles.com.au/online/national/pantry/sauces/recipe-meal-bases" title="Recipe &amp; Meal Bases">Recipe &amp; Meal Bases</a></li>
							
								<li><a role="menuitem" id="sub-menu-7_57" href="http://shop.coles.com.au/online/national/pantry/sauces/soy-asian" title="Soy &amp; Asian">Soy &amp; Asian</a></li>
							
								<li><a role="menuitem" id="sub-menu-7_58" href="http://shop.coles.com.au/online/national/pantry/sauces/stir-fry-and-curries" title="Stir-fry and Curries">Stir-fry and Curries</a></li>
							
								<li><a role="menuitem" id="sub-menu-7_59" href="http://shop.coles.com.au/online/national/pantry/sauces/tabasco-specialty" title="Sweet Chilli &amp; Hot">Sweet Chilli &amp; Hot</a></li>
							
								<li><a role="menuitem" id="sub-menu-7_60" href="http://shop.coles.com.au/online/national/pantry/sauces/tomato-bbq" title="Tomato &amp; BBQ">Tomato &amp; BBQ</a></li>
							
							<li class="section"><a role="menuitem" id="sub-menu-7_61" href="http://shop.coles.com.au/online/national/pantry/oils-vinegars" title="Oils &amp; Vinegars sub category">Oils &amp; Vinegars</a></li>
							
							
								<li><a role="menuitem" id="sub-menu-7_62" href="http://shop.coles.com.au/online/national/pantry/oils-vinegars/vinegar" title="Vinegar">Vinegar</a></li>
							
								<li><a role="menuitem" id="sub-menu-7_63" href="http://shop.coles.com.au/online/national/pantry/oils-vinegars/oil" title="Oil">Oil</a></li>
							
							<li class="section"><a role="menuitem" id="sub-menu-7_64" href="http://shop.coles.com.au/online/national/pantry/pasta--rice--grains" title="Pasta, Rice, Grains sub category">Pasta, Rice, Grains</a></li>
							
							
								<li><a role="menuitem" id="sub-menu-7_65" href="http://shop.coles.com.au/online/national/pantry/pasta--rice--grains/fresh-pasta" title="Fresh Pasta">Fresh Pasta</a></li>
							
								<li><a role="menuitem" id="sub-menu-7_66" href="http://shop.coles.com.au/online/national/pantry/pasta--rice--grains/dried-pasta" title="Dried Pasta">Dried Pasta</a></li>
							
								<li><a role="menuitem" id="sub-menu-7_67" href="http://shop.coles.com.au/online/national/pantry/pasta--rice--grains/rice" title="Rice">Rice</a></li>
							
								<li><a role="menuitem" id="sub-menu-7_68" href="http://shop.coles.com.au/online/national/pantry/pasta--rice--grains/pantry-beans-legumes" title="Beans &amp; Legumes">Beans &amp; Legumes</a></li>
							
								<li><a role="menuitem" id="sub-menu-7_69" href="http://shop.coles.com.au/online/national/pantry/pasta--rice--grains/polenta-other-grains" title="Polenta &amp; Other Grains">Polenta &amp; Other Grains</a></li>
							
							<li class="section"><a role="menuitem" id="sub-menu-7_70" href="http://shop.coles.com.au/online/national/pantry/canned-foods--soups-noodles" title="Canned Foods, Soups &amp; Noodles sub category">Canned Foods, Soups &amp; Noodles</a></li>
							
							
								<li><a role="menuitem" id="sub-menu-7_71" href="http://shop.coles.com.au/online/national/pantry/canned-foods--soups-noodles/beans-legumes" title="Canned Beans &amp; Legumes">Canned Beans &amp; Legumes</a></li>
							
								<li><a role="menuitem" id="sub-menu-7_72" href="http://shop.coles.com.au/online/national/pantry/canned-foods--soups-noodles/noodles" title="Noodles">Noodles</a></li>
							
								<li><a role="menuitem" id="sub-menu-7_73" href="http://shop.coles.com.au/online/national/pantry/canned-foods--soups-noodles/canned-fruit" title="Canned Fruit">Canned Fruit</a></li>
							
								<li><a role="menuitem" id="sub-menu-7_74" href="http://shop.coles.com.au/online/national/pantry/canned-foods--soups-noodles/canned-vegetables" title="Canned Vegetables">Canned Vegetables</a></li>
							
								<li><a role="menuitem" id="sub-menu-7_75" href="http://shop.coles.com.au/online/national/pantry/canned-foods--soups-noodles/canned-meat" title="Canned Meat">Canned Meat</a></li>
							
								<li><a role="menuitem" id="sub-menu-7_76" href="http://shop.coles.com.au/online/national/pantry/canned-foods--soups-noodles/condensed-evaporated-milk" title="Condensed &amp; Evaporated Milk">Condensed &amp; Evaporated Milk</a></li>
							
								<li><a role="menuitem" id="sub-menu-7_77" href="http://shop.coles.com.au/online/national/pantry/canned-foods--soups-noodles/instant-meals-sides" title="Instant Meals &amp; Sides">Instant Meals &amp; Sides</a></li>
							
								<li><a role="menuitem" id="sub-menu-7_78" href="http://shop.coles.com.au/online/national/pantry/canned-foods--soups-noodles/fish-seafood" title="Fish/Seafood">Fish/Seafood</a></li>
							
								<li><a role="menuitem" id="sub-menu-7_79" href="http://shop.coles.com.au/online/national/pantry/canned-foods--soups-noodles/baked-bins-tinned-spaghetti" title="Baked Beans &amp; Spaghetti">Baked Beans &amp; Spaghetti</a></li>
							
								<li><a role="menuitem" id="sub-menu-7_80" href="http://shop.coles.com.au/online/national/pantry/canned-foods--soups-noodles/soups" title="Soups">Soups</a></li>
							
							<li class="section"><a role="menuitem" id="sub-menu-7_81" href="http://shop.coles.com.au/online/national/pantry/tea-coffee" title="Tea &amp; Coffee sub category">Tea &amp; Coffee</a></li>
							
							
								<li><a role="menuitem" id="sub-menu-7_82" href="http://shop.coles.com.au/online/national/pantry/tea-coffee/tea" title="Tea">Tea</a></li>
							
								<li><a role="menuitem" id="sub-menu-7_83" href="http://shop.coles.com.au/online/national/pantry/tea-coffee/coffee" title="Coffee">Coffee</a></li>
							
								<li><a role="menuitem" id="sub-menu-7_84" href="http://shop.coles.com.au/online/national/pantry/tea-coffee/filters-accessories" title="Filters &amp; Accessories">Filters &amp; Accessories</a></li>
							
							<li class="section"><a role="menuitem" id="sub-menu-7_85" href="http://shop.coles.com.au/online/national/pantry/local-foods" title="Local Foods sub category">Local Foods</a></li>
							
							
								<li><a role="menuitem" id="sub-menu-7_86" href="http://shop.coles.com.au/online/national/pantry/local-foods/cereal-health-foods" title="Cereal &amp; Health Foods">Cereal &amp; Health Foods</a></li>
							
								<li><a role="menuitem" id="sub-menu-7_87" href="http://shop.coles.com.au/online/national/pantry/local-foods/local-snacks-drinks" title="Local Snacks &amp; Drinks">Local Snacks &amp; Drinks</a></li>
							
								<li><a role="menuitem" id="sub-menu-7_88" href="http://shop.coles.com.au/online/national/pantry/local-foods/pantry-local-foods" title="Pantry Local Foods">Pantry Local Foods</a></li>
							
							<li class="section"><a role="menuitem" id="sub-menu-7_89" href="http://shop.coles.com.au/online/national/pantry/easter-snacks" title="Easter Confectionery sub category">Easter Confectionery</a></li>
							
							
								<li><a role="menuitem" id="sub-menu-7_90" href="http://shop.coles.com.au/online/national/pantry/easter-snacks/easter-bunnies" title="Easter Bunnies">Easter Bunnies</a></li>
							
								<li><a role="menuitem" id="sub-menu-7_91" href="http://shop.coles.com.au/online/national/pantry/easter-snacks/easter-egg-sharepacks" title="Easter Egg Sharepacks">Easter Egg Sharepacks</a></li>
							
								<li><a role="menuitem" id="sub-menu-7_92" href="http://shop.coles.com.au/online/national/pantry/easter-snacks/easter-eggs" title="Easter Eggs">Easter Eggs</a></li>
							
					</ul>
				</div>							
											
			</li>									
		
			
			<li>
				
							
					<a role="menuitem" id="aisleMenu_8" aria-haspopup="true" href="http://shop.coles.com.au/online/national/frozen" class="aisle" title="Browse the Frozen aisle">
						Frozen <span>→</span>
					</a>
					
					<div id="menu-8" class="column-list clearfix" data-rows="22" role="navigation">
						<h2>
							<a role="menuitem" id="sub-menu-8_0" class="subCatHeader" title="Frozen Category" href="http://shop.coles.com.au/online/national/frozen">
								Frozen
							</a>
							<span class="aisle-search">&nbsp;
								<a role="menuitem" id="sub-menu-8_1" class="browseAllSubCategory" href="http://shop.coles.com.au/online/national/frozen/frozen" title="Browse all items">
								 Browse all items<span>→</span>
								</a>
							</span>
						</h2>
						
						
					<ul role="menu" id="sub-menu-8" data-col-items="menu-8" class="hidden">
						
							<li class="section"><a role="menuitem" id="sub-menu-8_2" href="http://shop.coles.com.au/online/national/frozen/frozen-chips-wedges" title="Chips &amp; Wedges sub category">Chips &amp; Wedges</a></li>
							
							
								<li><a role="menuitem" id="sub-menu-8_3" href="http://shop.coles.com.au/online/national/frozen/frozen-chips-wedges/chips" title="Chips">Chips</a></li>
							
								<li><a role="menuitem" id="sub-menu-8_4" href="http://shop.coles.com.au/online/national/frozen/frozen-chips-wedges/hashbrowns" title="Hashbrowns">Hashbrowns</a></li>
							
								<li><a role="menuitem" id="sub-menu-8_5" href="http://shop.coles.com.au/online/national/frozen/frozen-chips-wedges/wedges" title="Wedges">Wedges</a></li>
							
							<li class="section"><a role="menuitem" id="sub-menu-8_6" href="http://shop.coles.com.au/online/national/frozen/convenience-meals" title="Convenience Meals sub category">Convenience Meals</a></li>
							
							
								<li><a role="menuitem" id="sub-menu-8_7" href="http://shop.coles.com.au/online/national/frozen/convenience-meals/all-convenience-meals" title="All Convenience Meals">All Convenience Meals</a></li>
							
								<li><a role="menuitem" id="sub-menu-8_8" href="http://shop.coles.com.au/online/national/frozen/convenience-meals/kosher-convenience-meals" title="Kosher Convenience Meals">Kosher Convenience Meals</a></li>
							
							<li class="section"><a role="menuitem" id="sub-menu-8_9" href="http://shop.coles.com.au/online/national/frozen/frozen-desserts" title="Frozen Desserts sub category">Frozen Desserts</a></li>
							
							
								<li><a role="menuitem" id="sub-menu-8_10" href="http://shop.coles.com.au/online/national/frozen/frozen-desserts/assorted-desserts" title="Assorted Desserts">Assorted Desserts</a></li>
							
								<li><a role="menuitem" id="sub-menu-8_11" href="http://shop.coles.com.au/online/national/frozen/frozen-desserts/cakes-cheesecakes" title="Cakes &amp; Cheesecakes">Cakes &amp; Cheesecakes</a></li>
							
								<li><a role="menuitem" id="sub-menu-8_12" href="http://shop.coles.com.au/online/national/frozen/frozen-desserts/dessert-pies" title="Dessert Pies">Dessert Pies</a></li>
							
								<li><a role="menuitem" id="sub-menu-8_13" href="http://shop.coles.com.au/online/national/frozen/frozen-desserts/ice-cream-cakes" title="Ice Cream Cakes">Ice Cream Cakes</a></li>
							
								<li><a role="menuitem" id="sub-menu-8_14" href="http://shop.coles.com.au/online/national/frozen/frozen-desserts/pastries-puddings" title="Pastries &amp; Puddings">Pastries &amp; Puddings</a></li>
							
							<li class="section"><a role="menuitem" id="sub-menu-8_15" href="http://shop.coles.com.au/online/national/frozen/frozen-fish-seafood" title="Frozen Fish &amp; Seafood sub category">Frozen Fish &amp; Seafood</a></li>
							
							
								<li><a role="menuitem" id="sub-menu-8_16" href="http://shop.coles.com.au/online/national/frozen/frozen-fish-seafood/fish-fingers-cakes" title="Fish Fingers &amp; Cakes">Fish Fingers &amp; Cakes</a></li>
							
								<li><a role="menuitem" id="sub-menu-8_17" href="http://shop.coles.com.au/online/national/frozen/frozen-fish-seafood/fish-fillets" title="Fish Fillets">Fish Fillets</a></li>
							
								<li><a role="menuitem" id="sub-menu-8_18" href="http://shop.coles.com.au/online/national/frozen/frozen-fish-seafood/seafood-frozen" title="Seafood Frozen">Seafood Frozen</a></li>
							
							<li class="section"><a role="menuitem" id="sub-menu-8_19" href="http://shop.coles.com.au/online/national/frozen/frozen-fruit" title="Frozen Fruit sub category">Frozen Fruit</a></li>
							
							
								<li><a role="menuitem" id="sub-menu-8_20" href="http://shop.coles.com.au/online/national/frozen/frozen-fruit/berries" title="Berries">Berries</a></li>
							
								<li><a role="menuitem" id="sub-menu-8_21" href="http://shop.coles.com.au/online/national/frozen/frozen-fruit/tropical" title="Tropical">Tropical</a></li>
							
							<li class="section"><a role="menuitem" id="sub-menu-8_22" href="http://shop.coles.com.au/online/national/frozen/ice-cream-frozen-yoghurt" title="Ice Cream sub category">Ice Cream</a></li>
							
							
								<li><a role="menuitem" id="sub-menu-8_23" href="http://shop.coles.com.au/online/national/frozen/ice-cream-frozen-yoghurt/frozen-yoghurt" title="Frozen Yoghurt">Frozen Yoghurt</a></li>
							
								<li><a role="menuitem" id="sub-menu-8_24" href="http://shop.coles.com.au/online/national/frozen/ice-cream-frozen-yoghurt/ice-cream-desserts" title="Ice Cream Desserts">Ice Cream Desserts</a></li>
							
								<li><a role="menuitem" id="sub-menu-8_25" href="http://shop.coles.com.au/online/national/frozen/ice-cream-frozen-yoghurt/ice-cream-sticks" title="Ice Cream Sticks">Ice Cream Sticks</a></li>
							
								<li><a role="menuitem" id="sub-menu-8_26" href="http://shop.coles.com.au/online/national/frozen/ice-cream-frozen-yoghurt/ice-cream-tubs" title="Ice Cream Tubs">Ice Cream Tubs</a></li>
							
								<li><a role="menuitem" id="sub-menu-8_27" href="http://shop.coles.com.au/online/national/frozen/ice-cream-frozen-yoghurt/premium-ice-cream" title="Premium Ice Cream">Premium Ice Cream</a></li>
							
								<li><a role="menuitem" id="sub-menu-8_28" href="http://shop.coles.com.au/online/national/frozen/ice-cream-frozen-yoghurt/sorbet-gelato" title="Sorbet &amp; Gelato">Sorbet &amp; Gelato</a></li>
							
								<li><a role="menuitem" id="sub-menu-8_29" href="http://shop.coles.com.au/online/national/frozen/ice-cream-frozen-yoghurt/kosher-ice-cream" title="Kosher Ice Cream">Kosher Ice Cream</a></li>
							
							<li class="section"><a role="menuitem" id="sub-menu-8_30" href="http://shop.coles.com.au/online/national/frozen/frozen-meat" title="Frozen Meat sub category">Frozen Meat</a></li>
							
							
								<li><a role="menuitem" id="sub-menu-8_31" href="http://shop.coles.com.au/online/national/frozen/frozen-meat/beef-pork" title="Beef &amp; Pork">Beef &amp; Pork</a></li>
							
								<li><a role="menuitem" id="sub-menu-8_32" href="http://shop.coles.com.au/online/national/frozen/frozen-meat/burgers" title="Burgers">Burgers</a></li>
							
								<li><a role="menuitem" id="sub-menu-8_33" href="http://shop.coles.com.au/online/national/frozen/frozen-meat/crumbed-chicken-nuggets" title="Chicken Pieces &amp; Nuggets">Chicken Pieces &amp; Nuggets</a></li>
							
								<li><a role="menuitem" id="sub-menu-8_34" href="http://shop.coles.com.au/online/national/frozen/frozen-meat/whole-birds-rolls" title="Whole Birds &amp; Roasts">Whole Birds &amp; Roasts</a></li>
							
							<li class="section"><a role="menuitem" id="sub-menu-8_35" href="http://shop.coles.com.au/online/national/frozen/frozen-party-food-pastries" title="Frozen Party Food sub category">Frozen Party Food</a></li>
							
							
								<li><a role="menuitem" id="sub-menu-8_36" href="http://shop.coles.com.au/online/national/frozen/frozen-party-food-pastries/asian-party-food" title="Asian Party Food">Asian Party Food</a></li>
							
								<li><a role="menuitem" id="sub-menu-8_37" href="http://shop.coles.com.au/online/national/frozen/frozen-party-food-pastries/pastries" title="Pastries">Pastries</a></li>
							
								<li><a role="menuitem" id="sub-menu-8_38" href="http://shop.coles.com.au/online/national/frozen/frozen-party-food-pastries/pies-quiches" title="Pies &amp; Quiches">Pies &amp; Quiches</a></li>
							
								<li><a role="menuitem" id="sub-menu-8_39" href="http://shop.coles.com.au/online/national/frozen/frozen-party-food-pastries/party-food-1182577" title="Party Food">Party Food</a></li>
							
								<li><a role="menuitem" id="sub-menu-8_40" href="http://shop.coles.com.au/online/national/frozen/frozen-party-food-pastries/pastry-sheets" title="Pastry Sheets">Pastry Sheets</a></li>
							
							<li class="section"><a role="menuitem" id="sub-menu-8_41" href="http://shop.coles.com.au/online/national/frozen/frozen-pizzas" title="Frozen Pizzas sub category">Frozen Pizzas</a></li>
							
							
								<li><a role="menuitem" id="sub-menu-8_42" href="http://shop.coles.com.au/online/national/frozen/frozen-pizzas/pizza-snacks" title="Pizza Snacks">Pizza Snacks</a></li>
							
								<li><a role="menuitem" id="sub-menu-8_43" href="http://shop.coles.com.au/online/national/frozen/frozen-pizzas/pizzas-1182607" title="Pizzas">Pizzas</a></li>
							
							<li class="section"><a role="menuitem" id="sub-menu-8_44" href="http://shop.coles.com.au/online/national/frozen/frozen-vegetables" title="Frozen Vegetables sub category">Frozen Vegetables</a></li>
							
							
								<li><a role="menuitem" id="sub-menu-8_45" href="http://shop.coles.com.au/online/national/frozen/frozen-vegetables/beans" title="Beans">Beans</a></li>
							
								<li><a role="menuitem" id="sub-menu-8_46" href="http://shop.coles.com.au/online/national/frozen/frozen-vegetables/corn-1182820" title="Corn">Corn</a></li>
							
								<li><a role="menuitem" id="sub-menu-8_47" href="http://shop.coles.com.au/online/national/frozen/frozen-vegetables/frozen-chips" title="Frozen Chips">Frozen Chips</a></li>
							
								<li><a role="menuitem" id="sub-menu-8_48" href="http://shop.coles.com.au/online/national/frozen/frozen-vegetables/mixed-veg" title="Mixed Veg">Mixed Veg</a></li>
							
								<li><a role="menuitem" id="sub-menu-8_49" href="http://shop.coles.com.au/online/national/frozen/frozen-vegetables/oven-roast-potato" title="Oven Roast Potato">Oven Roast Potato</a></li>
							
								<li><a role="menuitem" id="sub-menu-8_50" href="http://shop.coles.com.au/online/national/frozen/frozen-vegetables/peas" title="Peas">Peas</a></li>
							
								<li><a role="menuitem" id="sub-menu-8_51" href="http://shop.coles.com.au/online/national/frozen/frozen-vegetables/steamed" title="Steamed">Steamed</a></li>
							
								<li><a role="menuitem" id="sub-menu-8_52" href="http://shop.coles.com.au/online/national/frozen/frozen-vegetables/stir-fry" title="Stir Fry">Stir Fry</a></li>
							
								<li><a role="menuitem" id="sub-menu-8_53" href="http://shop.coles.com.au/online/national/frozen/frozen-vegetables/other-veg" title="Other Veg">Other Veg</a></li>
							
					</ul>
				</div>							
											
			</li>									
		
			
			<li>
				
							
					<a role="menuitem" id="aisleMenu_9" aria-haspopup="true" href="http://shop.coles.com.au/online/national/drinks" class="aisle" title="Browse the Drinks aisle">
						Drinks <span>→</span>
					</a>
					
					<div id="menu-9" class="column-list clearfix" data-rows="22" role="navigation">
						<h2>
							<a role="menuitem" id="sub-menu-9_0" class="subCatHeader" title="Drinks Category" href="http://shop.coles.com.au/online/national/drinks">
								Drinks
							</a>
							<span class="aisle-search">&nbsp;
								<a role="menuitem" id="sub-menu-9_1" class="browseAllSubCategory" href="http://shop.coles.com.au/online/national/drinks/drinks" title="Browse all items">
								 Browse all items<span>→</span>
								</a>
							</span>
						</h2>
						
						
					<ul role="menu" id="sub-menu-9" data-col-items="menu-9" class="hidden">
						
							<li class="section"><a role="menuitem" id="sub-menu-9_2" href="http://shop.coles.com.au/online/national/drinks/cold" title="All Drinks sub category">All Drinks</a></li>
							
							
								<li><a role="menuitem" id="sub-menu-9_3" href="http://shop.coles.com.au/online/national/drinks/cold/soft-drinks" title="Soft Drinks">Soft Drinks</a></li>
							
								<li><a role="menuitem" id="sub-menu-9_4" href="http://shop.coles.com.au/online/national/drinks/cold/cordials-mixers" title="Cordials">Cordials</a></li>
							
								<li><a role="menuitem" id="sub-menu-9_5" href="http://shop.coles.com.au/online/national/drinks/cold/water" title="Water">Water</a></li>
							
								<li><a role="menuitem" id="sub-menu-9_6" href="http://shop.coles.com.au/online/national/drinks/cold/juice" title="Juice">Juice</a></li>
							
								<li><a role="menuitem" id="sub-menu-9_7" href="http://shop.coles.com.au/online/national/drinks/cold/chilled-juice" title="Chilled Juice">Chilled Juice</a></li>
							
								<li><a role="menuitem" id="sub-menu-9_8" href="http://shop.coles.com.au/online/national/drinks/cold/iced-tea" title="Iced Tea">Iced Tea</a></li>
							
								<li><a role="menuitem" id="sub-menu-9_9" href="http://shop.coles.com.au/online/national/drinks/cold/flavoured-milk" title="Flavoured Milk">Flavoured Milk</a></li>
							
								<li><a role="menuitem" id="sub-menu-9_10" href="http://shop.coles.com.au/online/national/drinks/cold/long-life-milk" title="Long-Life Milk">Long-Life Milk</a></li>
							
								<li><a role="menuitem" id="sub-menu-9_11" href="http://shop.coles.com.au/online/national/drinks/cold/sports-energy-drinks" title="Sports/Energy Drinks">Sports/Energy Drinks</a></li>
							
								<li><a role="menuitem" id="sub-menu-9_12" href="http://shop.coles.com.au/online/national/drinks/cold/non-alcoholic" title="Non-alcoholic">Non-alcoholic</a></li>
							
								<li><a role="menuitem" id="sub-menu-9_13" href="http://shop.coles.com.au/online/national/drinks/cold/powders-and-mixes" title="Powders and Mixes">Powders and Mixes</a></li>
							
								<li><a role="menuitem" id="sub-menu-9_14" href="http://shop.coles.com.au/online/national/drinks/cold/tea-bags" title="Tea">Tea</a></li>
							
								<li><a role="menuitem" id="sub-menu-9_15" href="http://shop.coles.com.au/online/national/drinks/cold/coffee-drinks" title="Coffee Drinks">Coffee Drinks</a></li>
							
								<li><a role="menuitem" id="sub-menu-9_16" href="http://shop.coles.com.au/online/national/drinks/cold/coffee-filter" title="Coffee Filters">Coffee Filters</a></li>
							
					</ul>
				</div>							
											
			</li>									
		
			
			<li>
				
							
					<a role="menuitem" id="aisleMenu_10" aria-haspopup="true" href="http://shop.coles.com.au/online/national/liquor" class="aisle" title="Browse the Liquor aisle">
						Liquor <span>→</span>
					</a>
					
					<div id="menu-10" class="column-list clearfix" data-rows="22" role="navigation">
						<h2>
							<a role="menuitem" id="sub-menu-10_0" class="subCatHeader" title="Liquor Category" href="http://shop.coles.com.au/online/national/liquor">
								Liquor
							</a>
							<span class="aisle-search">&nbsp;
								<a role="menuitem" id="sub-menu-10_1" class="browseAllSubCategory" href="http://shop.coles.com.au/online/national/liquor/liquor" title="Browse all items">
								 Browse all items<span>→</span>
								</a>
							</span>
						</h2>
						
						
					<ul role="menu" id="sub-menu-10" data-col-items="menu-10" class="hidden">
						
							<li class="section"><a role="menuitem" id="sub-menu-10_2" href="http://shop.coles.com.au/online/national/liquor/beer-cider" title="Beer &amp; Cider sub category">Beer &amp; Cider</a></li>
							
							
								<li><a role="menuitem" id="sub-menu-10_3" href="http://shop.coles.com.au/online/national/liquor/beer-cider/all-beer" title="All Beer">All Beer</a></li>
							
								<li><a role="menuitem" id="sub-menu-10_4" href="http://shop.coles.com.au/online/national/liquor/beer-cider/local-beer" title="Local Beer">Local Beer</a></li>
							
								<li><a role="menuitem" id="sub-menu-10_5" href="http://shop.coles.com.au/online/national/liquor/beer-cider/imported-beer" title="Imported Beer">Imported Beer</a></li>
							
								<li><a role="menuitem" id="sub-menu-10_6" href="http://shop.coles.com.au/online/national/liquor/beer-cider/premium-local-beer" title="Premium Local Beer">Premium Local Beer</a></li>
							
								<li><a role="menuitem" id="sub-menu-10_7" href="http://shop.coles.com.au/online/national/liquor/beer-cider/ciders" title="Ciders">Ciders</a></li>
							
							<li class="section"><a role="menuitem" id="sub-menu-10_8" href="http://shop.coles.com.au/online/national/liquor/red-fortified-wines" title="Red &amp; Fortified Wines sub category">Red &amp; Fortified Wines</a></li>
							
							
								<li><a role="menuitem" id="sub-menu-10_9" href="http://shop.coles.com.au/online/national/liquor/red-fortified-wines/all-red-wines" title="All Red Wines">All Red Wines</a></li>
							
								<li><a role="menuitem" id="sub-menu-10_10" href="http://shop.coles.com.au/online/national/liquor/red-fortified-wines/cask-red-wine" title="Cask Red Wine">Cask Red Wine</a></li>
							
								<li><a role="menuitem" id="sub-menu-10_11" href="http://shop.coles.com.au/online/national/liquor/red-fortified-wines/fortified-wines" title="Fortified Wines">Fortified Wines</a></li>
							
								<li><a role="menuitem" id="sub-menu-10_12" href="http://shop.coles.com.au/online/national/liquor/red-fortified-wines/cabernet-blends" title="Cabernet &amp; Blends">Cabernet &amp; Blends</a></li>
							
								<li><a role="menuitem" id="sub-menu-10_13" href="http://shop.coles.com.au/online/national/liquor/red-fortified-wines/merlot" title="Merlot">Merlot</a></li>
							
								<li><a role="menuitem" id="sub-menu-10_14" href="http://shop.coles.com.au/online/national/liquor/red-fortified-wines/pinot-noir" title="Pinot Noir">Pinot Noir</a></li>
							
								<li><a role="menuitem" id="sub-menu-10_15" href="http://shop.coles.com.au/online/national/liquor/red-fortified-wines/rose" title="Rose">Rose</a></li>
							
								<li><a role="menuitem" id="sub-menu-10_16" href="http://shop.coles.com.au/online/national/liquor/red-fortified-wines/shiraz-blends" title="Shiraz &amp; Blends">Shiraz &amp; Blends</a></li>
							
								<li><a role="menuitem" id="sub-menu-10_17" href="http://shop.coles.com.au/online/national/liquor/red-fortified-wines/other-red-wine-varieties" title="Other Red Wine Varieties">Other Red Wine Varieties</a></li>
							
							<li class="section"><a role="menuitem" id="sub-menu-10_18" href="http://shop.coles.com.au/online/national/liquor/white-wines" title="White Wines sub category">White Wines</a></li>
							
							
								<li><a role="menuitem" id="sub-menu-10_19" href="http://shop.coles.com.au/online/national/liquor/white-wines/all-white-wines" title="All White Wines">All White Wines</a></li>
							
								<li><a role="menuitem" id="sub-menu-10_20" href="http://shop.coles.com.au/online/national/liquor/white-wines/cask-white-wines" title="Cask White Wines">Cask White Wines</a></li>
							
								<li><a role="menuitem" id="sub-menu-10_21" href="http://shop.coles.com.au/online/national/liquor/white-wines/champagne-sparkling" title="Champagne &amp; Sparkling">Champagne &amp; Sparkling</a></li>
							
								<li><a role="menuitem" id="sub-menu-10_22" href="http://shop.coles.com.au/online/national/liquor/white-wines/chardonnay-blends" title="Chardonnay &amp; Blends">Chardonnay &amp; Blends</a></li>
							
								<li><a role="menuitem" id="sub-menu-10_23" href="http://shop.coles.com.au/online/national/liquor/white-wines/pinot-gris-grigio" title="Pinot Gris &amp; Grigio">Pinot Gris &amp; Grigio</a></li>
							
								<li><a role="menuitem" id="sub-menu-10_24" href="http://shop.coles.com.au/online/national/liquor/white-wines/riesling" title="Riesling">Riesling</a></li>
							
								<li><a role="menuitem" id="sub-menu-10_25" href="http://shop.coles.com.au/online/national/liquor/white-wines/sauvignon-blanc" title="Sauvignon Blanc">Sauvignon Blanc</a></li>
							
								<li><a role="menuitem" id="sub-menu-10_26" href="http://shop.coles.com.au/online/national/liquor/white-wines/semillon-blends" title="Semillon &amp; Blends">Semillon &amp; Blends</a></li>
							
								<li><a role="menuitem" id="sub-menu-10_27" href="http://shop.coles.com.au/online/national/liquor/white-wines/other-white-wine-varieties" title="Other White Wine Varieties">Other White Wine Varieties</a></li>
							
							<li class="section"><a role="menuitem" id="sub-menu-10_28" href="http://shop.coles.com.au/online/national/liquor/spirits" title="Spirits sub category">Spirits</a></li>
							
							
								<li><a role="menuitem" id="sub-menu-10_29" href="http://shop.coles.com.au/online/national/liquor/spirits/all-spirits" title="All Spirits">All Spirits</a></li>
							
								<li><a role="menuitem" id="sub-menu-10_30" href="http://shop.coles.com.au/online/national/liquor/spirits/dark-spirits" title="Dark Spirits">Dark Spirits</a></li>
							
								<li><a role="menuitem" id="sub-menu-10_31" href="http://shop.coles.com.au/online/national/liquor/spirits/white-spirits" title="White Spirits">White Spirits</a></li>
							
								<li><a role="menuitem" id="sub-menu-10_32" href="http://shop.coles.com.au/online/national/liquor/spirits/liqueurs" title="Liqueurs">Liqueurs</a></li>
							
								<li><a role="menuitem" id="sub-menu-10_33" href="http://shop.coles.com.au/online/national/liquor/spirits/aperitif-cocktails" title="Aperitif &amp; Cocktails">Aperitif &amp; Cocktails</a></li>
							
								<li><a role="menuitem" id="sub-menu-10_34" href="http://shop.coles.com.au/online/national/liquor/spirits/bourbon" title="Bourbon">Bourbon</a></li>
							
								<li><a role="menuitem" id="sub-menu-10_35" href="http://shop.coles.com.au/online/national/liquor/spirits/gin" title="Gin">Gin</a></li>
							
								<li><a role="menuitem" id="sub-menu-10_36" href="http://shop.coles.com.au/online/national/liquor/spirits/rum" title="Rum">Rum</a></li>
							
								<li><a role="menuitem" id="sub-menu-10_37" href="http://shop.coles.com.au/online/national/liquor/spirits/scotch-whiskey" title="Scotch &amp; Whiskey">Scotch &amp; Whiskey</a></li>
							
								<li><a role="menuitem" id="sub-menu-10_38" href="http://shop.coles.com.au/online/national/liquor/spirits/vodka" title="Vodka">Vodka</a></li>
							
							<li class="section"><a role="menuitem" id="sub-menu-10_39" href="http://shop.coles.com.au/online/national/liquor/premixed-non-alcoholic" title="Premixed &amp; Non Alcoholic sub category">Premixed &amp; Non Alcoholic</a></li>
							
							
								<li><a role="menuitem" id="sub-menu-10_40" href="http://shop.coles.com.au/online/national/liquor/premixed-non-alcoholic/premixed-drinks" title="Premixed Drinks">Premixed Drinks</a></li>
							
								<li><a role="menuitem" id="sub-menu-10_41" href="http://shop.coles.com.au/online/national/liquor/premixed-non-alcoholic/non-alcoholic-drinks" title="Non-Alcoholic Drinks">Non-Alcoholic Drinks</a></li>
							
							<li class="section"><a role="menuitem" id="sub-menu-10_42" href="http://shop.coles.com.au/online/national/liquor/ice-accessories" title="Ice &amp; Accessories sub category">Ice &amp; Accessories</a></li>
							
							
								<li><a role="menuitem" id="sub-menu-10_43" href="http://shop.coles.com.au/online/national/liquor/ice-accessories/glasses" title="Glasses">Glasses</a></li>
							
								<li><a role="menuitem" id="sub-menu-10_44" href="http://shop.coles.com.au/online/national/liquor/ice-accessories/bagged-ice" title="Bagged Ice">Bagged Ice</a></li>
							
					</ul>
				</div>							
											
			</li>									
		
			
			<li>
				
							
					<a role="menuitem" id="aisleMenu_11" aria-haspopup="true" href="http://shop.coles.com.au/online/national/international-food" class="aisle" title="Browse the International Foods aisle">
						International Foods <span>→</span>
					</a>
					
					<div id="menu-11" class="column-list clearfix" data-rows="22" role="navigation">
						<h2>
							<a role="menuitem" id="sub-menu-11_0" class="subCatHeader" title="International Foods Category" href="http://shop.coles.com.au/online/national/international-food">
								International Foods
							</a>
							<span class="aisle-search">&nbsp;
								<a role="menuitem" id="sub-menu-11_1" class="browseAllSubCategory" href="http://shop.coles.com.au/online/national/international-food/international-food" title="Browse all items">
								 Browse all items<span>→</span>
								</a>
							</span>
						</h2>
						
						
					<ul role="menu" id="sub-menu-11" data-col-items="menu-11" class="hidden">
						
							<li class="section"><a role="menuitem" id="sub-menu-11_2" href="http://shop.coles.com.au/online/national/international-food/cuisine" title="International Food sub category">International Food</a></li>
							
							
								<li><a role="menuitem" id="sub-menu-11_3" href="http://shop.coles.com.au/online/national/international-food/cuisine/asian" title="Asian">Asian</a></li>
							
								<li><a role="menuitem" id="sub-menu-11_4" href="http://shop.coles.com.au/online/national/international-food/cuisine/italian" title="Italian">Italian</a></li>
							
								<li><a role="menuitem" id="sub-menu-11_5" href="http://shop.coles.com.au/online/national/international-food/cuisine/european" title="European">European</a></li>
							
								<li><a role="menuitem" id="sub-menu-11_6" href="http://shop.coles.com.au/online/national/international-food/cuisine/indian" title="Indian">Indian</a></li>
							
								<li><a role="menuitem" id="sub-menu-11_7" href="http://shop.coles.com.au/online/national/international-food/cuisine/mexican" title="Mexican">Mexican</a></li>
							
								<li><a role="menuitem" id="sub-menu-11_8" href="http://shop.coles.com.au/online/national/international-food/cuisine/middle-eastern" title="Middle Eastern">Middle Eastern</a></li>
							
								<li><a role="menuitem" id="sub-menu-11_9" href="http://shop.coles.com.au/online/national/international-food/cuisine/new-zealand" title="New Zealand">New Zealand</a></li>
							
								<li><a role="menuitem" id="sub-menu-11_10" href="http://shop.coles.com.au/online/national/international-food/cuisine/uk-foods" title="UK Foods">UK Foods</a></li>
							
								<li><a role="menuitem" id="sub-menu-11_11" href="http://shop.coles.com.au/online/national/international-food/cuisine/south-african" title="South African">South African</a></li>
							
							<li class="section"><a role="menuitem" id="sub-menu-11_12" href="http://shop.coles.com.au/online/national/international-food/kosher-foods" title="Kosher sub category">Kosher</a></li>
							
							
								<li><a role="menuitem" id="sub-menu-11_13" href="http://shop.coles.com.au/online/national/international-food/kosher-foods/dairy-kosher" title="Dairy Kosher">Dairy Kosher</a></li>
							
								<li><a role="menuitem" id="sub-menu-11_14" href="http://shop.coles.com.au/online/national/international-food/kosher-foods/drinks-kosher" title="Drinks Kosher">Drinks Kosher</a></li>
							
								<li><a role="menuitem" id="sub-menu-11_15" href="http://shop.coles.com.au/online/national/international-food/kosher-foods/frozen-kosher" title="Frozen Kosher">Frozen Kosher</a></li>
							
								<li><a role="menuitem" id="sub-menu-11_16" href="http://shop.coles.com.au/online/national/international-food/kosher-foods/meat-kosher" title="Meat Kosher">Meat Kosher</a></li>
							
								<li><a role="menuitem" id="sub-menu-11_17" href="http://shop.coles.com.au/online/national/international-food/kosher-foods/pantry-kosher" title="Pantry Kosher">Pantry Kosher</a></li>
							
							<li class="section"><a role="menuitem" id="sub-menu-11_18" href="http://shop.coles.com.au/online/national/international-food/halal-foods" title="Halal sub category">Halal</a></li>
							
							
								<li><a role="menuitem" id="sub-menu-11_19" href="http://shop.coles.com.au/online/national/international-food/halal-foods/dairy-halal" title="Dairy Halal">Dairy Halal</a></li>
							
								<li><a role="menuitem" id="sub-menu-11_20" href="http://shop.coles.com.au/online/national/international-food/halal-foods/drinks-halal" title="Drinks Halal">Drinks Halal</a></li>
							
								<li><a role="menuitem" id="sub-menu-11_21" href="http://shop.coles.com.au/online/national/international-food/halal-foods/frozen-halal" title="Frozen Halal">Frozen Halal</a></li>
							
								<li><a role="menuitem" id="sub-menu-11_22" href="http://shop.coles.com.au/online/national/international-food/halal-foods/meat-halal" title="Meat Halal">Meat Halal</a></li>
							
								<li><a role="menuitem" id="sub-menu-11_23" href="http://shop.coles.com.au/online/national/international-food/halal-foods/pantry-halal" title="Pantry Halal">Pantry Halal</a></li>
							
					</ul>
				</div>							
											
			</li>									
		
			
			<li>
				
							
					<a role="menuitem" id="aisleMenu_12" aria-haspopup="true" href="http://shop.coles.com.au/online/national/healthy-living" class="aisle" title="Browse the Healthy Living aisle">
						Healthy Living <span>→</span>
					</a>
					
					<div id="menu-12" class="column-list clearfix" data-rows="22" role="navigation">
						<h2>
							<a role="menuitem" id="sub-menu-12_0" class="subCatHeader" title="Healthy Living Category" href="http://shop.coles.com.au/online/national/healthy-living">
								Healthy Living
							</a>
							<span class="aisle-search">&nbsp;
								<a role="menuitem" id="sub-menu-12_1" class="browseAllSubCategory" href="http://shop.coles.com.au/online/national/healthy-living/healthy-living" title="Browse all items">
								 Browse all items<span>→</span>
								</a>
							</span>
						</h2>
						
						
					<ul role="menu" id="sub-menu-12" data-col-items="menu-12" class="hidden">
						
							<li class="section"><a role="menuitem" id="sub-menu-12_2" href="http://shop.coles.com.au/online/national/healthy-living/gluten-free" title="Gluten Free sub category">Gluten Free</a></li>
							
							
								<li><a role="menuitem" id="sub-menu-12_3" href="http://shop.coles.com.au/online/national/healthy-living/gluten-free/gluten-free-bakery" title="Bakery Gluten Free">Bakery Gluten Free</a></li>
							
								<li><a role="menuitem" id="sub-menu-12_4" href="http://shop.coles.com.au/online/national/healthy-living/gluten-free/gluten-free-baby-food" title="Baby Food Gluten Free">Baby Food Gluten Free</a></li>
							
								<li><a role="menuitem" id="sub-menu-12_5" href="http://shop.coles.com.au/online/national/healthy-living/gluten-free/gluten-free-baking" title="Baking Gluten Free">Baking Gluten Free</a></li>
							
								<li><a role="menuitem" id="sub-menu-12_6" href="http://shop.coles.com.au/online/national/healthy-living/gluten-free/gluten-free-dairy" title="Dairy Gluten Free">Dairy Gluten Free</a></li>
							
								<li><a role="menuitem" id="sub-menu-12_7" href="http://shop.coles.com.au/online/national/healthy-living/gluten-free/gluten-free-deli" title="Deli Gluten Free">Deli Gluten Free</a></li>
							
								<li><a role="menuitem" id="sub-menu-12_8" href="http://shop.coles.com.au/online/national/healthy-living/gluten-free/gluten-free-drinks" title="Drinks Gluten Free">Drinks Gluten Free</a></li>
							
								<li><a role="menuitem" id="sub-menu-12_9" href="http://shop.coles.com.au/online/national/healthy-living/gluten-free/gluten-free-frozen" title="Frozen Gluten Free">Frozen Gluten Free</a></li>
							
								<li><a role="menuitem" id="sub-menu-12_10" href="http://shop.coles.com.au/online/national/healthy-living/gluten-free/gluten-free-international-foods" title="International Foods Gluten Free">International Foods Gluten Free</a></li>
							
								<li><a role="menuitem" id="sub-menu-12_11" href="http://shop.coles.com.au/online/national/healthy-living/gluten-free/gluten-free-meals" title="Meals Gluten Free">Meals Gluten Free</a></li>
							
								<li><a role="menuitem" id="sub-menu-12_12" href="http://shop.coles.com.au/online/national/healthy-living/gluten-free/gluten-free-meat" title="Meat Gluten Free">Meat Gluten Free</a></li>
							
								<li><a role="menuitem" id="sub-menu-12_13" href="http://shop.coles.com.au/online/national/healthy-living/gluten-free/gluten-free-pantry" title="Pantry Gluten Free">Pantry Gluten Free</a></li>
							
								<li><a role="menuitem" id="sub-menu-12_14" href="http://shop.coles.com.au/online/national/healthy-living/gluten-free/gluten-free-pasta" title="Pasta Gluten Free">Pasta Gluten Free</a></li>
							
								<li><a role="menuitem" id="sub-menu-12_15" href="http://shop.coles.com.au/online/national/healthy-living/gluten-free/gluten-free-snacks" title="Snacks Gluten Free">Snacks Gluten Free</a></li>
							
								<li><a role="menuitem" id="sub-menu-12_16" href="http://shop.coles.com.au/online/national/healthy-living/gluten-free/gluten-free-medicinal-products" title="Vitamins &amp; Medicinal Gluten Free">Vitamins &amp; Medicinal Gluten Free</a></li>
							
							<li class="section"><a role="menuitem" id="sub-menu-12_17" href="http://shop.coles.com.au/online/national/healthy-living/organic" title="Organic sub category">Organic</a></li>
							
							
								<li><a role="menuitem" id="sub-menu-12_18" href="http://shop.coles.com.au/online/national/healthy-living/organic/bakery-organic" title="Bakery Organic">Bakery Organic</a></li>
							
								<li><a role="menuitem" id="sub-menu-12_19" href="http://shop.coles.com.au/online/national/healthy-living/organic/baby-organic" title="Baby Organic">Baby Organic</a></li>
							
								<li><a role="menuitem" id="sub-menu-12_20" href="http://shop.coles.com.au/online/national/healthy-living/organic/dairy-eggs-organic" title="Dairy &amp; Eggs Organic">Dairy &amp; Eggs Organic</a></li>
							
								<li><a role="menuitem" id="sub-menu-12_21" href="http://shop.coles.com.au/online/national/healthy-living/organic/drinks-organic" title="Drinks Organic">Drinks Organic</a></li>
							
								<li><a role="menuitem" id="sub-menu-12_22" href="http://shop.coles.com.au/online/national/healthy-living/organic/fruit-vegetables-organic" title="Fruit &amp; Vegetables Organic">Fruit &amp; Vegetables Organic</a></li>
							
								<li><a role="menuitem" id="sub-menu-12_23" href="http://shop.coles.com.au/online/national/healthy-living/organic/meals-organic" title="Meals Organic">Meals Organic</a></li>
							
								<li><a role="menuitem" id="sub-menu-12_24" href="http://shop.coles.com.au/online/national/healthy-living/organic/meat-organic" title="Meat Organic">Meat Organic</a></li>
							
								<li><a role="menuitem" id="sub-menu-12_25" href="http://shop.coles.com.au/online/national/healthy-living/organic/pantry-organic" title="Pantry Organic">Pantry Organic</a></li>
							
								<li><a role="menuitem" id="sub-menu-12_26" href="http://shop.coles.com.au/online/national/healthy-living/organic/international-foods-organic" title="International Foods Organic">International Foods Organic</a></li>
							
								<li><a role="menuitem" id="sub-menu-12_27" href="http://shop.coles.com.au/online/national/healthy-living/organic/health-beauty-organic" title="Health &amp; Beauty Organic">Health &amp; Beauty Organic</a></li>
							
							<li class="section"><a role="menuitem" id="sub-menu-12_28" href="http://shop.coles.com.au/online/national/healthy-living/healthier-choices" title="Healthier Choices sub category">Healthier Choices</a></li>
							
							
								<li><a role="menuitem" id="sub-menu-12_29" href="http://shop.coles.com.au/online/national/healthy-living/healthier-choices/bakery-healthier-choices" title="Bakery Healthier Choices">Bakery Healthier Choices</a></li>
							
								<li><a role="menuitem" id="sub-menu-12_30" href="http://shop.coles.com.au/online/national/healthy-living/healthier-choices/breakfast-healthier-choices" title="Breakfast Healthier Choices">Breakfast Healthier Choices</a></li>
							
								<li><a role="menuitem" id="sub-menu-12_31" href="http://shop.coles.com.au/online/national/healthy-living/healthier-choices/canned-fish-healthier-choices" title="Canned Fish Healthier Choices">Canned Fish Healthier Choices</a></li>
							
								<li><a role="menuitem" id="sub-menu-12_32" href="http://shop.coles.com.au/online/national/healthy-living/healthier-choices/canned-fruit-veg-healthier-choices" title="Canned Fruit &amp; Veg Healthier Choices">Canned Fruit &amp; Veg Healthier Choices</a></li>
							
								<li><a role="menuitem" id="sub-menu-12_33" href="http://shop.coles.com.au/online/national/healthy-living/healthier-choices/dairy-eggs-healthier-choices" title="Dairy &amp; Eggs Healthier Choices">Dairy &amp; Eggs Healthier Choices</a></li>
							
								<li><a role="menuitem" id="sub-menu-12_34" href="http://shop.coles.com.au/online/national/healthy-living/healthier-choices/deli-healthier-choices" title="Deli Healthier Choices">Deli Healthier Choices</a></li>
							
								<li><a role="menuitem" id="sub-menu-12_35" href="http://shop.coles.com.au/online/national/healthy-living/healthier-choices/drinks-healthier-choices" title="Drinks Healthier Choices">Drinks Healthier Choices</a></li>
							
								<li><a role="menuitem" id="sub-menu-12_36" href="http://shop.coles.com.au/online/national/healthy-living/healthier-choices/frozen-healthier-choices" title="Frozen Healthier Choices">Frozen Healthier Choices</a></li>
							
								<li><a role="menuitem" id="sub-menu-12_37" href="http://shop.coles.com.au/online/national/healthy-living/healthier-choices/meat-seafood-healthier-choices" title="Meat &amp; Seafood Healthier Choices">Meat &amp; Seafood Healthier Choices</a></li>
							
								<li><a role="menuitem" id="sub-menu-12_38" href="http://shop.coles.com.au/online/national/healthy-living/healthier-choices/oils--rice-pasta-healthier-choices" title="Oils, Rice &amp; Pasta Healthier Choices">Oils, Rice &amp; Pasta Healthier Choices</a></li>
							
								<li><a role="menuitem" id="sub-menu-12_39" href="http://shop.coles.com.au/online/national/healthy-living/healthier-choices/pantry-healthier-choices" title="Pantry Healthier Choices">Pantry Healthier Choices</a></li>
							
								<li><a role="menuitem" id="sub-menu-12_40" href="http://shop.coles.com.au/online/national/healthy-living/healthier-choices/snacks-healthier-choices" title="Snacks Healthier Choices">Snacks Healthier Choices</a></li>
							
							<li class="section"><a role="menuitem" id="sub-menu-12_41" href="http://shop.coles.com.au/online/national/healthy-living/diet-sports-nutrition" title="Diet &amp; Sports Nutrition sub category">Diet &amp; Sports Nutrition</a></li>
							
							
								<li><a role="menuitem" id="sub-menu-12_42" href="http://shop.coles.com.au/online/national/healthy-living/diet-sports-nutrition/diet-weightloss" title="Diet &amp; Weightloss">Diet &amp; Weightloss</a></li>
							
								<li><a role="menuitem" id="sub-menu-12_43" href="http://shop.coles.com.au/online/national/healthy-living/diet-sports-nutrition/sport-nutrition-supplements" title="Sports Nutrition &amp; Supplements">Sports Nutrition &amp; Supplements</a></li>
							
							<li class="section"><a role="menuitem" id="sub-menu-12_44" href="http://shop.coles.com.au/online/national/healthy-living/vegetarian" title="Vegetarian sub category">Vegetarian</a></li>
							
							
								<li><a role="menuitem" id="sub-menu-12_45" href="http://shop.coles.com.au/online/national/healthy-living/vegetarian/baby-food-vegetarian" title="Baby Food Vegetarian">Baby Food Vegetarian</a></li>
							
								<li><a role="menuitem" id="sub-menu-12_46" href="http://shop.coles.com.au/online/national/healthy-living/vegetarian/bakery-vegetarian" title="Bakery Vegetarian">Bakery Vegetarian</a></li>
							
								<li><a role="menuitem" id="sub-menu-12_47" href="http://shop.coles.com.au/online/national/healthy-living/vegetarian/dairy-vegetarian" title="Dairy Vegetarian">Dairy Vegetarian</a></li>
							
								<li><a role="menuitem" id="sub-menu-12_48" href="http://shop.coles.com.au/online/national/healthy-living/vegetarian/frozen-vegetarian" title="Frozen Vegetarian">Frozen Vegetarian</a></li>
							
								<li><a role="menuitem" id="sub-menu-12_49" href="http://shop.coles.com.au/online/national/healthy-living/vegetarian/international-foods-vegetarian" title="International Foods Vegetarian">International Foods Vegetarian</a></li>
							
								<li><a role="menuitem" id="sub-menu-12_50" href="http://shop.coles.com.au/online/national/healthy-living/vegetarian/meals-vegetarian" title="Meals Vegetarian">Meals Vegetarian</a></li>
							
								<li><a role="menuitem" id="sub-menu-12_51" href="http://shop.coles.com.au/online/national/healthy-living/vegetarian/meat-free-vegetarian" title="Meat-Free Vegetarian">Meat-Free Vegetarian</a></li>
							
								<li><a role="menuitem" id="sub-menu-12_52" href="http://shop.coles.com.au/online/national/healthy-living/vegetarian/pantry-vegetarian" title="Pantry Vegetarian">Pantry Vegetarian</a></li>
							
								<li><a role="menuitem" id="sub-menu-12_53" href="http://shop.coles.com.au/online/national/healthy-living/vegetarian/snacks-vegetarian" title="Snacks Vegetarian">Snacks Vegetarian</a></li>
							
							<li class="section"><a role="menuitem" id="sub-menu-12_54" href="http://shop.coles.com.au/online/national/healthy-living/whole-foods" title="Wholefoods sub category">Wholefoods</a></li>
							
							
								<li><a role="menuitem" id="sub-menu-12_55" href="http://shop.coles.com.au/online/national/healthy-living/whole-foods/breakfast-wholefoods" title="Breakfast Wholefoods">Breakfast Wholefoods</a></li>
							
								<li><a role="menuitem" id="sub-menu-12_56" href="http://shop.coles.com.au/online/national/healthy-living/whole-foods/dairy-wholefoods" title="Dairy Wholefoods">Dairy Wholefoods</a></li>
							
								<li><a role="menuitem" id="sub-menu-12_57" href="http://shop.coles.com.au/online/national/healthy-living/whole-foods/drinks-wholefoods" title="Drinks Wholefoods">Drinks Wholefoods</a></li>
							
								<li><a role="menuitem" id="sub-menu-12_58" href="http://shop.coles.com.au/online/national/healthy-living/whole-foods/frozen-wholefoods" title="Frozen Wholefoods">Frozen Wholefoods</a></li>
							
								<li><a role="menuitem" id="sub-menu-12_59" href="http://shop.coles.com.au/online/national/healthy-living/whole-foods/international-wholefoods" title="International Wholefoods">International Wholefoods</a></li>
							
								<li><a role="menuitem" id="sub-menu-12_60" href="http://shop.coles.com.au/online/national/healthy-living/whole-foods/pantry-wholefoods" title="Pantry Wholefoods">Pantry Wholefoods</a></li>
							
								<li><a role="menuitem" id="sub-menu-12_61" href="http://shop.coles.com.au/online/national/healthy-living/whole-foods/snacks-wholefoods" title="Snacks Wholefoods">Snacks Wholefoods</a></li>
							
							<li class="section"><a role="menuitem" id="sub-menu-12_62" href="http://shop.coles.com.au/online/national/healthy-living/vitamins-health-supplements" title="Vitamins sub category">Vitamins</a></li>
							
							
								<li><a role="menuitem" id="sub-menu-12_63" href="http://shop.coles.com.au/online/national/healthy-living/vitamins-health-supplements/arthritis-joints" title="Arthritis &amp; Joints">Arthritis &amp; Joints</a></li>
							
								<li><a role="menuitem" id="sub-menu-12_64" href="http://shop.coles.com.au/online/national/healthy-living/vitamins-health-supplements/bone-muscle-health" title="Bone &amp; Muscle Health">Bone &amp; Muscle Health</a></li>
							
								<li><a role="menuitem" id="sub-menu-12_65" href="http://shop.coles.com.au/online/national/healthy-living/vitamins-health-supplements/brain-heart-health" title="Brain &amp; Heart Health">Brain &amp; Heart Health</a></li>
							
								<li><a role="menuitem" id="sub-menu-12_66" href="http://shop.coles.com.au/online/national/healthy-living/vitamins-health-supplements/cold-flu" title="Cold &amp; Flu">Cold &amp; Flu</a></li>
							
								<li><a role="menuitem" id="sub-menu-12_67" href="http://shop.coles.com.au/online/national/healthy-living/vitamins-health-supplements/detox-digestion" title="Detox &amp; Digestion">Detox &amp; Digestion</a></li>
							
								<li><a role="menuitem" id="sub-menu-12_68" href="http://shop.coles.com.au/online/national/healthy-living/vitamins-health-supplements/eyes-care" title="Eyes Care">Eyes Care</a></li>
							
								<li><a role="menuitem" id="sub-menu-12_69" href="http://shop.coles.com.au/online/national/healthy-living/vitamins-health-supplements/fatigue-stress" title="Fatigue &amp; Stress">Fatigue &amp; Stress</a></li>
							
								<li><a role="menuitem" id="sub-menu-12_70" href="http://shop.coles.com.au/online/national/healthy-living/vitamins-health-supplements/fish-oil-nutritional" title="Fish Oil &amp; Nutritional">Fish Oil &amp; Nutritional</a></li>
							
								<li><a role="menuitem" id="sub-menu-12_71" href="http://shop.coles.com.au/online/national/healthy-living/vitamins-health-supplements/hair--skin-nails" title="Hair, Skin &amp; Nails">Hair, Skin &amp; Nails</a></li>
							
								<li><a role="menuitem" id="sub-menu-12_72" href="http://shop.coles.com.au/online/national/healthy-living/vitamins-health-supplements/iron" title="Iron">Iron</a></li>
							
								<li><a role="menuitem" id="sub-menu-12_73" href="http://shop.coles.com.au/online/national/healthy-living/vitamins-health-supplements/kids-health" title="Kids Health">Kids Health</a></li>
							
								<li><a role="menuitem" id="sub-menu-12_74" href="http://shop.coles.com.au/online/national/healthy-living/vitamins-health-supplements/mens-health" title="Mens Health">Mens Health</a></li>
							
								<li><a role="menuitem" id="sub-menu-12_75" href="http://shop.coles.com.au/online/national/healthy-living/vitamins-health-supplements/multi-vitamins" title="Multi Vitamins">Multi Vitamins</a></li>
							
								<li><a role="menuitem" id="sub-menu-12_76" href="http://shop.coles.com.au/online/national/healthy-living/vitamins-health-supplements/urinary" title="Urinary">Urinary</a></li>
							
								<li><a role="menuitem" id="sub-menu-12_77" href="http://shop.coles.com.au/online/national/healthy-living/vitamins-health-supplements/womens-health" title="Womens Health">Womens Health</a></li>
							
					</ul>
				</div>							
											
			</li>									
		
			
			<li>
				
							
					<a role="menuitem" id="aisleMenu_13" aria-haspopup="true" href="http://shop.coles.com.au/online/national/household" class="aisle" title="Browse the Household aisle">
						Household <span>→</span>
					</a>
					
					<div id="menu-13" class="column-list clearfix" data-rows="22" role="navigation">
						<h2>
							<a role="menuitem" id="sub-menu-13_0" class="subCatHeader" title="Household Category" href="http://shop.coles.com.au/online/national/household">
								Household
							</a>
							<span class="aisle-search">&nbsp;
								<a role="menuitem" id="sub-menu-13_1" class="browseAllSubCategory" href="http://shop.coles.com.au/online/national/household/household" title="Browse all items">
								 Browse all items<span>→</span>
								</a>
							</span>
						</h2>
						
						
					<ul role="menu" id="sub-menu-13" data-col-items="menu-13" class="hidden">
						
							<li class="section"><a role="menuitem" id="sub-menu-13_2" href="http://shop.coles.com.au/online/national/household/bathroom" title="Bathroom sub category">Bathroom</a></li>
							
							
								<li><a role="menuitem" id="sub-menu-13_3" href="http://shop.coles.com.au/online/national/household/bathroom/bath-towels" title="Bath Towels">Bath Towels</a></li>
							
								<li><a role="menuitem" id="sub-menu-13_4" href="http://shop.coles.com.au/online/national/household/bathroom/shower-bath" title="Shower &amp; Bath">Shower &amp; Bath</a></li>
							
								<li><a role="menuitem" id="sub-menu-13_5" href="http://shop.coles.com.au/online/national/household/bathroom/toilet" title="Toilet Cleaning">Toilet Cleaning</a></li>
							
								<li><a role="menuitem" id="sub-menu-13_6" href="http://shop.coles.com.au/online/national/household/bathroom/toilet-paper-378047" title="Toilet Paper">Toilet Paper</a></li>
							
							<li class="section"><a role="menuitem" id="sub-menu-13_7" href="http://shop.coles.com.au/online/national/household/general-purpose-cleaners" title="Cleaners All Purpose sub category">Cleaners All Purpose</a></li>
							
							
								<li><a role="menuitem" id="sub-menu-13_8" href="http://shop.coles.com.au/online/national/household/general-purpose-cleaners/carpet" title="Carpet">Carpet</a></li>
							
								<li><a role="menuitem" id="sub-menu-13_9" href="http://shop.coles.com.au/online/national/household/general-purpose-cleaners/drain-solvent" title="Drain &amp; Solvent">Drain &amp; Solvent</a></li>
							
								<li><a role="menuitem" id="sub-menu-13_10" href="http://shop.coles.com.au/online/national/household/general-purpose-cleaners/floor" title="Floor">Floor</a></li>
							
								<li><a role="menuitem" id="sub-menu-13_11" href="http://shop.coles.com.au/online/national/household/general-purpose-cleaners/furniture--fabric-metal" title="Furniture, Fabric &amp; Metal">Furniture, Fabric &amp; Metal</a></li>
							
								<li><a role="menuitem" id="sub-menu-13_12" href="http://shop.coles.com.au/online/national/household/general-purpose-cleaners/surface-all-purpose" title="Surface &amp; All-purpose">Surface &amp; All-purpose</a></li>
							
								<li><a role="menuitem" id="sub-menu-13_13" href="http://shop.coles.com.au/online/national/household/general-purpose-cleaners/window-glass" title="Window &amp; Glass">Window &amp; Glass</a></li>
							
							<li class="section"><a role="menuitem" id="sub-menu-13_14" href="http://shop.coles.com.au/online/national/household/cooking-and-baking" title="Cooking and Baking sub category">Cooking and Baking</a></li>
							
							
								<li><a role="menuitem" id="sub-menu-13_15" href="http://shop.coles.com.au/online/national/household/cooking-and-baking/foil--baking-paper-oven-bags" title="Foil, Baking Paper &amp; Oven Bags">Foil, Baking Paper &amp; Oven Bags</a></li>
							
								<li><a role="menuitem" id="sub-menu-13_16" href="http://shop.coles.com.au/online/national/household/cooking-and-baking/kitchen-linen" title="Kitchen Linen">Kitchen Linen</a></li>
							
								<li><a role="menuitem" id="sub-menu-13_17" href="http://shop.coles.com.au/online/national/household/cooking-and-baking/pots-saucepans" title="Pots &amp; Saucepans">Pots &amp; Saucepans</a></li>
							
								<li><a role="menuitem" id="sub-menu-13_18" href="http://shop.coles.com.au/online/national/household/cooking-and-baking/tins-trays" title="Tins &amp; Trays">Tins &amp; Trays</a></li>
							
								<li><a role="menuitem" id="sub-menu-13_19" href="http://shop.coles.com.au/online/national/household/cooking-and-baking/utensils-gadgets" title="Utensils &amp; Gadgets">Utensils &amp; Gadgets</a></li>
							
							<li class="section"><a role="menuitem" id="sub-menu-13_20" href="http://shop.coles.com.au/online/national/household/electrical" title="Electrical sub category">Electrical</a></li>
							
							
								<li><a role="menuitem" id="sub-menu-13_21" href="http://shop.coles.com.au/online/national/household/electrical/audio-visual" title="Audio Visual">Audio Visual</a></li>
							
								<li><a role="menuitem" id="sub-menu-13_22" href="http://shop.coles.com.au/online/national/household/electrical/batteries" title="Batteries">Batteries</a></li>
							
								<li><a role="menuitem" id="sub-menu-13_23" href="http://shop.coles.com.au/online/national/household/electrical/extensions-cords-adapters" title="Extensions Cords &amp; Adapters">Extensions Cords &amp; Adapters</a></li>
							
								<li><a role="menuitem" id="sub-menu-13_24" href="http://shop.coles.com.au/online/national/household/electrical/lighting" title="Lighting">Lighting</a></li>
							
								<li><a role="menuitem" id="sub-menu-13_25" href="http://shop.coles.com.au/online/national/household/electrical/torches" title="Torches">Torches</a></li>
							
							<li class="section"><a role="menuitem" id="sub-menu-13_26" href="http://shop.coles.com.au/online/national/household/food-storage" title="Food Storage sub category">Food Storage</a></li>
							
							
								<li><a role="menuitem" id="sub-menu-13_27" href="http://shop.coles.com.au/online/national/household/food-storage/plastic-wrap-bags" title="Plastic Wrap &amp; Bags">Plastic Wrap &amp; Bags</a></li>
							
								<li><a role="menuitem" id="sub-menu-13_28" href="http://shop.coles.com.au/online/national/household/food-storage/sandwich-freezer-bags" title="Sandwich &amp; Freezer bags">Sandwich &amp; Freezer bags</a></li>
							
								<li><a role="menuitem" id="sub-menu-13_29" href="http://shop.coles.com.au/online/national/household/food-storage/tubs-containers" title="Tubs &amp; Containers">Tubs &amp; Containers</a></li>
							
							<li class="section"><a role="menuitem" id="sub-menu-13_30" href="http://shop.coles.com.au/online/national/household/garden" title="Garden sub category">Garden</a></li>
							
							
								<li><a role="menuitem" id="sub-menu-13_31" href="http://shop.coles.com.au/online/national/household/garden/d%C3%A9cor" title="Décor">Décor</a></li>
							
								<li><a role="menuitem" id="sub-menu-13_32" href="http://shop.coles.com.au/online/national/household/garden/gloves-tools" title="Gloves &amp; Tools">Gloves &amp; Tools</a></li>
							
								<li><a role="menuitem" id="sub-menu-13_33" href="http://shop.coles.com.au/online/national/household/garden/insecticide-weed-control" title="Insecticide &amp; Weed Control">Insecticide &amp; Weed Control</a></li>
							
								<li><a role="menuitem" id="sub-menu-13_34" href="http://shop.coles.com.au/online/national/household/garden/lawncare-plant-food" title="Lawncare &amp; Plant Food">Lawncare &amp; Plant Food</a></li>
							
								<li><a role="menuitem" id="sub-menu-13_35" href="http://shop.coles.com.au/online/national/household/garden/pest-control" title="Pest Control">Pest Control</a></li>
							
								<li><a role="menuitem" id="sub-menu-13_36" href="http://shop.coles.com.au/online/national/household/garden/potting-mix--fertilizer" title="Potting Mix, Fertilizer">Potting Mix, Fertilizer</a></li>
							
								<li><a role="menuitem" id="sub-menu-13_37" href="http://shop.coles.com.au/online/national/household/garden/seeds-plants" title="Seeds &amp; Plants">Seeds &amp; Plants</a></li>
							
								<li><a role="menuitem" id="sub-menu-13_38" href="http://shop.coles.com.au/online/national/household/garden/watering" title="Watering">Watering</a></li>
							
							<li class="section"><a role="menuitem" id="sub-menu-13_39" href="http://shop.coles.com.au/online/national/household/hardware" title="Hardware sub category">Hardware</a></li>
							
							
								<li><a role="menuitem" id="sub-menu-13_40" href="http://shop.coles.com.au/online/national/household/hardware/adhesives--glues-tapes" title="Adhesives, Glues &amp; Tapes">Adhesives, Glues &amp; Tapes</a></li>
							
								<li><a role="menuitem" id="sub-menu-13_41" href="http://shop.coles.com.au/online/national/household/hardware/car-care" title="Car Care">Car Care</a></li>
							
								<li><a role="menuitem" id="sub-menu-13_42" href="http://shop.coles.com.au/online/national/household/hardware/hooks-fasteners" title="Hooks &amp; Fasteners">Hooks &amp; Fasteners</a></li>
							
								<li><a role="menuitem" id="sub-menu-13_43" href="http://shop.coles.com.au/online/national/household/hardware/matches-candles" title="Matches &amp; Candles">Matches &amp; Candles</a></li>
							
								<li><a role="menuitem" id="sub-menu-13_44" href="http://shop.coles.com.au/online/national/household/hardware/pest-control-hardware" title="Pest Control Hardware">Pest Control Hardware</a></li>
							
								<li><a role="menuitem" id="sub-menu-13_45" href="http://shop.coles.com.au/online/national/household/hardware/security" title="Security">Security</a></li>
							
							<li class="section"><a role="menuitem" id="sub-menu-13_46" href="http://shop.coles.com.au/online/national/household/homewares" title="Homewares sub category">Homewares</a></li>
							
							
								<li><a role="menuitem" id="sub-menu-13_47" href="http://shop.coles.com.au/online/national/household/homewares/appliances" title="Appliances">Appliances</a></li>
							
								<li><a role="menuitem" id="sub-menu-13_48" href="http://shop.coles.com.au/online/national/household/homewares/bathroom-accessories" title="Bathroom Accessories">Bathroom Accessories</a></li>
							
								<li><a role="menuitem" id="sub-menu-13_49" href="http://shop.coles.com.au/online/national/household/homewares/bed-pillows-linen" title="Bed Pillows &amp; Linen">Bed Pillows &amp; Linen</a></li>
							
								<li><a role="menuitem" id="sub-menu-13_50" href="http://shop.coles.com.au/online/national/household/homewares/cutlery-servingware" title="Cutlery &amp; Servingware">Cutlery &amp; Servingware</a></li>
							
								<li><a role="menuitem" id="sub-menu-13_51" href="http://shop.coles.com.au/online/national/household/homewares/glassware" title="Glassware">Glassware</a></li>
							
								<li><a role="menuitem" id="sub-menu-13_52" href="http://shop.coles.com.au/online/national/household/homewares/storage" title="Home Storage">Home Storage</a></li>
							
								<li><a role="menuitem" id="sub-menu-13_53" href="http://shop.coles.com.au/online/national/household/homewares/mugs-cups" title="Mugs &amp; Cups">Mugs &amp; Cups</a></li>
							
								<li><a role="menuitem" id="sub-menu-13_54" href="http://shop.coles.com.au/online/national/household/homewares/plates-bowls" title="Plates &amp; Bowls">Plates &amp; Bowls</a></li>
							
								<li><a role="menuitem" id="sub-menu-13_55" href="http://shop.coles.com.au/online/national/household/homewares/sewing" title="Sewing">Sewing</a></li>
							
								<li><a role="menuitem" id="sub-menu-13_56" href="http://shop.coles.com.au/online/national/household/homewares/towels" title="Tea Towels &amp; Aprons">Tea Towels &amp; Aprons</a></li>
							
								<li><a role="menuitem" id="sub-menu-13_57" href="http://shop.coles.com.au/online/national/household/homewares/textiles-accessories" title="Textiles &amp; Accessories">Textiles &amp; Accessories</a></li>
							
								<li><a role="menuitem" id="sub-menu-13_58" href="http://shop.coles.com.au/online/national/household/homewares/water-filtration" title="Water Filtration">Water Filtration</a></li>
							
							<li class="section"><a role="menuitem" id="sub-menu-13_59" href="http://shop.coles.com.au/online/national/household/household-accessories" title="Household Accessories sub category">Household Accessories</a></li>
							
							
								<li><a role="menuitem" id="sub-menu-13_60" href="http://shop.coles.com.au/online/national/household/household-accessories/air-fresheners" title="Air Fresheners">Air Fresheners</a></li>
							
								<li><a role="menuitem" id="sub-menu-13_61" href="http://shop.coles.com.au/online/national/household/household-accessories/gloves" title="Gloves">Gloves</a></li>
							
								<li><a role="menuitem" id="sub-menu-13_62" href="http://shop.coles.com.au/online/national/household/household-accessories/mops--buckets-brooms" title="Mops, Buckets &amp; Brooms">Mops, Buckets &amp; Brooms</a></li>
							
								<li><a role="menuitem" id="sub-menu-13_63" href="http://shop.coles.com.au/online/national/household/household-accessories/paper-towels--sponges-and-brushes" title="Paper Towels, Sponges and Brushes">Paper Towels, Sponges and Brushes</a></li>
							
							<li class="section"><a role="menuitem" id="sub-menu-13_64" href="http://shop.coles.com.au/online/national/household/kitchen" title="Kitchen sub category">Kitchen</a></li>
							
							
								<li><a role="menuitem" id="sub-menu-13_65" href="http://shop.coles.com.au/online/national/household/kitchen/dishwashing" title="Dishwashing">Dishwashing</a></li>
							
								<li><a role="menuitem" id="sub-menu-13_66" href="http://shop.coles.com.au/online/national/household/kitchen/oven-stovetop" title="Oven &amp; Stovetop">Oven &amp; Stovetop</a></li>
							
							<li class="section"><a role="menuitem" id="sub-menu-13_67" href="http://shop.coles.com.au/online/national/household/laundry-needs" title="Laundry Needs sub category">Laundry Needs</a></li>
							
							
								<li><a role="menuitem" id="sub-menu-13_68" href="http://shop.coles.com.au/online/national/household/laundry-needs/detergents-soap" title="Detergents &amp; Soap">Detergents &amp; Soap</a></li>
							
								<li><a role="menuitem" id="sub-menu-13_69" href="http://shop.coles.com.au/online/national/household/laundry-needs/drying-racks-wash-bags" title="Drying Racks &amp; Wash Bags">Drying Racks &amp; Wash Bags</a></li>
							
								<li><a role="menuitem" id="sub-menu-13_70" href="http://shop.coles.com.au/online/national/household/laundry-needs/in-wash-treatments-additives" title="In-wash Treatments &amp; Additives">In-wash Treatments &amp; Additives</a></li>
							
								<li><a role="menuitem" id="sub-menu-13_71" href="http://shop.coles.com.au/online/national/household/laundry-needs/ironing" title="Ironing">Ironing</a></li>
							
								<li><a role="menuitem" id="sub-menu-13_72" href="http://shop.coles.com.au/online/national/household/laundry-needs/pegs--baskets-hangers" title="Pegs, Baskets &amp; Hangers">Pegs, Baskets &amp; Hangers</a></li>
							
								<li><a role="menuitem" id="sub-menu-13_73" href="http://shop.coles.com.au/online/national/household/laundry-needs/softeners" title="Softeners">Softeners</a></li>
							
								<li><a role="menuitem" id="sub-menu-13_74" href="http://shop.coles.com.au/online/national/household/laundry-needs/stain-removal-pre-wash" title="Stain Removal &amp; Pre-wash">Stain Removal &amp; Pre-wash</a></li>
							
							<li class="section"><a role="menuitem" id="sub-menu-13_75" href="http://shop.coles.com.au/online/national/household/outdoors" title="Outdoors sub category">Outdoors</a></li>
							
							
								<li><a role="menuitem" id="sub-menu-13_76" href="http://shop.coles.com.au/online/national/household/outdoors/bbq" title="BBQ">BBQ</a></li>
							
								<li><a role="menuitem" id="sub-menu-13_77" href="http://shop.coles.com.au/online/national/household/outdoors/camping-fishing" title="Camping &amp; Fishing">Camping &amp; Fishing</a></li>
							
								<li><a role="menuitem" id="sub-menu-13_78" href="http://shop.coles.com.au/online/national/household/outdoors/matches-lighters" title="Matches &amp; Lighters">Matches &amp; Lighters</a></li>
							
								<li><a role="menuitem" id="sub-menu-13_79" href="http://shop.coles.com.au/online/national/household/outdoors/sports" title="Sports">Sports</a></li>
							
							<li class="section"><a role="menuitem" id="sub-menu-13_80" href="http://shop.coles.com.au/online/national/household/picnic-party" title="Picnic &amp; Party sub category">Picnic &amp; Party</a></li>
							
							
								<li><a role="menuitem" id="sub-menu-13_81" href="http://shop.coles.com.au/online/national/household/picnic-party/candles" title="Candles">Candles</a></li>
							
								<li><a role="menuitem" id="sub-menu-13_82" href="http://shop.coles.com.au/online/national/household/picnic-party/cups-glasses" title="Cups &amp; Glasses">Cups &amp; Glasses</a></li>
							
								<li><a role="menuitem" id="sub-menu-13_83" href="http://shop.coles.com.au/online/national/household/picnic-party/decorations" title="Decorations">Decorations</a></li>
							
								<li><a role="menuitem" id="sub-menu-13_84" href="http://shop.coles.com.au/online/national/household/picnic-party/picnic-plates-bowls" title="Disposable Plates &amp; Bowls">Disposable Plates &amp; Bowls</a></li>
							
								<li><a role="menuitem" id="sub-menu-13_85" href="http://shop.coles.com.au/online/national/household/picnic-party/gift-wrap-bags" title="Gift Wrap &amp; Bags">Gift Wrap &amp; Bags</a></li>
							
								<li><a role="menuitem" id="sub-menu-13_86" href="http://shop.coles.com.au/online/national/household/picnic-party/paper-plastic-cutlery" title="Paper/Plastic Cutlery">Paper/Plastic Cutlery</a></li>
							
								<li><a role="menuitem" id="sub-menu-13_87" href="http://shop.coles.com.au/online/national/household/picnic-party/serviettes-tablecloths" title="Serviettes &amp; Tablecloths">Serviettes &amp; Tablecloths</a></li>
							
							<li class="section"><a role="menuitem" id="sub-menu-13_88" href="http://shop.coles.com.au/online/national/household/charity-donations" title="Charity Donations sub category">Charity Donations</a></li>
							
							
								<li><a role="menuitem" id="sub-menu-13_89" href="http://shop.coles.com.au/online/national/household/charity-donations/donation" title="Donations">Donations</a></li>
							
					</ul>
				</div>							
											
			</li>									
		
			
			<li>
				
							
					<a role="menuitem" id="aisleMenu_14" aria-haspopup="true" href="http://shop.coles.com.au/online/national/personal-care-chemist" class="aisle" title="Browse the Health &amp; Beauty aisle">
						Health &amp; Beauty <span>→</span>
					</a>
					
					<div id="menu-14" class="column-list clearfix" data-rows="22" role="navigation">
						<h2>
							<a role="menuitem" id="sub-menu-14_0" class="subCatHeader" title="Health &amp; Beauty Category" href="http://shop.coles.com.au/online/national/personal-care-chemist">
								Health &amp; Beauty
							</a>
							<span class="aisle-search">&nbsp;
								<a role="menuitem" id="sub-menu-14_1" class="browseAllSubCategory" href="http://shop.coles.com.au/online/national/personal-care-chemist/personal-care-chemist" title="Browse all items">
								 Browse all items<span>→</span>
								</a>
							</span>
						</h2>
						
						
					<ul role="menu" id="sub-menu-14" data-col-items="menu-14" class="hidden">
						
							<li class="section"><a role="menuitem" id="sub-menu-14_2" href="http://shop.coles.com.au/online/national/personal-care-chemist/cosmetics" title="Cosmetics sub category">Cosmetics</a></li>
							
							
								<li><a role="menuitem" id="sub-menu-14_3" href="http://shop.coles.com.au/online/national/personal-care-chemist/cosmetics/blush" title="Blush">Blush</a></li>
							
								<li><a role="menuitem" id="sub-menu-14_4" href="http://shop.coles.com.au/online/national/personal-care-chemist/cosmetics/concealer" title="Concealer">Concealer</a></li>
							
								<li><a role="menuitem" id="sub-menu-14_5" href="http://shop.coles.com.au/online/national/personal-care-chemist/cosmetics/eye-liner--shadow--mascara" title="Eye Liner, Shadow &amp; Mascara">Eye Liner, Shadow &amp; Mascara</a></li>
							
								<li><a role="menuitem" id="sub-menu-14_6" href="http://shop.coles.com.au/online/national/personal-care-chemist/cosmetics/foundations-powders" title="Foundations &amp; Powders">Foundations &amp; Powders</a></li>
							
								<li><a role="menuitem" id="sub-menu-14_7" href="http://shop.coles.com.au/online/national/personal-care-chemist/cosmetics/lip-balm" title="Lip Balm">Lip Balm</a></li>
							
								<li><a role="menuitem" id="sub-menu-14_8" href="http://shop.coles.com.au/online/national/personal-care-chemist/cosmetics/lipstick-lip-gloss" title="Lipstick &amp; Lip Gloss">Lipstick &amp; Lip Gloss</a></li>
							
								<li><a role="menuitem" id="sub-menu-14_9" href="http://shop.coles.com.au/online/national/personal-care-chemist/cosmetics/nails" title="Nails">Nails</a></li>
							
							<li class="section"><a role="menuitem" id="sub-menu-14_10" href="http://shop.coles.com.au/online/national/personal-care-chemist/dental" title="Dental sub category">Dental</a></li>
							
							
								<li><a role="menuitem" id="sub-menu-14_11" href="http://shop.coles.com.au/online/national/personal-care-chemist/dental/dental-floss-tape" title="Dental Floss &amp; Tape">Dental Floss &amp; Tape</a></li>
							
								<li><a role="menuitem" id="sub-menu-14_12" href="http://shop.coles.com.au/online/national/personal-care-chemist/dental/denture-care" title="Denture Care">Denture Care</a></li>
							
								<li><a role="menuitem" id="sub-menu-14_13" href="http://shop.coles.com.au/online/national/personal-care-chemist/dental/mouthwash" title="Mouthwash">Mouthwash</a></li>
							
								<li><a role="menuitem" id="sub-menu-14_14" href="http://shop.coles.com.au/online/national/personal-care-chemist/dental/toothbrushes" title="Toothbrushes">Toothbrushes</a></li>
							
								<li><a role="menuitem" id="sub-menu-14_15" href="http://shop.coles.com.au/online/national/personal-care-chemist/dental/toothpaste" title="Toothpaste">Toothpaste</a></li>
							
							<li class="section"><a role="menuitem" id="sub-menu-14_16" href="http://shop.coles.com.au/online/national/personal-care-chemist/first-aid" title="First Aid sub category">First Aid</a></li>
							
							
								<li><a role="menuitem" id="sub-menu-14_17" href="http://shop.coles.com.au/online/national/personal-care-chemist/first-aid/bandages-strapping" title="Bandages &amp; Strapping">Bandages &amp; Strapping</a></li>
							
								<li><a role="menuitem" id="sub-menu-14_18" href="http://shop.coles.com.au/online/national/personal-care-chemist/first-aid/bandaids" title="Bandaids">Bandaids</a></li>
							
								<li><a role="menuitem" id="sub-menu-14_19" href="http://shop.coles.com.au/online/national/personal-care-chemist/first-aid/gauze-tape" title="Gauze &amp; Tape">Gauze &amp; Tape</a></li>
							
								<li><a role="menuitem" id="sub-menu-14_20" href="http://shop.coles.com.au/online/national/personal-care-chemist/first-aid/sports-first-aid" title="Sports First Aid">Sports First Aid</a></li>
							
							<li class="section"><a role="menuitem" id="sub-menu-14_21" href="http://shop.coles.com.au/online/national/personal-care-chemist/hair-accessories" title="Hair Accessories sub category">Hair Accessories</a></li>
							
							
								<li><a role="menuitem" id="sub-menu-14_22" href="http://shop.coles.com.au/online/national/personal-care-chemist/hair-accessories/hair-brushes" title="Hair Brushes">Hair Brushes</a></li>
							
								<li><a role="menuitem" id="sub-menu-14_23" href="http://shop.coles.com.au/online/national/personal-care-chemist/hair-accessories/hair-fasteners" title="Hair Fasteners">Hair Fasteners</a></li>
							
							<li class="section"><a role="menuitem" id="sub-menu-14_24" href="http://shop.coles.com.au/online/national/personal-care-chemist/hair-care" title="Hair Care sub category">Hair Care</a></li>
							
							
								<li><a role="menuitem" id="sub-menu-14_25" href="http://shop.coles.com.au/online/national/personal-care-chemist/hair-care/colouring" title="Colouring">Colouring</a></li>
							
								<li><a role="menuitem" id="sub-menu-14_26" href="http://shop.coles.com.au/online/national/personal-care-chemist/hair-care/conditioner" title="Conditioner">Conditioner</a></li>
							
								<li><a role="menuitem" id="sub-menu-14_27" href="http://shop.coles.com.au/online/national/personal-care-chemist/hair-care/gel--mousse-styling" title="Gel, Mousse &amp; Styling">Gel, Mousse &amp; Styling</a></li>
							
								<li><a role="menuitem" id="sub-menu-14_28" href="http://shop.coles.com.au/online/national/personal-care-chemist/hair-care/hair-treatments" title="Hair Treatments">Hair Treatments</a></li>
							
								<li><a role="menuitem" id="sub-menu-14_29" href="http://shop.coles.com.au/online/national/personal-care-chemist/hair-care/shampoo" title="Shampoo">Shampoo</a></li>
							
							<li class="section"><a role="menuitem" id="sub-menu-14_30" href="http://shop.coles.com.au/online/national/personal-care-chemist/hair-removal" title="Hair Removal sub category">Hair Removal</a></li>
							
							
								<li><a role="menuitem" id="sub-menu-14_31" href="http://shop.coles.com.au/online/national/personal-care-chemist/hair-removal/after-shave-care" title="After Shave Care">After Shave Care</a></li>
							
								<li><a role="menuitem" id="sub-menu-14_32" href="http://shop.coles.com.au/online/national/personal-care-chemist/hair-removal/razors-blades" title="Razors &amp; Blades">Razors &amp; Blades</a></li>
							
								<li><a role="menuitem" id="sub-menu-14_33" href="http://shop.coles.com.au/online/national/personal-care-chemist/hair-removal/shave-gel-foam" title="Shave Gel &amp; Foam">Shave Gel &amp; Foam</a></li>
							
								<li><a role="menuitem" id="sub-menu-14_34" href="http://shop.coles.com.au/online/national/personal-care-chemist/hair-removal/wax--cream--bleach" title="Wax, Cream, Bleach">Wax, Cream, Bleach</a></li>
							
							<li class="section"><a role="menuitem" id="sub-menu-14_35" href="http://shop.coles.com.au/online/national/personal-care-chemist/medicinal" title="Medicinal sub category">Medicinal</a></li>
							
							
								<li><a role="menuitem" id="sub-menu-14_36" href="http://shop.coles.com.au/online/national/personal-care-chemist/medicinal/antacid-indigestion" title="Antacid &amp; Indigestion">Antacid &amp; Indigestion</a></li>
							
								<li><a role="menuitem" id="sub-menu-14_37" href="http://shop.coles.com.au/online/national/personal-care-chemist/medicinal/antiseptic" title="Antiseptic">Antiseptic</a></li>
							
								<li><a role="menuitem" id="sub-menu-14_38" href="http://shop.coles.com.au/online/national/personal-care-chemist/medicinal/cold-allergy" title="Cold &amp; Allergy">Cold &amp; Allergy</a></li>
							
								<li><a role="menuitem" id="sub-menu-14_39" href="http://shop.coles.com.au/online/national/personal-care-chemist/medicinal/cotton-wool" title="Cotton Wool">Cotton Wool</a></li>
							
								<li><a role="menuitem" id="sub-menu-14_40" href="http://shop.coles.com.au/online/national/personal-care-chemist/medicinal/eye-care" title="Eye Care">Eye Care</a></li>
							
								<li><a role="menuitem" id="sub-menu-14_41" href="http://shop.coles.com.au/online/national/personal-care-chemist/medicinal/medicinal-oils-ointments" title="Medicinal Oils &amp; Ointments">Medicinal Oils &amp; Ointments</a></li>
							
								<li><a role="menuitem" id="sub-menu-14_42" href="http://shop.coles.com.au/online/national/personal-care-chemist/medicinal/pain-relief" title="Pain Relief">Pain Relief</a></li>
							
								<li><a role="menuitem" id="sub-menu-14_43" href="http://shop.coles.com.au/online/national/personal-care-chemist/medicinal/skincare" title="Skincare">Skincare</a></li>
							
								<li><a role="menuitem" id="sub-menu-14_44" href="http://shop.coles.com.au/online/national/personal-care-chemist/medicinal/vitamins" title="Vitamins">Vitamins</a></li>
							
							<li class="section"><a role="menuitem" id="sub-menu-14_45" href="http://shop.coles.com.au/online/national/personal-care-chemist/personal-care-hygiene" title="Personal Care &amp; Hygiene sub category">Personal Care &amp; Hygiene</a></li>
							
							
								<li><a role="menuitem" id="sub-menu-14_46" href="http://shop.coles.com.au/online/national/personal-care-chemist/personal-care-hygiene/deodorants" title="Deodorants">Deodorants</a></li>
							
								<li><a role="menuitem" id="sub-menu-14_47" href="http://shop.coles.com.au/online/national/personal-care-chemist/personal-care-hygiene/deodorants-for-men" title="Deodorants for Men">Deodorants for Men</a></li>
							
								<li><a role="menuitem" id="sub-menu-14_48" href="http://shop.coles.com.au/online/national/personal-care-chemist/personal-care-hygiene/deodorants-for-women" title="Deodorants for Women">Deodorants for Women</a></li>
							
								<li><a role="menuitem" id="sub-menu-14_49" href="http://shop.coles.com.au/online/national/personal-care-chemist/personal-care-hygiene/feminine-care" title="Feminine Care">Feminine Care</a></li>
							
								<li><a role="menuitem" id="sub-menu-14_50" href="http://shop.coles.com.au/online/national/personal-care-chemist/personal-care-hygiene/footcare" title="Footcare">Footcare</a></li>
							
								<li><a role="menuitem" id="sub-menu-14_51" href="http://shop.coles.com.au/online/national/personal-care-chemist/personal-care-hygiene/incontinence-needs" title="Incontinence Needs">Incontinence Needs</a></li>
							
								<li><a role="menuitem" id="sub-menu-14_52" href="http://shop.coles.com.au/online/national/personal-care-chemist/personal-care-hygiene/nail-care" title="Nail Care">Nail Care</a></li>
							
								<li><a role="menuitem" id="sub-menu-14_53" href="http://shop.coles.com.au/online/national/personal-care-chemist/personal-care-hygiene/skincare-wipes" title="Skincare Wipes">Skincare Wipes</a></li>
							
								<li><a role="menuitem" id="sub-menu-14_54" href="http://shop.coles.com.au/online/national/personal-care-chemist/personal-care-hygiene/sports-supplements" title="Sports Supplements">Sports Supplements</a></li>
							
								<li><a role="menuitem" id="sub-menu-14_55" href="http://shop.coles.com.au/online/national/personal-care-chemist/personal-care-hygiene/tissues" title="Tissues">Tissues</a></li>
							
								<li><a role="menuitem" id="sub-menu-14_56" href="http://shop.coles.com.au/online/national/personal-care-chemist/personal-care-hygiene/toilet-paper" title="Toilet Paper">Toilet Paper</a></li>
							
								<li><a role="menuitem" id="sub-menu-14_57" href="http://shop.coles.com.au/online/national/personal-care-chemist/personal-care-hygiene/weight-loss" title="Weight Loss">Weight Loss</a></li>
							
								<li><a role="menuitem" id="sub-menu-14_58" href="http://shop.coles.com.au/online/national/personal-care-chemist/personal-care-hygiene/help-quit-smoking" title="Help Quit Smoking">Help Quit Smoking</a></li>
							
								<li><a role="menuitem" id="sub-menu-14_59" href="http://shop.coles.com.au/online/national/personal-care-chemist/personal-care-hygiene/contraception-sexual-health" title="Contraception &amp; Sexual Health">Contraception &amp; Sexual Health</a></li>
							
								<li><a role="menuitem" id="sub-menu-14_60" href="http://shop.coles.com.au/online/national/personal-care-chemist/personal-care-hygiene/pregnancy-tests" title="Pregnancy Tests">Pregnancy Tests</a></li>
							
							<li class="section"><a role="menuitem" id="sub-menu-14_61" href="http://shop.coles.com.au/online/national/personal-care-chemist/shower-bath-care" title="Shower &amp; Bath Care sub category">Shower &amp; Bath Care</a></li>
							
							
								<li><a role="menuitem" id="sub-menu-14_62" href="http://shop.coles.com.au/online/national/personal-care-chemist/shower-bath-care/bath-accessories" title="Bath Accessories">Bath Accessories</a></li>
							
								<li><a role="menuitem" id="sub-menu-14_63" href="http://shop.coles.com.au/online/national/personal-care-chemist/shower-bath-care/body-lotion" title="Body Lotion">Body Lotion</a></li>
							
								<li><a role="menuitem" id="sub-menu-14_64" href="http://shop.coles.com.au/online/national/personal-care-chemist/shower-bath-care/body-wash" title="Body Wash">Body Wash</a></li>
							
								<li><a role="menuitem" id="sub-menu-14_65" href="http://shop.coles.com.au/online/national/personal-care-chemist/shower-bath-care/bubble-bath-salts" title="Bubble Bath &amp; Salts">Bubble Bath &amp; Salts</a></li>
							
								<li><a role="menuitem" id="sub-menu-14_66" href="http://shop.coles.com.au/online/national/personal-care-chemist/shower-bath-care/soap" title="Soap and Hand Wash">Soap and Hand Wash</a></li>
							
							<li class="section"><a role="menuitem" id="sub-menu-14_67" href="http://shop.coles.com.au/online/national/personal-care-chemist/skin-care" title="Skin Care sub category">Skin Care</a></li>
							
							
								<li><a role="menuitem" id="sub-menu-14_68" href="http://shop.coles.com.au/online/national/personal-care-chemist/skin-care/aftershave-care" title="Aftershave Care">Aftershave Care</a></li>
							
								<li><a role="menuitem" id="sub-menu-14_69" href="http://shop.coles.com.au/online/national/personal-care-chemist/skin-care/body-moisturizer" title="Body Moisturiser">Body Moisturiser</a></li>
							
								<li><a role="menuitem" id="sub-menu-14_70" href="http://shop.coles.com.au/online/national/personal-care-chemist/skin-care/face-moisturizer" title="Face Moisturiser">Face Moisturiser</a></li>
							
								<li><a role="menuitem" id="sub-menu-14_71" href="http://shop.coles.com.au/online/national/personal-care-chemist/skin-care/cleansers-skin-care-wipes" title="Cleansers &amp; Skin Care Wipes">Cleansers &amp; Skin Care Wipes</a></li>
							
								<li><a role="menuitem" id="sub-menu-14_72" href="http://shop.coles.com.au/online/national/personal-care-chemist/skin-care/hand-moisturizer" title="Hand Moisturiser">Hand Moisturiser</a></li>
							
								<li><a role="menuitem" id="sub-menu-14_73" href="http://shop.coles.com.au/online/national/personal-care-chemist/skin-care/lip-care" title="Lip Care">Lip Care</a></li>
							
								<li><a role="menuitem" id="sub-menu-14_74" href="http://shop.coles.com.au/online/national/personal-care-chemist/skin-care/self-tanning" title="Self-Tanning">Self-Tanning</a></li>
							
								<li><a role="menuitem" id="sub-menu-14_75" href="http://shop.coles.com.au/online/national/personal-care-chemist/skin-care/sunscreen" title="Sunscreen">Sunscreen</a></li>
							
					</ul>
				</div>							
											
			</li>									
		
			
			<li>
				
							
					<a role="menuitem" id="aisleMenu_15" aria-haspopup="true" href="http://shop.coles.com.au/online/national/baby" class="aisle" title="Browse the Baby aisle">
						Baby <span>→</span>
					</a>
					
					<div id="menu-15" class="column-list clearfix" data-rows="22" role="navigation">
						<h2>
							<a role="menuitem" id="sub-menu-15_0" class="subCatHeader" title="Baby Category" href="http://shop.coles.com.au/online/national/baby">
								Baby
							</a>
							<span class="aisle-search">&nbsp;
								<a role="menuitem" id="sub-menu-15_1" class="browseAllSubCategory" href="http://shop.coles.com.au/online/national/baby/baby" title="Browse all items">
								 Browse all items<span>→</span>
								</a>
							</span>
						</h2>
						
						
					<ul role="menu" id="sub-menu-15" data-col-items="menu-15" class="hidden">
						
							<li class="section"><a role="menuitem" id="sub-menu-15_2" href="http://shop.coles.com.au/online/national/baby/nappies-changing" title="Nappies &amp; Changing sub category">Nappies &amp; Changing</a></li>
							
							
								<li><a role="menuitem" id="sub-menu-15_3" href="http://shop.coles.com.au/online/national/baby/nappies-changing/all-nappies" title="All Nappies">All Nappies</a></li>
							
								<li><a role="menuitem" id="sub-menu-15_4" href="http://shop.coles.com.au/online/national/baby/nappies-changing/nappies-newborn-%283-to-5kg%29" title="Nappies Newborn (3 to 5kg)">Nappies Newborn (3 to 5kg)</a></li>
							
								<li><a role="menuitem" id="sub-menu-15_5" href="http://shop.coles.com.au/online/national/baby/nappies-changing/nappies-3-6-months-%285-to-7kg%29" title="Nappies 3-6 months (5 to 7kg)">Nappies 3-6 months (5 to 7kg)</a></li>
							
								<li><a role="menuitem" id="sub-menu-15_6" href="http://shop.coles.com.au/online/national/baby/nappies-changing/nappies-6-12-months-%287-to-10kg%29" title="Nappies 6-12 months (7 to 10kg)">Nappies 6-12 months (7 to 10kg)</a></li>
							
								<li><a role="menuitem" id="sub-menu-15_7" href="http://shop.coles.com.au/online/national/baby/nappies-changing/nappies-12-18-months-%289-to-12kg%29" title="Nappies 12-18 months (9 to 12kg)">Nappies 12-18 months (9 to 12kg)</a></li>
							
								<li><a role="menuitem" id="sub-menu-15_8" href="http://shop.coles.com.au/online/national/baby/nappies-changing/nappies-18-months-%2810kg-plus%29" title="Nappies 18 months+ (10kg plus)">Nappies 18 months+ (10kg plus)</a></li>
							
								<li><a role="menuitem" id="sub-menu-15_9" href="http://shop.coles.com.au/online/national/baby/nappies-changing/baby-wipe" title="Baby Wipes">Baby Wipes</a></li>
							
								<li><a role="menuitem" id="sub-menu-15_10" href="http://shop.coles.com.au/online/national/baby/nappies-changing/nappy-changing" title="Nappy Changing">Nappy Changing</a></li>
							
							<li class="section"><a role="menuitem" id="sub-menu-15_11" href="http://shop.coles.com.au/online/national/baby/baby-toddler" title="Baby Accessories sub category">Baby Accessories</a></li>
							
							
								<li><a role="menuitem" id="sub-menu-15_12" href="http://shop.coles.com.au/online/national/baby/baby-toddler/bottles-baby-feeding" title="Bottles &amp; Baby Feeding">Bottles &amp; Baby Feeding</a></li>
							
								<li><a role="menuitem" id="sub-menu-15_13" href="http://shop.coles.com.au/online/national/baby/baby-toddler/teething" title="Teething">Teething</a></li>
							
								<li><a role="menuitem" id="sub-menu-15_14" href="http://shop.coles.com.au/online/national/baby/baby-toddler/bath-skincare" title="Bath &amp; Skincare">Bath &amp; Skincare</a></li>
							
								<li><a role="menuitem" id="sub-menu-15_15" href="http://shop.coles.com.au/online/national/baby/baby-toddler/baby-toddler-clothing" title="Baby &amp; Toddler Clothing">Baby &amp; Toddler Clothing</a></li>
							
								<li><a role="menuitem" id="sub-menu-15_16" href="http://shop.coles.com.au/online/national/baby/baby-toddler/baby-health-safety" title="Baby Health &amp; Safety">Baby Health &amp; Safety</a></li>
							
							<li class="section"><a role="menuitem" id="sub-menu-15_17" href="http://shop.coles.com.au/online/national/baby/food" title="Food sub category">Food</a></li>
							
							
								<li><a role="menuitem" id="sub-menu-15_18" href="http://shop.coles.com.au/online/national/baby/food/all-food" title="All Food">All Food</a></li>
							
								<li><a role="menuitem" id="sub-menu-15_19" href="http://shop.coles.com.au/online/national/baby/food/4-to-6-months" title="4 to 6 months">4 to 6 months</a></li>
							
								<li><a role="menuitem" id="sub-menu-15_20" href="http://shop.coles.com.au/online/national/baby/food/6-to-9-months" title="6 to 9 months">6 to 9 months</a></li>
							
								<li><a role="menuitem" id="sub-menu-15_21" href="http://shop.coles.com.au/online/national/baby/food/9--months" title="9 + months">9 + months</a></li>
							
								<li><a role="menuitem" id="sub-menu-15_22" href="http://shop.coles.com.au/online/national/baby/food/1-year-to-3-years" title="1 year to 3 years">1 year to 3 years</a></li>
							
								<li><a role="menuitem" id="sub-menu-15_23" href="http://shop.coles.com.au/online/national/baby/food/infant-drinks" title="Infant Drinks">Infant Drinks</a></li>
							
							<li class="section"><a role="menuitem" id="sub-menu-15_24" href="http://shop.coles.com.au/online/national/baby/formula" title="Formula sub category">Formula</a></li>
							
							
								<li><a role="menuitem" id="sub-menu-15_25" href="http://shop.coles.com.au/online/national/baby/formula/newborn" title="Newborn">Newborn</a></li>
							
								<li><a role="menuitem" id="sub-menu-15_26" href="http://shop.coles.com.au/online/national/baby/formula/infant" title="Infant">Infant</a></li>
							
								<li><a role="menuitem" id="sub-menu-15_27" href="http://shop.coles.com.au/online/national/baby/formula/specialty" title="Specialty">Specialty</a></li>
							
								<li><a role="menuitem" id="sub-menu-15_28" href="http://shop.coles.com.au/online/national/baby/formula/toddler" title="Toddler">Toddler</a></li>
							
					</ul>
				</div>							
											
			</li>									
		
			
			<li>
				
							
					<a role="menuitem" id="aisleMenu_16" aria-haspopup="true" href="http://shop.coles.com.au/online/national/pet" class="aisle" title="Browse the Pet aisle">
						Pet <span>→</span>
					</a>
					
					<div id="menu-16" class="column-list clearfix" data-rows="22" role="navigation">
						<h2>
							<a role="menuitem" id="sub-menu-16_0" class="subCatHeader" title="Pet Category" href="http://shop.coles.com.au/online/national/pet">
								Pet
							</a>
							<span class="aisle-search">&nbsp;
								<a role="menuitem" id="sub-menu-16_1" class="browseAllSubCategory" href="http://shop.coles.com.au/online/national/pet/pet" title="Browse all items">
								 Browse all items<span>→</span>
								</a>
							</span>
						</h2>
						
						
					<ul role="menu" id="sub-menu-16" data-col-items="menu-16" class="hidden">
						
							<li class="section"><a role="menuitem" id="sub-menu-16_2" href="http://shop.coles.com.au/online/national/pet/cat-kitten" title="Cat &amp; Kitten sub category">Cat &amp; Kitten</a></li>
							
							
								<li><a role="menuitem" id="sub-menu-16_3" href="http://shop.coles.com.au/online/national/pet/cat-kitten/dry-cat-food" title="Dry Cat Food">Dry Cat Food</a></li>
							
								<li><a role="menuitem" id="sub-menu-16_4" href="http://shop.coles.com.au/online/national/pet/cat-kitten/chilled-cat-food" title="Chilled Cat Food">Chilled Cat Food</a></li>
							
								<li><a role="menuitem" id="sub-menu-16_5" href="http://shop.coles.com.au/online/national/pet/cat-kitten/trays-cans-cat-food" title="Trays &amp; Cans Cat Food">Trays &amp; Cans Cat Food</a></li>
							
								<li><a role="menuitem" id="sub-menu-16_6" href="http://shop.coles.com.au/online/national/pet/cat-kitten/cat-accessories" title="Cat Accessories">Cat Accessories</a></li>
							
								<li><a role="menuitem" id="sub-menu-16_7" href="http://shop.coles.com.au/online/national/pet/cat-kitten/cat-grooming" title="Cat Grooming">Cat Grooming</a></li>
							
								<li><a role="menuitem" id="sub-menu-16_8" href="http://shop.coles.com.au/online/national/pet/cat-kitten/cat-healthcare" title="Cat Healthcare">Cat Healthcare</a></li>
							
								<li><a role="menuitem" id="sub-menu-16_9" href="http://shop.coles.com.au/online/national/pet/cat-kitten/cat-litter" title="Cat Litter">Cat Litter</a></li>
							
								<li><a role="menuitem" id="sub-menu-16_10" href="http://shop.coles.com.au/online/national/pet/cat-kitten/cat-toys" title="Cat Toys">Cat Toys</a></li>
							
								<li><a role="menuitem" id="sub-menu-16_11" href="http://shop.coles.com.au/online/national/pet/cat-kitten/cat-treats-milk" title="Cat Treats &amp; Milk">Cat Treats &amp; Milk</a></li>
							
							<li class="section"><a role="menuitem" id="sub-menu-16_12" href="http://shop.coles.com.au/online/national/pet/dog-puppy" title="Dog &amp; Puppy sub category">Dog &amp; Puppy</a></li>
							
							
								<li><a role="menuitem" id="sub-menu-16_13" href="http://shop.coles.com.au/online/national/pet/dog-puppy/dry-dog-food" title="Dry Dog Food">Dry Dog Food</a></li>
							
								<li><a role="menuitem" id="sub-menu-16_14" href="http://shop.coles.com.au/online/national/pet/dog-puppy/chilled-dog-food" title="Chilled Dog Food">Chilled Dog Food</a></li>
							
								<li><a role="menuitem" id="sub-menu-16_15" href="http://shop.coles.com.au/online/national/pet/dog-puppy/trays-cans-dog-food" title="Trays &amp; Cans Dog Food">Trays &amp; Cans Dog Food</a></li>
							
								<li><a role="menuitem" id="sub-menu-16_16" href="http://shop.coles.com.au/online/national/pet/dog-puppy/dog-accessories" title="Dog Accessories">Dog Accessories</a></li>
							
								<li><a role="menuitem" id="sub-menu-16_17" href="http://shop.coles.com.au/online/national/pet/dog-puppy/dog-collars-leads" title="Dog Collars &amp; Leads">Dog Collars &amp; Leads</a></li>
							
								<li><a role="menuitem" id="sub-menu-16_18" href="http://shop.coles.com.au/online/national/pet/dog-puppy/dog-grooming" title="Dog Grooming">Dog Grooming</a></li>
							
								<li><a role="menuitem" id="sub-menu-16_19" href="http://shop.coles.com.au/online/national/pet/dog-puppy/dog-healthcare" title="Dog Healthcare">Dog Healthcare</a></li>
							
								<li><a role="menuitem" id="sub-menu-16_20" href="http://shop.coles.com.au/online/national/pet/dog-puppy/dog-treats-milk" title="Dog Treats &amp; Milk">Dog Treats &amp; Milk</a></li>
							
							<li class="section"><a role="menuitem" id="sub-menu-16_21" href="http://shop.coles.com.au/online/national/pet/birds" title="Birds sub category">Birds</a></li>
							
							
								<li><a role="menuitem" id="sub-menu-16_22" href="http://shop.coles.com.au/online/national/pet/birds/bird-food" title="Bird Food">Bird Food</a></li>
							
								<li><a role="menuitem" id="sub-menu-16_23" href="http://shop.coles.com.au/online/national/pet/birds/bird-treats" title="Bird Treats">Bird Treats</a></li>
							
							<li class="section"><a role="menuitem" id="sub-menu-16_24" href="http://shop.coles.com.au/online/national/pet/fish-1074626" title="Fish sub category">Fish</a></li>
							
							
								<li><a role="menuitem" id="sub-menu-16_25" href="http://shop.coles.com.au/online/national/pet/fish-1074626/fish-food" title="Fish Food">Fish Food</a></li>
							
							<li class="section"><a role="menuitem" id="sub-menu-16_26" href="http://shop.coles.com.au/online/national/pet/small-pets" title="Small Pets sub category">Small Pets</a></li>
							
							
								<li><a role="menuitem" id="sub-menu-16_27" href="http://shop.coles.com.au/online/national/pet/small-pets/small-pets-food" title="Small Pets Food">Small Pets Food</a></li>
							
					</ul>
				</div>							
											
			</li>									
		
			
			<li>
				
							
					<a role="menuitem" id="aisleMenu_17" aria-haspopup="true" href="http://shop.coles.com.au/online/national/business-orders" class="aisle" title="Browse the Business Orders aisle">
						Business Orders <span>→</span>
					</a>
					
					<div id="menu-17" class="column-list clearfix" data-rows="22" role="navigation">
						<h2>
							<a role="menuitem" id="sub-menu-17_0" class="subCatHeader" title="Business Orders Category" href="http://shop.coles.com.au/online/national/business-orders">
								Business Orders
							</a>
							<span class="aisle-search">&nbsp;
								<a role="menuitem" id="sub-menu-17_1" class="browseAllSubCategory" href="http://shop.coles.com.au/online/national/business-orders/business-orders" title="Browse all items">
								 Browse all items<span>→</span>
								</a>
							</span>
						</h2>
						
						
					<ul role="menu" id="sub-menu-17" data-col-items="menu-17" class="hidden">
						
							<li class="section"><a role="menuitem" id="sub-menu-17_2" href="http://shop.coles.com.au/online/national/business-orders/all-businesses" title="All Businesses sub category">All Businesses</a></li>
							
							
								<li><a role="menuitem" id="sub-menu-17_3" href="http://shop.coles.com.au/online/national/business-orders/all-businesses/childcare" title="Childcare">Childcare</a></li>
							
								<li><a role="menuitem" id="sub-menu-17_4" href="http://shop.coles.com.au/online/national/business-orders/all-businesses/disability-aged-care" title="Disability &amp; Aged Care">Disability &amp; Aged Care</a></li>
							
								<li><a role="menuitem" id="sub-menu-17_5" href="http://shop.coles.com.au/online/national/business-orders/all-businesses/offices" title="Offices">Offices</a></li>
							
								<li><a role="menuitem" id="sub-menu-17_6" href="http://shop.coles.com.au/online/national/business-orders/all-businesses/schools" title="Schools">Schools</a></li>
							
					</ul>
				</div>							
											
			</li>									
		
			
			<li>
				
							
					<a role="menuitem" id="aisleMenu_18" aria-haspopup="true" href="http://shop.coles.com.au/online/national/stationery-media" class="aisle" title="Browse the Stationery &amp; Media aisle">
						Stationery &amp; Media <span>→</span>
					</a>
					
					<div id="menu-18" class="column-list clearfix" data-rows="22" role="navigation">
						<h2>
							<a role="menuitem" id="sub-menu-18_0" class="subCatHeader" title="Stationery &amp; Media Category" href="http://shop.coles.com.au/online/national/stationery-media">
								Stationery &amp; Media
							</a>
							<span class="aisle-search">&nbsp;
								<a role="menuitem" id="sub-menu-18_1" class="browseAllSubCategory" href="http://shop.coles.com.au/online/national/stationery-media/stationery-media" title="Browse all items">
								 Browse all items<span>→</span>
								</a>
							</span>
						</h2>
						
						
					<ul role="menu" id="sub-menu-18" data-col-items="menu-18" class="hidden">
						
							<li class="section"><a role="menuitem" id="sub-menu-18_2" href="http://shop.coles.com.au/online/national/stationery-media/books-section" title="Books sub category">Books</a></li>
							
							
								<li><a role="menuitem" id="sub-menu-18_3" href="http://shop.coles.com.au/online/national/stationery-media/books-section/childrens-books" title="Childrens Books">Childrens Books</a></li>
							
								<li><a role="menuitem" id="sub-menu-18_4" href="http://shop.coles.com.au/online/national/stationery-media/books-section/fiction-books" title="Fiction Books">Fiction Books</a></li>
							
								<li><a role="menuitem" id="sub-menu-18_5" href="http://shop.coles.com.au/online/national/stationery-media/books-section/non-fiction-books" title="Non-fiction Books">Non-fiction Books</a></li>
							
							<li class="section"><a role="menuitem" id="sub-menu-18_6" href="http://shop.coles.com.au/online/national/stationery-media/tv-shows-movies-section" title="Cds, Dvds &amp; Blu Rays sub category">Cds, Dvds &amp; Blu Rays</a></li>
							
							
								<li><a role="menuitem" id="sub-menu-18_7" href="http://shop.coles.com.au/online/national/stationery-media/tv-shows-movies-section/blu-rays" title="Blu Rays">Blu Rays</a></li>
							
								<li><a role="menuitem" id="sub-menu-18_8" href="http://shop.coles.com.au/online/national/stationery-media/tv-shows-movies-section/cds-music-dvds" title="CDs &amp; Music Dvds">CDs &amp; Music Dvds</a></li>
							
								<li><a role="menuitem" id="sub-menu-18_9" href="http://shop.coles.com.au/online/national/stationery-media/tv-shows-movies-section/childrens-tv-movies" title="Childrens TV &amp; Movies">Childrens TV &amp; Movies</a></li>
							
								<li><a role="menuitem" id="sub-menu-18_10" href="http://shop.coles.com.au/online/national/stationery-media/tv-shows-movies-section/family-child" title="Family &amp; Child">Family &amp; Child</a></li>
							
								<li><a role="menuitem" id="sub-menu-18_11" href="http://shop.coles.com.au/online/national/stationery-media/tv-shows-movies-section/feature-films-section" title="Feature Films">Feature Films</a></li>
							
								<li><a role="menuitem" id="sub-menu-18_12" href="http://shop.coles.com.au/online/national/stationery-media/tv-shows-movies-section/tv-shows-movies" title="TV Shows &amp; Movies">TV Shows &amp; Movies</a></li>
							
							<li class="section"><a role="menuitem" id="sub-menu-18_13" href="http://shop.coles.com.au/online/national/stationery-media/computer-photo" title="Computer &amp; Photo sub category">Computer &amp; Photo</a></li>
							
							
								<li><a role="menuitem" id="sub-menu-18_14" href="http://shop.coles.com.au/online/national/stationery-media/computer-photo/accessories" title="Accessories">Accessories</a></li>
							
								<li><a role="menuitem" id="sub-menu-18_15" href="http://shop.coles.com.au/online/national/stationery-media/computer-photo/paper" title="Paper">Paper</a></li>
							
								<li><a role="menuitem" id="sub-menu-18_16" href="http://shop.coles.com.au/online/national/stationery-media/computer-photo/recordable-media" title="Recordable Media">Recordable Media</a></li>
							
							<li class="section"><a role="menuitem" id="sub-menu-18_17" href="http://shop.coles.com.au/online/national/stationery-media/magazines-section" title="Magazines sub category">Magazines</a></li>
							
							
								<li><a role="menuitem" id="sub-menu-18_18" href="http://shop.coles.com.au/online/national/stationery-media/magazines-section/childrens-teens" title="Childrens &amp; Teens">Childrens &amp; Teens</a></li>
							
								<li><a role="menuitem" id="sub-menu-18_19" href="http://shop.coles.com.au/online/national/stationery-media/magazines-section/computers" title="Computers">Computers</a></li>
							
								<li><a role="menuitem" id="sub-menu-18_20" href="http://shop.coles.com.au/online/national/stationery-media/magazines-section/cooking-magazines" title="Cooking Magazines">Cooking Magazines</a></li>
							
								<li><a role="menuitem" id="sub-menu-18_21" href="http://shop.coles.com.au/online/national/stationery-media/magazines-section/crafts-hobbies" title="Crafts &amp; Hobbies">Crafts &amp; Hobbies</a></li>
							
								<li><a role="menuitem" id="sub-menu-18_22" href="http://shop.coles.com.au/online/national/stationery-media/magazines-section/fashion-lifestyle" title="Fashion &amp; Lifestyle">Fashion &amp; Lifestyle</a></li>
							
								<li><a role="menuitem" id="sub-menu-18_23" href="http://shop.coles.com.au/online/national/stationery-media/magazines-section/fashion-lifestyle-magazines" title="Fashion &amp; Lifestyle Magazines">Fashion &amp; Lifestyle Magazines</a></li>
							
								<li><a role="menuitem" id="sub-menu-18_24" href="http://shop.coles.com.au/online/national/stationery-media/magazines-section/general-interest" title="General Interest">General Interest</a></li>
							
								<li><a role="menuitem" id="sub-menu-18_25" href="http://shop.coles.com.au/online/national/stationery-media/magazines-section/general-interest-magazines" title="General Interest Magazines">General Interest Magazines</a></li>
							
								<li><a role="menuitem" id="sub-menu-18_26" href="http://shop.coles.com.au/online/national/stationery-media/magazines-section/home-magazines" title="Home Magazines">Home Magazines</a></li>
							
								<li><a role="menuitem" id="sub-menu-18_27" href="http://shop.coles.com.au/online/national/stationery-media/magazines-section/motoring-magazines" title="Motoring Magazines">Motoring Magazines</a></li>
							
								<li><a role="menuitem" id="sub-menu-18_28" href="http://shop.coles.com.au/online/national/stationery-media/magazines-section/sport" title="Sport">Sport</a></li>
							
								<li><a role="menuitem" id="sub-menu-18_29" href="http://shop.coles.com.au/online/national/stationery-media/magazines-section/sports-magazines" title="Sports Magazines">Sports Magazines</a></li>
							
								<li><a role="menuitem" id="sub-menu-18_30" href="http://shop.coles.com.au/online/national/stationery-media/magazines-section/tv-magazines" title="TV Magazines">TV Magazines</a></li>
							
							<li class="section"><a role="menuitem" id="sub-menu-18_31" href="http://shop.coles.com.au/online/national/stationery-media/stationery" title="Stationery sub category">Stationery</a></li>
							
							
								<li><a role="menuitem" id="sub-menu-18_32" href="http://shop.coles.com.au/online/national/stationery-media/stationery/backpack" title="Backpack">Backpack</a></li>
							
								<li><a role="menuitem" id="sub-menu-18_33" href="http://shop.coles.com.au/online/national/stationery-media/stationery/cards" title="Cards">Cards</a></li>
							
								<li><a role="menuitem" id="sub-menu-18_34" href="http://shop.coles.com.au/online/national/stationery-media/stationery/diaries-notebooks" title="Diaries &amp; Notebooks">Diaries &amp; Notebooks</a></li>
							
								<li><a role="menuitem" id="sub-menu-18_35" href="http://shop.coles.com.au/online/national/stationery-media/stationery/folders-binders" title="Folders &amp; Binders">Folders &amp; Binders</a></li>
							
								<li><a role="menuitem" id="sub-menu-18_36" href="http://shop.coles.com.au/online/national/stationery-media/stationery/paper-books" title="Paper &amp; Books">Paper &amp; Books</a></li>
							
								<li><a role="menuitem" id="sub-menu-18_37" href="http://shop.coles.com.au/online/national/stationery-media/stationery/pencil-cases" title="Pencil Cases">Pencil Cases</a></li>
							
								<li><a role="menuitem" id="sub-menu-18_38" href="http://shop.coles.com.au/online/national/stationery-media/stationery/refills" title="Refills">Refills</a></li>
							
								<li><a role="menuitem" id="sub-menu-18_39" href="http://shop.coles.com.au/online/national/stationery-media/stationery/rulers-calculators" title="Rulers &amp; Calculators">Rulers &amp; Calculators</a></li>
							
								<li><a role="menuitem" id="sub-menu-18_40" href="http://shop.coles.com.au/online/national/stationery-media/stationery/writing" title="Writing">Writing</a></li>
							
							<li class="section"><a role="menuitem" id="sub-menu-18_41" href="http://shop.coles.com.au/online/national/stationery-media/toys-games-section" title="Toys &amp; Games sub category">Toys &amp; Games</a></li>
							
							
								<li><a role="menuitem" id="sub-menu-18_42" href="http://shop.coles.com.au/online/national/stationery-media/toys-games-section/games-section" title="Games">Games</a></li>
							
								<li><a role="menuitem" id="sub-menu-18_43" href="http://shop.coles.com.au/online/national/stationery-media/toys-games-section/sports-outdoors-section" title="Sports &amp; Outdoors">Sports &amp; Outdoors</a></li>
							
								<li><a role="menuitem" id="sub-menu-18_44" href="http://shop.coles.com.au/online/national/stationery-media/toys-games-section/toys-section" title="Toys">Toys</a></li>
							
					</ul>
				</div>							
											
			</li>									
		
			
			<li>
				
							
					<a role="menuitem" id="aisleMenu_19" aria-haspopup="true" href="http://shop.coles.com.au/online/national/clothing" class="aisle" title="Browse the Clothing aisle">
						Clothing <span>→</span>
					</a>
					
					<div id="menu-19" class="column-list clearfix" data-rows="22" role="navigation">
						<h2>
							<a role="menuitem" id="sub-menu-19_0" class="subCatHeader" title="Clothing Category" href="http://shop.coles.com.au/online/national/clothing">
								Clothing
							</a>
							<span class="aisle-search">&nbsp;
								<a role="menuitem" id="sub-menu-19_1" class="browseAllSubCategory" href="http://shop.coles.com.au/online/national/clothing/clothing" title="Browse all items">
								 Browse all items<span>→</span>
								</a>
							</span>
						</h2>
						
						
					<ul role="menu" id="sub-menu-19" data-col-items="menu-19" class="hidden">
						
							<li class="section"><a role="menuitem" id="sub-menu-19_2" href="http://shop.coles.com.au/online/national/clothing/baby-stuff" title="Baby &amp; Child sub category">Baby &amp; Child</a></li>
							
							
								<li><a role="menuitem" id="sub-menu-19_3" href="http://shop.coles.com.au/online/national/clothing/baby-stuff/baby-socks" title="Baby Socks">Baby Socks</a></li>
							
								<li><a role="menuitem" id="sub-menu-19_4" href="http://shop.coles.com.au/online/national/clothing/baby-stuff/bibs" title="Bibs &amp; Accessories">Bibs &amp; Accessories</a></li>
							
								<li><a role="menuitem" id="sub-menu-19_5" href="http://shop.coles.com.au/online/national/clothing/baby-stuff/boys-girls-socks" title="Boys &amp; Girls Socks">Boys &amp; Girls Socks</a></li>
							
								<li><a role="menuitem" id="sub-menu-19_6" href="http://shop.coles.com.au/online/national/clothing/baby-stuff/boys-girls-underwear" title="Boys &amp; Girls Underwear">Boys &amp; Girls Underwear</a></li>
							
							<li class="section"><a role="menuitem" id="sub-menu-19_7" href="http://shop.coles.com.au/online/national/clothing/footwear" title="Footwear sub category">Footwear</a></li>
							
							
								<li><a role="menuitem" id="sub-menu-19_8" href="http://shop.coles.com.au/online/national/clothing/footwear/brushes-accessories" title="Brushes &amp; Accessories">Brushes &amp; Accessories</a></li>
							
								<li><a role="menuitem" id="sub-menu-19_9" href="http://shop.coles.com.au/online/national/clothing/footwear/insoles" title="Insoles">Insoles</a></li>
							
								<li><a role="menuitem" id="sub-menu-19_10" href="http://shop.coles.com.au/online/national/clothing/footwear/odour-control" title="Odour Control">Odour Control</a></li>
							
								<li><a role="menuitem" id="sub-menu-19_11" href="http://shop.coles.com.au/online/national/clothing/footwear/shoe-laces" title="Shoe Laces">Shoe Laces</a></li>
							
								<li><a role="menuitem" id="sub-menu-19_12" href="http://shop.coles.com.au/online/national/clothing/footwear/shoe-polish" title="Shoe Polish">Shoe Polish</a></li>
							
							<li class="section"><a role="menuitem" id="sub-menu-19_13" href="http://shop.coles.com.au/online/national/clothing/hosiery" title="Hosiery sub category">Hosiery</a></li>
							
							
								<li><a role="menuitem" id="sub-menu-19_14" href="http://shop.coles.com.au/online/national/clothing/hosiery/anklets" title="Anklets">Anklets</a></li>
							
								<li><a role="menuitem" id="sub-menu-19_15" href="http://shop.coles.com.au/online/national/clothing/hosiery/knee-highs" title="Knee Highs">Knee Highs</a></li>
							
								<li><a role="menuitem" id="sub-menu-19_16" href="http://shop.coles.com.au/online/national/clothing/hosiery/opaques-tights" title="Opaques &amp; Tights">Opaques &amp; Tights</a></li>
							
								<li><a role="menuitem" id="sub-menu-19_17" href="http://shop.coles.com.au/online/national/clothing/hosiery/pantyhose" title="Pantyhose">Pantyhose</a></li>
							
							<li class="section"><a role="menuitem" id="sub-menu-19_18" href="http://shop.coles.com.au/online/national/clothing/mens" title="Mens sub category">Mens</a></li>
							
							
								<li><a role="menuitem" id="sub-menu-19_19" href="http://shop.coles.com.au/online/national/clothing/mens/mens-socks" title="Men's Socks">Men's Socks</a></li>
							
								<li><a role="menuitem" id="sub-menu-19_20" href="http://shop.coles.com.au/online/national/clothing/mens/mens-underwear" title="Men's Underwear">Men's Underwear</a></li>
							
							<li class="section"><a role="menuitem" id="sub-menu-19_21" href="http://shop.coles.com.au/online/national/clothing/womens" title="Womens sub category">Womens</a></li>
							
							
								<li><a role="menuitem" id="sub-menu-19_22" href="http://shop.coles.com.au/online/national/clothing/womens/womens-accessories" title="Women's Accessories">Women's Accessories</a></li>
							
								<li><a role="menuitem" id="sub-menu-19_23" href="http://shop.coles.com.au/online/national/clothing/womens/womens-briefs" title="Women's Briefs">Women's Briefs</a></li>
							
								<li><a role="menuitem" id="sub-menu-19_24" href="http://shop.coles.com.au/online/national/clothing/womens/hoisery" title="Women's Hosiery">Women's Hosiery</a></li>
							
								<li><a role="menuitem" id="sub-menu-19_25" href="http://shop.coles.com.au/online/national/clothing/womens/womens-socks" title="Women's Socks">Women's Socks</a></li>
							
					</ul>
				</div>							
											
			</li>									
		
			
			<li>
				
							
					<a role="menuitem" id="aisleMenu_20" aria-haspopup="true" href="http://shop.coles.com.au/online/national/tobacco" class="aisle" title="Browse the Tobacco aisle">
						Tobacco <span>→</span>
					</a>
					
					<div id="menu-20" class="column-list clearfix" data-rows="22" role="navigation">
						<h2>
							<a role="menuitem" id="sub-menu-20_0" class="subCatHeader" title="Tobacco Category" href="http://shop.coles.com.au/online/national/tobacco">
								Tobacco
							</a>
							<span class="aisle-search">&nbsp;
								<a role="menuitem" id="sub-menu-20_1" class="browseAllSubCategory" href="http://shop.coles.com.au/online/national/tobacco/tobacco" title="Browse all items">
								 Browse all items<span>→</span>
								</a>
							</span>
						</h2>
						
						
					<ul role="menu" id="sub-menu-20" data-col-items="menu-20" class="hidden">
						
							<li class="section"><a role="menuitem" id="sub-menu-20_2" href="http://shop.coles.com.au/online/national/tobacco/tobacco--cigarettes-cigars" title="Tobacco, Cigarettes &amp; Cigars sub category">Tobacco, Cigarettes &amp; Cigars</a></li>
							
							
								<li><a role="menuitem" id="sub-menu-20_3" href="http://shop.coles.com.au/online/national/tobacco/tobacco--cigarettes-cigars/cigarettes" title="Cigarettes">Cigarettes</a></li>
							
								<li><a role="menuitem" id="sub-menu-20_4" href="http://shop.coles.com.au/online/national/tobacco/tobacco--cigarettes-cigars/papers-filters" title="Papers &amp; Filters">Papers &amp; Filters</a></li>
							
								<li><a role="menuitem" id="sub-menu-20_5" href="http://shop.coles.com.au/online/national/tobacco/tobacco--cigarettes-cigars/cigars" title="Cigars">Cigars</a></li>
							
								<li><a role="menuitem" id="sub-menu-20_6" href="http://shop.coles.com.au/online/national/tobacco/tobacco--cigarettes-cigars/loose-tobacco" title="Loose Tobacco">Loose Tobacco</a></li>
							
								<li><a role="menuitem" id="sub-menu-20_7" href="http://shop.coles.com.au/online/national/tobacco/tobacco--cigarettes-cigars/quit-smoking" title="Quit Smoking">Quit Smoking</a></li>
							
								<li><a role="menuitem" id="sub-menu-20_8" href="http://shop.coles.com.au/online/national/tobacco/tobacco--cigarettes-cigars/lighters-matches" title="Lighters &amp; Matches">Lighters &amp; Matches</a></li>
							
					</ul>
				</div>							
											
			</li>									
		
	</ul>
</div>

		<form id="search" name="search" action="http://shop.coles.com.au/online/SearchDisplay?pageView=image&amp;catalogId=10576&amp;beginIndex=0&amp;langId=-1&amp;storeId=10601" method="get" role="search">
			<input type="hidden" name="storeId" value="10601" id="WC_CachedHeaderDisplay_FormInput_storeId_In_CatalogSearchForm_1">
			<input type="hidden" name="catalogId" value="10576" id="WC_CachedHeaderDisplay_FormInput_catalogId_In_CatalogSearchForm_1">
			<input type="hidden" name="langId" value="-1" id="WC_CachedHeaderDisplay_FormInput_langId_In_CatalogSearchForm_1">
			<input type="hidden" name="beginIndex" value="0" id="WC_CachedHeaderDisplay_FormInput_beginIndex_In_CatalogSearchForm_1">
			<input type="hidden" name="browseView" value="false" id="WC_CachedHeaderDisplay_FormInput_browseView_In_CatalogSearchForm_1">
			<input type="hidden" name="searchSource" value="Q" id="WC_CachedHeaderDisplay_FormInput_searchSource_In_CatalogSearchForm_1">
			<input type="hidden" name="sType" value="SimpleSearch" id="WC_CachedHeaderDisplay_FormInput_sType_In_CatalogSearchForm_1">
			<input type="hidden" name="resultCatEntryType" value="2" id="WC_CachedHeaderDisplay_FormInput_resultType_In_CatalogSearchForm_1">
			<input type="hidden" name="showResultsPage" value="true" id="WC_CachedHeaderDisplay_input_1">
			<input type="hidden" name="pageView" value="image" id="WC_CachedHeaderDisplay_input_2">
			<fieldset>
				<legend class="off-left">Search products form</legend>
				<div class="inputContainer" id="inputContainer" data-suggestionsview="" data-searchurl="http://shop.coles.com.au/online/SearchDisplay?pageView=image&amp;catalogId=10576&amp;beginIndex=0&amp;langId=-1&amp;storeId=10601" data-corename="MC_10001_CatalogEntry_en_US" data-serverurl="http://solrprd.cmltd.net.au:27920/solr/MC_10001_CatalogEntry_en_US" data-catalogid="10576" data-storeid="10601" data-langid="-1">
					<div class="v-holder">
						<label for="searchTerm" class="off-left">Search</label>
						<input id="searchTerm" class="keyword pred-search rounded" type="text" placeholder="Search for..." name="searchTerm" value="" size="40" maxlength="65" autocomplete="off"><div class="pred-menu hidden" aria-hidden="true"><ul></ul></div>
					</div>
				</div>
				<input class="btn-search btn-grey pred-search btn-disabled" type="submit" role="button" title="Search" value="Search" disabled="disabled">
			</fieldset>
		</form>
		

<div id="myAccount">
	
			<button href="#register" role="button" class="btn-grey popup-launch action-register" title="Register">Register</button>
			<button href="#logIn" role="button" class="btn-grey popup-launch action-login" title="Log in">Log in</button>
		
</div>

	</div>
</div>	

<form method="post" name="SubHeaderData" id="SubHeaderData" class="hidden" aria-hidden="true">
		
	<input type="hidden" name="suburb" value="">	
	<input type="hidden" name="postcode" value="">
	<input type="hidden" name="state" value="">	
	
</form>



<div id="statusBarContainer">
	<ul id="statusBar" class="rounded grad-aqua1">
		
		
						<li id="statusGuest">
							<p><a role="button" href="#localisation" class="btn-grey-dbl popup-launch action-localise" title="Tell us your location and get started!">Tell us your location and get started!</a></p>
						</li>
					

<li id="statusItems" class="grad-aqua2" data-refresh="{refreshNode:'statusBar',refreshId:'miniShopCart',storeId:'10601',urlLangId:'-1',catalogId:'10576', orderId:''}">
    
    <div id="statusItemsContent">
		
				<div class="title">No items:</div>
				<div class="statusItemsIcon"></div>
				<p>Your trolley is empty</p>
				
				<input id="lpCartQuantity" type="hidden" value="0">
				
	</div>
	<p>
		
	    <a href="#" id="viewTrolley" class="arrow action-show-viewTrolley" title="View trolley">View trolley</a>
	    
	</p>
</li>
<li id="statusItemsAdding" class="hidden" aria-hidden="true" data-refresh="{refreshNode:'statusBar',refreshId:'miniShopCart',storeId:'10601',urlLangId:'-1',catalogId:'10576',orderId:''}">
	<div class="statusItemsIcon"></div>
	<div class="loader">
		<div class="title">Adding to trolley</div>
	</div>
</li>
<li id="statusTotal" class="grad-aqua3" data-refresh="{refreshNode:'statusBar',refreshId:'miniShopCart',storeId:'10601',urlLangId:'-1',catalogId:'10576',orderId:''}" aria-live="polite">
	<div class="title">Total:</div>
	
			<p id="price" class="currency">
				<span>$</span>0.00
			</p>
			
			<input id="lpCartTotal" type="hidden" value="0">	
			
</li>
<li id="statusCheckout" class="rounded grad-aqua3" data-refresh="{refreshNode:'statusBar',refreshId:'miniShopCart',storeId:'10601',urlLangId:'-1',catalogId:'10576',orderId:''}">
	<p>
		<a role="button" href="http://shop.coles.com.au/online/TraditionalAjaxShippingDetailsURL?cmdStoreId=10401&amp;channel=BeginDesktopCheckout&amp;calculationUsageId=-1&amp;calculationUsageId=-7&amp;updatePrices=1&amp;catalogId=10576&amp;errorViewName=TraditionalAjaxShippingDetailsURL&amp;orderId=&amp;langId=-1&amp;storeId=10601&amp;flow=BeginCheckout&amp;doPrice=N&amp;URL=TraditionalAjaxShippingDetailsURL" class="btn-grey-dbl" id="ribbonCheckout" title=""><span>Go to checkout</span></a>
	</p>
	<div class="clear"></div>
</li>

<li id="LiStatusItemsMU" class="hidden" data-refresh="{refreshNode:'statusBar',refreshId:'miniShopCart',storeId:'10601',urlLangId:'-1',catalogId:'10576',orderId:''}">
	<div id="statusItemsMU">
		
	</div>
</li>

<li id="rightHandSideTrolley" class="accessibility" data-refresh="{refreshNode:'statusBar',refreshId:'miniShopCart',storeId:'10601',urlLangId:'-1',catalogId:'10576',orderId:''}">
	<!-- TODO: The value to be given by business -->


 
    <div role="presentation" aria-hidden="true" class="trolleyTab">
		<a role="button" href="#" id="viewTrolleyTab" tabindex="-1" class="action-show-viewTrolley">
			trolley
		</a>		
	</div>
</li>

	</ul>
</div>

	</div>
    <div class="headerBottom"><div class="pageBottom"><div></div></div></div>
</div>

		<div id="MessageArea" class="globalMessageArea" data-urls="{contactUsURL: 'http://shop.coles.com.au/online/national/contact-us', startShoppingURL: 'http://shop.coles.com.au/online/national', clickAndCollectURL: 'http://shop.coles.com.au/online/national/info/click-collect-locations'}">
			
		</div>
	
<div id="compare" class="panel" tabindex="-1" aria-hidden="true" style="height: 7px; min-height: 219px; top: 0px; ">
	<div class="compareZone clearfix" style="display: block; ">
		

<div data-refresh="{refreshId: 'compareZone', catalogId: '10576', storeId: '10601', langId: '-1'}" aria-live="polite">
	

	<div class="compareContent" style="max-height: none; ">
		<div class="close"><a href="#" class="linotype" title="Return to shopping">Close</a></div>
		
	</div>
</div>

	</div>
	<div class="compareShadow"></div>
	<a href="#" class="panelTab grad-aqua1 unopenable" title="Show/hide the product comparison panel"><span>Compare items <span class="counter">0</span></span></a>
</div>

				<div id="contentPane" class="clearfix" role="main">
					 

<div id="searchDisplay" class="" data-refresh="{refreshId:'searchView', productView:'list', orderBy:'10601_6', beginIndex:'300', pageSize:'100', storeId:'10601', catalogId:'10576', categoryId:'449563',topcategoryId:'',browseView:'true'}">
	
	<div id="pageHead" class="clearfix">
		

<div class="floatLeft">
<ul class="breadcrumb">
    
    <li><a href="http://shop.coles.com.au/online/national" title="Navigate to the homepage">Home</a> <span>→</span></li>
    
                                                <li>Fruit &amp; Vegetables</li>
                                            
</ul>
</div>
<div class="clear"></div>

		<div class="floatLeft">
			<h1 id="page-heading">
    			Fruit &amp; Vegetables

			</h1>
		</div>
	
			<div class="floatRight pageInfoRight">
				<label for="orderBy" class="label">Sort by:</label>
				<div class="sortOrder rounded">
					<select id="orderBy" title="Product sort order" name="orderBy">
						<option selected="selected" value="10601_6">Top products</option>
						<option value="10601_5">Specials first</option>
						<option value="10601_3">Lowest price first</option>
						<option value="10601_4">Lowest unit price first</option>
						<option value="1">A-Z (Brand)</option>
						<option value="2">A-Z (Product Name)</option>
					</select>
				</div>
				
                 
				<ul id="productView">
					<li class="grid viewSwitcher" data-view="grid">
						<a href="#" title="Display products in grid view">
							<span class="viewInfo ir">Switch to grid view</span>
						</a>
					</li>
					<li class="list viewSwitcher" data-view="list">
						<a href="#" title="Display products in list view" class="selected">
							<span class="viewInfo ir">Switch to list view</span>
						</a>
					</li>
					<li class="text viewSwitcher" data-view="text">
						<a href="#" title="Display products in text view">
							<span class="viewInfo ir">Switch to text view</span>
						</a>
					</li>
				</ul>
			</div>
		
	</div>

	<div class="messageArea"></div>
	
	
	<div class="localisation-disclaimer msg-warning">
		Prices and range may differ from region to region. <a href="#localisation" class="popup-launch" title="Tell us your location to see your local prices">Tell us your location to see your local prices</a>	
	</div>
	
			<div class="layout-20-80 clearfix">
				<div class="column-1">
					
<div class="plain-box">
	
	
	<h2 class="keywords">Narrow your search:</h2>
	<ul id="keywords" role="presentation">
		<li><a href="http://shop.coles.com.au/online/SearchDisplay?multiSearch=&amp;showResultsPage=true&amp;langId=-1&amp;beginIndex=300&amp;sType=SimpleSearch&amp;browseView=true&amp;pageSize=100&amp;resultCatEntryType=&amp;catalogId=10576&amp;pageView=image&amp;urlLangId=-1&amp;categoryId=449563&amp;storeId=10601" title="Reset all">Reset all</a></li>
		<li>
			<ul role="presentation">
			
		<li role="presentation">
			<h3>Category</h3>
			
					<a class="1" href="http://shop.coles.com.au/online/SearchDisplay?multiSearch=&amp;showResultsPage=true&amp;langId=-1&amp;beginIndex=300&amp;sType=SimpleSearch&amp;browseView=true&amp;pageSize=100&amp;resultCatEntryType=&amp;catalogId=10576&amp;pageView=image&amp;urlLangId=-1&amp;categoryId=449563&amp;storeId=10601" name="type-Category" title=""><span class="cat-facet">Show all</span>&nbsp;<span role="presentation" aria-hidden="true" class="cat-count">(380)</span><span class="cat-count accessibility">(380items)</span></a>
				
  			<ul>
	     		
							<li>
								
										<a href="http://shop.coles.com.au/online/SearchDisplay?searchTermScope=&amp;multiSearch=&amp;searchType=2&amp;maxPrice=&amp;showResultsPage=true&amp;langId=-1&amp;beginIndex=0&amp;sType=SimpleSearch&amp;browseView=true&amp;metaData=&amp;manufacturer=&amp;resultCatEntryType=&amp;catalogId=10576&amp;pageView=&amp;minPrice=&amp;urlLangId=-1&amp;categoryId=1566551&amp;storeId=10601" name="type-Category" title=""><span class="cat-facet">Salad Bowls &amp; Kits</span>&nbsp;<span role="presentation" aria-hidden="true" class="cat-count">(10)</span><span class="cat-count accessibility">(10items)</span></a>
									
							</li>
			     		
							<li>
								
										<a href="http://shop.coles.com.au/online/SearchDisplay?searchTermScope=&amp;multiSearch=&amp;searchType=2&amp;maxPrice=&amp;showResultsPage=true&amp;langId=-1&amp;beginIndex=0&amp;sType=SimpleSearch&amp;browseView=true&amp;metaData=&amp;manufacturer=&amp;resultCatEntryType=&amp;catalogId=10576&amp;pageView=&amp;minPrice=&amp;urlLangId=-1&amp;categoryId=1566576&amp;storeId=10601" name="type-Category" title=""><span class="cat-facet">Dressed Salads</span>&nbsp;<span role="presentation" aria-hidden="true" class="cat-count">(6)</span><span class="cat-count accessibility">(6items)</span></a>
									
							</li>
			     		
							<li>
								
										<a href="http://shop.coles.com.au/online/SearchDisplay?searchTermScope=&amp;multiSearch=&amp;searchType=2&amp;maxPrice=&amp;showResultsPage=true&amp;langId=-1&amp;beginIndex=0&amp;sType=SimpleSearch&amp;browseView=true&amp;metaData=&amp;manufacturer=&amp;resultCatEntryType=&amp;catalogId=10576&amp;pageView=&amp;minPrice=&amp;urlLangId=-1&amp;categoryId=1595064&amp;storeId=10601" name="type-Category" title=""><span class="cat-facet">Fresh Flowers</span>&nbsp;<span role="presentation" aria-hidden="true" class="cat-count">(10)</span><span class="cat-count accessibility">(10items)</span></a>
									
							</li>
			     		
							<li>
								
										<a href="http://shop.coles.com.au/online/SearchDisplay?searchTermScope=&amp;multiSearch=&amp;searchType=2&amp;maxPrice=&amp;showResultsPage=true&amp;langId=-1&amp;beginIndex=0&amp;sType=SimpleSearch&amp;browseView=true&amp;metaData=&amp;manufacturer=&amp;resultCatEntryType=&amp;catalogId=10576&amp;pageView=&amp;minPrice=&amp;urlLangId=-1&amp;categoryId=1595065&amp;storeId=10601" name="type-Category" title=""><span class="cat-facet">Flowers</span>&nbsp;<span role="presentation" aria-hidden="true" class="cat-count">(10)</span><span class="cat-count accessibility">(10items)</span></a>
									
							</li>
			     		
							<li>
								
										<a href="http://shop.coles.com.au/online/SearchDisplay?searchTermScope=&amp;multiSearch=&amp;searchType=2&amp;maxPrice=&amp;showResultsPage=true&amp;langId=-1&amp;beginIndex=0&amp;sType=SimpleSearch&amp;browseView=true&amp;metaData=&amp;manufacturer=&amp;resultCatEntryType=&amp;catalogId=10576&amp;pageView=&amp;minPrice=&amp;urlLangId=-1&amp;categoryId=449605&amp;storeId=10601" name="type-Category" title=""><span class="cat-facet">Nuts &amp; Dried Fruit</span>&nbsp;<span role="presentation" aria-hidden="true" class="cat-count">(38)</span><span class="cat-count accessibility">(38items)</span></a>
									
							</li>
			     		
							<li>
								
										<a href="http://shop.coles.com.au/online/SearchDisplay?searchTermScope=&amp;multiSearch=&amp;searchType=2&amp;maxPrice=&amp;showResultsPage=true&amp;langId=-1&amp;beginIndex=0&amp;sType=SimpleSearch&amp;browseView=true&amp;metaData=&amp;manufacturer=&amp;resultCatEntryType=&amp;catalogId=10576&amp;pageView=&amp;minPrice=&amp;urlLangId=-1&amp;categoryId=449646&amp;storeId=10601" name="type-Category" title=""><span class="cat-facet">Boxes Fruit &amp; Veg</span>&nbsp;<span role="presentation" aria-hidden="true" class="cat-count">(8)</span><span class="cat-count accessibility">(8items)</span></a>
									
							</li>
			     		
							<li>
								
										<a href="http://shop.coles.com.au/online/SearchDisplay?searchTermScope=&amp;multiSearch=&amp;searchType=2&amp;maxPrice=&amp;showResultsPage=true&amp;langId=-1&amp;beginIndex=0&amp;sType=SimpleSearch&amp;browseView=true&amp;metaData=&amp;manufacturer=&amp;resultCatEntryType=&amp;catalogId=10576&amp;pageView=&amp;minPrice=&amp;urlLangId=-1&amp;categoryId=449649&amp;storeId=10601" name="type-Category" title=""><span class="cat-facet">Fruit</span>&nbsp;<span role="presentation" aria-hidden="true" class="cat-count">(89)</span><span class="cat-count accessibility">(89items)</span></a>
									
							</li>
			     		
							<li>
								
										<a href="http://shop.coles.com.au/online/SearchDisplay?searchTermScope=&amp;multiSearch=&amp;searchType=2&amp;maxPrice=&amp;showResultsPage=true&amp;langId=-1&amp;beginIndex=0&amp;sType=SimpleSearch&amp;browseView=true&amp;metaData=&amp;manufacturer=&amp;resultCatEntryType=&amp;catalogId=10576&amp;pageView=&amp;minPrice=&amp;urlLangId=-1&amp;categoryId=449653&amp;storeId=10601" name="type-Category" title=""><span class="cat-facet">Salad &amp; Herbs</span>&nbsp;<span role="presentation" aria-hidden="true" class="cat-count">(60)</span><span class="cat-count accessibility">(60items)</span></a>
									
							</li>
			     		
							<li>
								
										<a href="http://shop.coles.com.au/online/SearchDisplay?searchTermScope=&amp;multiSearch=&amp;searchType=2&amp;maxPrice=&amp;showResultsPage=true&amp;langId=-1&amp;beginIndex=0&amp;sType=SimpleSearch&amp;browseView=true&amp;metaData=&amp;manufacturer=&amp;resultCatEntryType=&amp;catalogId=10576&amp;pageView=&amp;minPrice=&amp;urlLangId=-1&amp;categoryId=449705&amp;storeId=10601" name="type-Category" title=""><span class="cat-facet">Vegetables</span>&nbsp;<span role="presentation" aria-hidden="true" class="cat-count">(176)</span><span class="cat-count accessibility">(176items)</span></a>
									
							</li>
			     		
							<li>
								
										<a href="http://shop.coles.com.au/online/SearchDisplay?searchTermScope=&amp;multiSearch=&amp;searchType=2&amp;maxPrice=&amp;showResultsPage=true&amp;langId=-1&amp;beginIndex=0&amp;sType=SimpleSearch&amp;browseView=true&amp;metaData=&amp;manufacturer=&amp;resultCatEntryType=&amp;catalogId=10576&amp;pageView=&amp;minPrice=&amp;urlLangId=-1&amp;categoryId=449798&amp;storeId=10601" name="type-Category" title=""><span class="cat-facet">Coconuts</span>&nbsp;<span role="presentation" aria-hidden="true" class="cat-count">(2)</span><span class="cat-count accessibility">(2items)</span></a>
									
							</li>
			     		
				<li><a href="#" class="more" data-hidden-facets="{&quot;type&quot;:&quot;Category&quot;,&quot;facets&quot;:[{&quot;url&quot;:&quot;http://shop.coles.com.au/online/SearchDisplay?searchTermScope=&amp;multiSearch=&amp;searchType=2&amp;maxPrice=&amp;showResultsPage=true&amp;langId=-1&amp;beginIndex=0&amp;sType=SimpleSearch&amp;browseView=true&amp;metaData=&amp;manufacturer=&amp;resultCatEntryType=&amp;catalogId=10576&amp;pageView=&amp;minPrice=&amp;urlLangId=-1&amp;categoryId=449856&amp;storeId=10601&quot;,&quot;name&quot;:&quot;Pumpkin&quot;,&quot;count&quot;:&quot;6&quot;,&quot;className&quot;:&quot;&quot;},{&quot;url&quot;:&quot;http://shop.coles.com.au/online/SearchDisplay?searchTermScope=&amp;multiSearch=&amp;searchType=2&amp;maxPrice=&amp;showResultsPage=true&amp;langId=-1&amp;beginIndex=0&amp;sType=SimpleSearch&amp;browseView=true&amp;metaData=&amp;manufacturer=&amp;resultCatEntryType=&amp;catalogId=10576&amp;pageView=&amp;minPrice=&amp;urlLangId=-1&amp;categoryId=449892&amp;storeId=10601&quot;,&quot;name&quot;:&quot;Salad Dressing&quot;,&quot;count&quot;:&quot;3&quot;,&quot;className&quot;:&quot;&quot;},{&quot;url&quot;:&quot;http://shop.coles.com.au/online/SearchDisplay?searchTermScope=&amp;multiSearch=&amp;searchType=2&amp;maxPrice=&amp;showResultsPage=true&amp;langId=-1&amp;beginIndex=0&amp;sType=SimpleSearch&amp;browseView=true&amp;metaData=&amp;manufacturer=&amp;resultCatEntryType=&amp;catalogId=10576&amp;pageView=&amp;minPrice=&amp;urlLangId=-1&amp;categoryId=449905&amp;storeId=10601&quot;,&quot;name&quot;:&quot;Salad Bags&quot;,&quot;count&quot;:&quot;3&quot;,&quot;className&quot;:&quot;&quot;},{&quot;url&quot;:&quot;http://shop.coles.com.au/online/SearchDisplay?searchTermScope=&amp;multiSearch=&amp;searchType=2&amp;maxPrice=&amp;showResultsPage=true&amp;langId=-1&amp;beginIndex=0&amp;sType=SimpleSearch&amp;browseView=true&amp;metaData=&amp;manufacturer=&amp;resultCatEntryType=&amp;catalogId=10576&amp;pageView=&amp;minPrice=&amp;urlLangId=-1&amp;categoryId=450030&amp;storeId=10601&quot;,&quot;name&quot;:&quot;Celery&quot;,&quot;count&quot;:&quot;5&quot;,&quot;className&quot;:&quot;&quot;},{&quot;url&quot;:&quot;http://shop.coles.com.au/online/SearchDisplay?searchTermScope=&amp;multiSearch=&amp;searchType=2&amp;maxPrice=&amp;showResultsPage=true&amp;langId=-1&amp;beginIndex=0&amp;sType=SimpleSearch&amp;browseView=true&amp;metaData=&amp;manufacturer=&amp;resultCatEntryType=&amp;catalogId=10576&amp;pageView=&amp;minPrice=&amp;urlLangId=-1&amp;categoryId=450078&amp;storeId=10601&quot;,&quot;name&quot;:&quot;Beetroot&quot;,&quot;count&quot;:&quot;2&quot;,&quot;className&quot;:&quot;&quot;},{&quot;url&quot;:&quot;http://shop.coles.com.au/online/SearchDisplay?searchTermScope=&amp;multiSearch=&amp;searchType=2&amp;maxPrice=&amp;showResultsPage=true&amp;langId=-1&amp;beginIndex=0&amp;sType=SimpleSearch&amp;browseView=true&amp;metaData=&amp;manufacturer=&amp;resultCatEntryType=&amp;catalogId=10576&amp;pageView=&amp;minPrice=&amp;urlLangId=-1&amp;categoryId=450159&amp;storeId=10601&quot;,&quot;name&quot;:&quot;Rhubarb&quot;,&quot;count&quot;:&quot;1&quot;,&quot;className&quot;:&quot;&quot;},{&quot;url&quot;:&quot;http://shop.coles.com.au/online/SearchDisplay?searchTermScope=&amp;multiSearch=&amp;searchType=2&amp;maxPrice=&amp;showResultsPage=true&amp;langId=-1&amp;beginIndex=0&amp;sType=SimpleSearch&amp;browseView=true&amp;metaData=&amp;manufacturer=&amp;resultCatEntryType=&amp;catalogId=10576&amp;pageView=&amp;minPrice=&amp;urlLangId=-1&amp;categoryId=450328&amp;storeId=10601&quot;,&quot;name&quot;:&quot;Apples&quot;,&quot;count&quot;:&quot;7&quot;,&quot;className&quot;:&quot;&quot;},{&quot;url&quot;:&quot;http://shop.coles.com.au/online/SearchDisplay?searchTermScope=&amp;multiSearch=&amp;searchType=2&amp;maxPrice=&amp;showResultsPage=true&amp;langId=-1&amp;beginIndex=0&amp;sType=SimpleSearch&amp;browseView=true&amp;metaData=&amp;manufacturer=&amp;resultCatEntryType=&amp;catalogId=10576&amp;pageView=&amp;minPrice=&amp;urlLangId=-1&amp;categoryId=450332&amp;storeId=10601&quot;,&quot;name&quot;:&quot;Fresh Bananas&quot;,&quot;count&quot;:&quot;4&quot;,&quot;className&quot;:&quot;&quot;},{&quot;url&quot;:&quot;http://shop.coles.com.au/online/SearchDisplay?searchTermScope=&amp;multiSearch=&amp;searchType=2&amp;maxPrice=&amp;showResultsPage=true&amp;langId=-1&amp;beginIndex=0&amp;sType=SimpleSearch&amp;browseView=true&amp;metaData=&amp;manufacturer=&amp;resultCatEntryType=&amp;catalogId=10576&amp;pageView=&amp;minPrice=&amp;urlLangId=-1&amp;categoryId=450335&amp;storeId=10601&quot;,&quot;name&quot;:&quot;Oranges&quot;,&quot;count&quot;:&quot;5&quot;,&quot;className&quot;:&quot;&quot;},{&quot;url&quot;:&quot;http://shop.coles.com.au/online/SearchDisplay?searchTermScope=&amp;multiSearch=&amp;searchType=2&amp;maxPrice=&amp;showResultsPage=true&amp;langId=-1&amp;beginIndex=0&amp;sType=SimpleSearch&amp;browseView=true&amp;metaData=&amp;manufacturer=&amp;resultCatEntryType=&amp;catalogId=10576&amp;pageView=&amp;minPrice=&amp;urlLangId=-1&amp;categoryId=450339&amp;storeId=10601&quot;,&quot;name&quot;:&quot;Passionfruit&quot;,&quot;count&quot;:&quot;1&quot;,&quot;className&quot;:&quot;&quot;},{&quot;url&quot;:&quot;http://shop.coles.com.au/online/SearchDisplay?searchTermScope=&amp;multiSearch=&amp;searchType=2&amp;maxPrice=&amp;showResultsPage=true&amp;langId=-1&amp;beginIndex=0&amp;sType=SimpleSearch&amp;browseView=true&amp;metaData=&amp;manufacturer=&amp;resultCatEntryType=&amp;catalogId=10576&amp;pageView=&amp;minPrice=&amp;urlLangId=-1&amp;categoryId=450341&amp;storeId=10601&quot;,&quot;name&quot;:&quot;Mangoes&quot;,&quot;count&quot;:&quot;4&quot;,&quot;className&quot;:&quot;&quot;},{&quot;url&quot;:&quot;http://shop.coles.com.au/online/SearchDisplay?searchTermScope=&amp;multiSearch=&amp;searchType=2&amp;maxPrice=&amp;showResultsPage=true&amp;langId=-1&amp;beginIndex=0&amp;sType=SimpleSearch&amp;browseView=true&amp;metaData=&amp;manufacturer=&amp;resultCatEntryType=&amp;catalogId=10576&amp;pageView=&amp;minPrice=&amp;urlLangId=-1&amp;categoryId=450342&amp;storeId=10601&quot;,&quot;name&quot;:&quot;Peaches &amp; Nectarines&quot;,&quot;count&quot;:&quot;5&quot;,&quot;className&quot;:&quot;&quot;},{&quot;url&quot;:&quot;http://shop.coles.com.au/online/SearchDisplay?searchTermScope=&amp;multiSearch=&amp;searchType=2&amp;maxPrice=&amp;showResultsPage=true&amp;langId=-1&amp;beginIndex=0&amp;sType=SimpleSearch&amp;browseView=true&amp;metaData=&amp;manufacturer=&amp;resultCatEntryType=&amp;catalogId=10576&amp;pageView=&amp;minPrice=&amp;urlLangId=-1&amp;categoryId=450355&amp;storeId=10601&quot;,&quot;name&quot;:&quot;Corn&quot;,&quot;count&quot;:&quot;5&quot;,&quot;className&quot;:&quot;&quot;},{&quot;url&quot;:&quot;http://shop.coles.com.au/online/SearchDisplay?searchTermScope=&amp;multiSearch=&amp;searchType=2&amp;maxPrice=&amp;showResultsPage=true&amp;langId=-1&amp;beginIndex=0&amp;sType=SimpleSearch&amp;browseView=true&amp;metaData=&amp;manufacturer=&amp;resultCatEntryType=&amp;catalogId=10576&amp;pageView=&amp;minPrice=&amp;urlLangId=-1&amp;categoryId=450416&amp;storeId=10601&quot;,&quot;name&quot;:&quot;Sprouts&quot;,&quot;count&quot;:&quot;4&quot;,&quot;className&quot;:&quot;&quot;},{&quot;url&quot;:&quot;http://shop.coles.com.au/online/SearchDisplay?searchTermScope=&amp;multiSearch=&amp;searchType=2&amp;maxPrice=&amp;showResultsPage=true&amp;langId=-1&amp;beginIndex=0&amp;sType=SimpleSearch&amp;browseView=true&amp;metaData=&amp;manufacturer=&amp;resultCatEntryType=&amp;catalogId=10576&amp;pageView=&amp;minPrice=&amp;urlLangId=-1&amp;categoryId=450448&amp;storeId=10601&quot;,&quot;name&quot;:&quot;Fruit &amp; Veg Boxes&quot;,&quot;count&quot;:&quot;8&quot;,&quot;className&quot;:&quot;&quot;},{&quot;url&quot;:&quot;http://shop.coles.com.au/online/SearchDisplay?searchTermScope=&amp;multiSearch=&amp;searchType=2&amp;maxPrice=&amp;showResultsPage=true&amp;langId=-1&amp;beginIndex=0&amp;sType=SimpleSearch&amp;browseView=true&amp;metaData=&amp;manufacturer=&amp;resultCatEntryType=&amp;catalogId=10576&amp;pageView=&amp;minPrice=&amp;urlLangId=-1&amp;categoryId=450457&amp;storeId=10601&quot;,&quot;name&quot;:&quot;Capsicum &amp; Chillies&quot;,&quot;count&quot;:&quot;9&quot;,&quot;className&quot;:&quot;&quot;},{&quot;url&quot;:&quot;http://shop.coles.com.au/online/SearchDisplay?searchTermScope=&amp;multiSearch=&amp;searchType=2&amp;maxPrice=&amp;showResultsPage=true&amp;langId=-1&amp;beginIndex=0&amp;sType=SimpleSearch&amp;browseView=true&amp;metaData=&amp;manufacturer=&amp;resultCatEntryType=&amp;catalogId=10576&amp;pageView=&amp;minPrice=&amp;urlLangId=-1&amp;categoryId=450462&amp;storeId=10601&quot;,&quot;name&quot;:&quot;Mushrooms&quot;,&quot;count&quot;:&quot;13&quot;,&quot;className&quot;:&quot;&quot;},{&quot;url&quot;:&quot;http://shop.coles.com.au/online/SearchDisplay?searchTermScope=&amp;multiSearch=&amp;searchType=2&amp;maxPrice=&amp;showResultsPage=true&amp;langId=-1&amp;beginIndex=0&amp;sType=SimpleSearch&amp;browseView=true&amp;metaData=&amp;manufacturer=&amp;resultCatEntryType=&amp;catalogId=10576&amp;pageView=&amp;minPrice=&amp;urlLangId=-1&amp;categoryId=450490&amp;storeId=10601&quot;,&quot;name&quot;:&quot;Organic Vegetables&quot;,&quot;count&quot;:&quot;4&quot;,&quot;className&quot;:&quot;&quot;},{&quot;url&quot;:&quot;http://shop.coles.com.au/online/SearchDisplay?searchTermScope=&amp;multiSearch=&amp;searchType=2&amp;maxPrice=&amp;showResultsPage=true&amp;langId=-1&amp;beginIndex=0&amp;sType=SimpleSearch&amp;browseView=true&amp;metaData=&amp;manufacturer=&amp;resultCatEntryType=&amp;catalogId=10576&amp;pageView=&amp;minPrice=&amp;urlLangId=-1&amp;categoryId=450500&amp;storeId=10601&quot;,&quot;name&quot;:&quot;Pears&quot;,&quot;count&quot;:&quot;1&quot;,&quot;className&quot;:&quot;&quot;},{&quot;url&quot;:&quot;http://shop.coles.com.au/online/SearchDisplay?searchTermScope=&amp;multiSearch=&amp;searchType=2&amp;maxPrice=&amp;showResultsPage=true&amp;langId=-1&amp;beginIndex=0&amp;sType=SimpleSearch&amp;browseView=true&amp;metaData=&amp;manufacturer=&amp;resultCatEntryType=&amp;catalogId=10576&amp;pageView=&amp;minPrice=&amp;urlLangId=-1&amp;categoryId=450506&amp;storeId=10601&quot;,&quot;name&quot;:&quot;Berries &amp; Cherries&quot;,&quot;count&quot;:&quot;5&quot;,&quot;className&quot;:&quot;&quot;},{&quot;url&quot;:&quot;http://shop.coles.com.au/online/SearchDisplay?searchTermScope=&amp;multiSearch=&amp;searchType=2&amp;maxPrice=&amp;showResultsPage=true&amp;langId=-1&amp;beginIndex=0&amp;sType=SimpleSearch&amp;browseView=true&amp;metaData=&amp;manufacturer=&amp;resultCatEntryType=&amp;catalogId=10576&amp;pageView=&amp;minPrice=&amp;urlLangId=-1&amp;categoryId=450508&amp;storeId=10601&quot;,&quot;name&quot;:&quot;Grapes&quot;,&quot;count&quot;:&quot;8&quot;,&quot;className&quot;:&quot;&quot;},{&quot;url&quot;:&quot;http://shop.coles.com.au/online/SearchDisplay?searchTermScope=&amp;multiSearch=&amp;searchType=2&amp;maxPrice=&amp;showResultsPage=true&amp;langId=-1&amp;beginIndex=0&amp;sType=SimpleSearch&amp;browseView=true&amp;metaData=&amp;manufacturer=&amp;resultCatEntryType=&amp;catalogId=10576&amp;pageView=&amp;minPrice=&amp;urlLangId=-1&amp;categoryId=450512&amp;storeId=10601&quot;,&quot;name&quot;:&quot;Pineapples&quot;,&quot;count&quot;:&quot;3&quot;,&quot;className&quot;:&quot;&quot;},{&quot;url&quot;:&quot;http://shop.coles.com.au/online/SearchDisplay?searchTermScope=&amp;multiSearch=&amp;searchType=2&amp;maxPrice=&amp;showResultsPage=true&amp;langId=-1&amp;beginIndex=0&amp;sType=SimpleSearch&amp;browseView=true&amp;metaData=&amp;manufacturer=&amp;resultCatEntryType=&amp;catalogId=10576&amp;pageView=&amp;minPrice=&amp;urlLangId=-1&amp;categoryId=450520&amp;storeId=10601&quot;,&quot;name&quot;:&quot;Fresh Melons&quot;,&quot;count&quot;:&quot;7&quot;,&quot;className&quot;:&quot;&quot;},{&quot;url&quot;:&quot;http://shop.coles.com.au/online/SearchDisplay?searchTermScope=&amp;multiSearch=&amp;searchType=2&amp;maxPrice=&amp;showResultsPage=true&amp;langId=-1&amp;beginIndex=0&amp;sType=SimpleSearch&amp;browseView=true&amp;metaData=&amp;manufacturer=&amp;resultCatEntryType=&amp;catalogId=10576&amp;pageView=&amp;minPrice=&amp;urlLangId=-1&amp;categoryId=450522&amp;storeId=10601&quot;,&quot;name&quot;:&quot;Kiwi Fruit&quot;,&quot;count&quot;:&quot;3&quot;,&quot;className&quot;:&quot;&quot;},{&quot;url&quot;:&quot;http://shop.coles.com.au/online/SearchDisplay?searchTermScope=&amp;multiSearch=&amp;searchType=2&amp;maxPrice=&amp;showResultsPage=true&amp;langId=-1&amp;beginIndex=0&amp;sType=SimpleSearch&amp;browseView=true&amp;metaData=&amp;manufacturer=&amp;resultCatEntryType=&amp;catalogId=10576&amp;pageView=&amp;minPrice=&amp;urlLangId=-1&amp;categoryId=450577&amp;storeId=10601&quot;,&quot;name&quot;:&quot;Fresh Eggplant&quot;,&quot;count&quot;:&quot;2&quot;,&quot;className&quot;:&quot;&quot;},{&quot;url&quot;:&quot;http://shop.coles.com.au/online/SearchDisplay?searchTermScope=&amp;multiSearch=&amp;searchType=2&amp;maxPrice=&amp;showResultsPage=true&amp;langId=-1&amp;beginIndex=0&amp;sType=SimpleSearch&amp;browseView=true&amp;metaData=&amp;manufacturer=&amp;resultCatEntryType=&amp;catalogId=10576&amp;pageView=&amp;minPrice=&amp;urlLangId=-1&amp;categoryId=450598&amp;storeId=10601&quot;,&quot;name&quot;:&quot;Avocado&quot;,&quot;count&quot;:&quot;2&quot;,&quot;className&quot;:&quot;&quot;},{&quot;url&quot;:&quot;http://shop.coles.com.au/online/SearchDisplay?searchTermScope=&amp;multiSearch=&amp;searchType=2&amp;maxPrice=&amp;showResultsPage=true&amp;langId=-1&amp;beginIndex=0&amp;sType=SimpleSearch&amp;browseView=true&amp;metaData=&amp;manufacturer=&amp;resultCatEntryType=&amp;catalogId=10576&amp;pageView=&amp;minPrice=&amp;urlLangId=-1&amp;categoryId=450603&amp;storeId=10601&quot;,&quot;name&quot;:&quot;Asparagus &amp; Artichokes&quot;,&quot;count&quot;:&quot;1&quot;,&quot;className&quot;:&quot;&quot;},{&quot;url&quot;:&quot;http://shop.coles.com.au/online/SearchDisplay?searchTermScope=&amp;multiSearch=&amp;searchType=2&amp;maxPrice=&amp;showResultsPage=true&amp;langId=-1&amp;beginIndex=0&amp;sType=SimpleSearch&amp;browseView=true&amp;metaData=&amp;manufacturer=&amp;resultCatEntryType=&amp;catalogId=10576&amp;pageView=&amp;minPrice=&amp;urlLangId=-1&amp;categoryId=450626&amp;storeId=10601&quot;,&quot;name&quot;:&quot;Tropical &amp; Exotic Fruit&quot;,&quot;count&quot;:&quot;6&quot;,&quot;className&quot;:&quot;&quot;},{&quot;url&quot;:&quot;http://shop.coles.com.au/online/SearchDisplay?searchTermScope=&amp;multiSearch=&amp;searchType=2&amp;maxPrice=&amp;showResultsPage=true&amp;langId=-1&amp;beginIndex=0&amp;sType=SimpleSearch&amp;browseView=true&amp;metaData=&amp;manufacturer=&amp;resultCatEntryType=&amp;catalogId=10576&amp;pageView=&amp;minPrice=&amp;urlLangId=-1&amp;categoryId=450627&amp;storeId=10601&quot;,&quot;name&quot;:&quot;Cut Fruit&quot;,&quot;count&quot;:&quot;13&quot;,&quot;className&quot;:&quot;&quot;},{&quot;url&quot;:&quot;http://shop.coles.com.au/online/SearchDisplay?searchTermScope=&amp;multiSearch=&amp;searchType=2&amp;maxPrice=&amp;showResultsPage=true&amp;langId=-1&amp;beginIndex=0&amp;sType=SimpleSearch&amp;browseView=true&amp;metaData=&amp;manufacturer=&amp;resultCatEntryType=&amp;catalogId=10576&amp;pageView=&amp;minPrice=&amp;urlLangId=-1&amp;categoryId=450636&amp;storeId=10601&quot;,&quot;name&quot;:&quot;Tomatoes&quot;,&quot;count&quot;:&quot;17&quot;,&quot;className&quot;:&quot;&quot;},{&quot;url&quot;:&quot;http://shop.coles.com.au/online/SearchDisplay?searchTermScope=&amp;multiSearch=&amp;searchType=2&amp;maxPrice=&amp;showResultsPage=true&amp;langId=-1&amp;beginIndex=0&amp;sType=SimpleSearch&amp;browseView=true&amp;metaData=&amp;manufacturer=&amp;resultCatEntryType=&amp;catalogId=10576&amp;pageView=&amp;minPrice=&amp;urlLangId=-1&amp;categoryId=450640&amp;storeId=10601&quot;,&quot;name&quot;:&quot;Spinach &amp; Silverbeet&quot;,&quot;count&quot;:&quot;2&quot;,&quot;className&quot;:&quot;&quot;},{&quot;url&quot;:&quot;http://shop.coles.com.au/online/SearchDisplay?searchTermScope=&amp;multiSearch=&amp;searchType=2&amp;maxPrice=&amp;showResultsPage=true&amp;langId=-1&amp;beginIndex=0&amp;sType=SimpleSearch&amp;browseView=true&amp;metaData=&amp;manufacturer=&amp;resultCatEntryType=&amp;catalogId=10576&amp;pageView=&amp;minPrice=&amp;urlLangId=-1&amp;categoryId=450641&amp;storeId=10601&quot;,&quot;name&quot;:&quot;Carrots &amp; Parsnips&quot;,&quot;count&quot;:&quot;9&quot;,&quot;className&quot;:&quot;&quot;},{&quot;url&quot;:&quot;http://shop.coles.com.au/online/SearchDisplay?searchTermScope=&amp;multiSearch=&amp;searchType=2&amp;maxPrice=&amp;showResultsPage=true&amp;langId=-1&amp;beginIndex=0&amp;sType=SimpleSearch&amp;browseView=true&amp;metaData=&amp;manufacturer=&amp;resultCatEntryType=&amp;catalogId=10576&amp;pageView=&amp;minPrice=&amp;urlLangId=-1&amp;categoryId=450646&amp;storeId=10601&quot;,&quot;name&quot;:&quot;Broccoli &amp; Cauliflower&quot;,&quot;count&quot;:&quot;4&quot;,&quot;className&quot;:&quot;&quot;},{&quot;url&quot;:&quot;http://shop.coles.com.au/online/SearchDisplay?searchTermScope=&amp;multiSearch=&amp;searchType=2&amp;maxPrice=&amp;showResultsPage=true&amp;langId=-1&amp;beginIndex=0&amp;sType=SimpleSearch&amp;browseView=true&amp;metaData=&amp;manufacturer=&amp;resultCatEntryType=&amp;catalogId=10576&amp;pageView=&amp;minPrice=&amp;urlLangId=-1&amp;categoryId=450649&amp;storeId=10601&quot;,&quot;name&quot;:&quot;Cucumber&quot;,&quot;count&quot;:&quot;4&quot;,&quot;className&quot;:&quot;&quot;},{&quot;url&quot;:&quot;http://shop.coles.com.au/online/SearchDisplay?searchTermScope=&amp;multiSearch=&amp;searchType=2&amp;maxPrice=&amp;showResultsPage=true&amp;langId=-1&amp;beginIndex=0&amp;sType=SimpleSearch&amp;browseView=true&amp;metaData=&amp;manufacturer=&amp;resultCatEntryType=&amp;catalogId=10576&amp;pageView=&amp;minPrice=&amp;urlLangId=-1&amp;categoryId=450656&amp;storeId=10601&quot;,&quot;name&quot;:&quot;Herbs&quot;,&quot;count&quot;:&quot;34&quot;,&quot;className&quot;:&quot;&quot;},{&quot;url&quot;:&quot;http://shop.coles.com.au/online/SearchDisplay?searchTermScope=&amp;multiSearch=&amp;searchType=2&amp;maxPrice=&amp;showResultsPage=true&amp;langId=-1&amp;beginIndex=0&amp;sType=SimpleSearch&amp;browseView=true&amp;metaData=&amp;manufacturer=&amp;resultCatEntryType=&amp;catalogId=10576&amp;pageView=&amp;minPrice=&amp;urlLangId=-1&amp;categoryId=450668&amp;storeId=10601&quot;,&quot;name&quot;:&quot;Cut Vegetables&quot;,&quot;count&quot;:&quot;12&quot;,&quot;className&quot;:&quot;&quot;},{&quot;url&quot;:&quot;http://shop.coles.com.au/online/SearchDisplay?searchTermScope=&amp;multiSearch=&amp;searchType=2&amp;maxPrice=&amp;showResultsPage=true&amp;langId=-1&amp;beginIndex=0&amp;sType=SimpleSearch&amp;browseView=true&amp;metaData=&amp;manufacturer=&amp;resultCatEntryType=&amp;catalogId=10576&amp;pageView=&amp;minPrice=&amp;urlLangId=-1&amp;categoryId=450672&amp;storeId=10601&quot;,&quot;name&quot;:&quot;Bok Choy &amp; Asian Greens&quot;,&quot;count&quot;:&quot;5&quot;,&quot;className&quot;:&quot;&quot;},{&quot;url&quot;:&quot;http://shop.coles.com.au/online/SearchDisplay?searchTermScope=&amp;multiSearch=&amp;searchType=2&amp;maxPrice=&amp;showResultsPage=true&amp;langId=-1&amp;beginIndex=0&amp;sType=SimpleSearch&amp;browseView=true&amp;metaData=&amp;manufacturer=&amp;resultCatEntryType=&amp;catalogId=10576&amp;pageView=&amp;minPrice=&amp;urlLangId=-1&amp;categoryId=450675&amp;storeId=10601&quot;,&quot;name&quot;:&quot;Organic Fruit&quot;,&quot;count&quot;:&quot;3&quot;,&quot;className&quot;:&quot;&quot;},{&quot;url&quot;:&quot;http://shop.coles.com.au/online/SearchDisplay?searchTermScope=&amp;multiSearch=&amp;searchType=2&amp;maxPrice=&amp;showResultsPage=true&amp;langId=-1&amp;beginIndex=0&amp;sType=SimpleSearch&amp;browseView=true&amp;metaData=&amp;manufacturer=&amp;resultCatEntryType=&amp;catalogId=10576&amp;pageView=&amp;minPrice=&amp;urlLangId=-1&amp;categoryId=450699&amp;storeId=10601&quot;,&quot;name&quot;:&quot;Turnips &amp; Root Veg&quot;,&quot;count&quot;:&quot;4&quot;,&quot;className&quot;:&quot;&quot;},{&quot;url&quot;:&quot;http://shop.coles.com.au/online/SearchDisplay?searchTermScope=&amp;multiSearch=&amp;searchType=2&amp;maxPrice=&amp;showResultsPage=true&amp;langId=-1&amp;beginIndex=0&amp;sType=SimpleSearch&amp;browseView=true&amp;metaData=&amp;manufacturer=&amp;resultCatEntryType=&amp;catalogId=10576&amp;pageView=&amp;minPrice=&amp;urlLangId=-1&amp;categoryId=450707&amp;storeId=10601&quot;,&quot;name&quot;:&quot;Cabbage &amp; Brussel Sprouts&quot;,&quot;count&quot;:&quot;10&quot;,&quot;className&quot;:&quot;&quot;},{&quot;url&quot;:&quot;http://shop.coles.com.au/online/SearchDisplay?searchTermScope=&amp;multiSearch=&amp;searchType=2&amp;maxPrice=&amp;showResultsPage=true&amp;langId=-1&amp;beginIndex=0&amp;sType=SimpleSearch&amp;browseView=true&amp;metaData=&amp;manufacturer=&amp;resultCatEntryType=&amp;catalogId=10576&amp;pageView=&amp;minPrice=&amp;urlLangId=-1&amp;categoryId=450728&amp;storeId=10601&quot;,&quot;name&quot;:&quot;Zucchini &amp; Squash&quot;,&quot;count&quot;:&quot;3&quot;,&quot;className&quot;:&quot;&quot;},{&quot;url&quot;:&quot;http://shop.coles.com.au/online/SearchDisplay?searchTermScope=&amp;multiSearch=&amp;searchType=2&amp;maxPrice=&amp;showResultsPage=true&amp;langId=-1&amp;beginIndex=0&amp;sType=SimpleSearch&amp;browseView=true&amp;metaData=&amp;manufacturer=&amp;resultCatEntryType=&amp;catalogId=10576&amp;pageView=&amp;minPrice=&amp;urlLangId=-1&amp;categoryId=450732&amp;storeId=10601&quot;,&quot;name&quot;:&quot;Potatoes&quot;,&quot;count&quot;:&quot;22&quot;,&quot;className&quot;:&quot;&quot;},{&quot;url&quot;:&quot;http://shop.coles.com.au/online/SearchDisplay?searchTermScope=&amp;multiSearch=&amp;searchType=2&amp;maxPrice=&amp;showResultsPage=true&amp;langId=-1&amp;beginIndex=0&amp;sType=SimpleSearch&amp;browseView=true&amp;metaData=&amp;manufacturer=&amp;resultCatEntryType=&amp;catalogId=10576&amp;pageView=&amp;minPrice=&amp;urlLangId=-1&amp;categoryId=450736&amp;storeId=10601&quot;,&quot;name&quot;:&quot;Garlic &amp; Ginger&quot;,&quot;count&quot;:&quot;4&quot;,&quot;className&quot;:&quot;&quot;},{&quot;url&quot;:&quot;http://shop.coles.com.au/online/SearchDisplay?searchTermScope=&amp;multiSearch=&amp;searchType=2&amp;maxPrice=&amp;showResultsPage=true&amp;langId=-1&amp;beginIndex=0&amp;sType=SimpleSearch&amp;browseView=true&amp;metaData=&amp;manufacturer=&amp;resultCatEntryType=&amp;catalogId=10576&amp;pageView=&amp;minPrice=&amp;urlLangId=-1&amp;categoryId=450739&amp;storeId=10601&quot;,&quot;name&quot;:&quot;Peas &amp; Beans&quot;,&quot;count&quot;:&quot;6&quot;,&quot;className&quot;:&quot;&quot;},{&quot;url&quot;:&quot;http://shop.coles.com.au/online/SearchDisplay?searchTermScope=&amp;multiSearch=&amp;searchType=2&amp;maxPrice=&amp;showResultsPage=true&amp;langId=-1&amp;beginIndex=0&amp;sType=SimpleSearch&amp;browseView=true&amp;metaData=&amp;manufacturer=&amp;resultCatEntryType=&amp;catalogId=10576&amp;pageView=&amp;minPrice=&amp;urlLangId=-1&amp;categoryId=450740&amp;storeId=10601&quot;,&quot;name&quot;:&quot;Onion &amp; Leeks&quot;,&quot;count&quot;:&quot;7&quot;,&quot;className&quot;:&quot;&quot;},{&quot;url&quot;:&quot;http://shop.coles.com.au/online/SearchDisplay?searchTermScope=&amp;multiSearch=&amp;searchType=2&amp;maxPrice=&amp;showResultsPage=true&amp;langId=-1&amp;beginIndex=0&amp;sType=SimpleSearch&amp;browseView=true&amp;metaData=&amp;manufacturer=&amp;resultCatEntryType=&amp;catalogId=10576&amp;pageView=&amp;minPrice=&amp;urlLangId=-1&amp;categoryId=453586&amp;storeId=10601&quot;,&quot;name&quot;:&quot;Grapefruit&quot;,&quot;count&quot;:&quot;1&quot;,&quot;className&quot;:&quot;&quot;},{&quot;url&quot;:&quot;http://shop.coles.com.au/online/SearchDisplay?searchTermScope=&amp;multiSearch=&amp;searchType=2&amp;maxPrice=&amp;showResultsPage=true&amp;langId=-1&amp;beginIndex=0&amp;sType=SimpleSearch&amp;browseView=true&amp;metaData=&amp;manufacturer=&amp;resultCatEntryType=&amp;catalogId=10576&amp;pageView=&amp;minPrice=&amp;urlLangId=-1&amp;categoryId=453594&amp;storeId=10601&quot;,&quot;name&quot;:&quot;Mandarins&quot;,&quot;count&quot;:&quot;3&quot;,&quot;className&quot;:&quot;&quot;},{&quot;url&quot;:&quot;http://shop.coles.com.au/online/SearchDisplay?searchTermScope=&amp;multiSearch=&amp;searchType=2&amp;maxPrice=&amp;showResultsPage=true&amp;langId=-1&amp;beginIndex=0&amp;sType=SimpleSearch&amp;browseView=true&amp;metaData=&amp;manufacturer=&amp;resultCatEntryType=&amp;catalogId=10576&amp;pageView=&amp;minPrice=&amp;urlLangId=-1&amp;categoryId=453641&amp;storeId=10601&quot;,&quot;name&quot;:&quot;Lemons &amp; Limes&quot;,&quot;count&quot;:&quot;5&quot;,&quot;className&quot;:&quot;&quot;},{&quot;url&quot;:&quot;http://shop.coles.com.au/online/SearchDisplay?searchTermScope=&amp;multiSearch=&amp;searchType=2&amp;maxPrice=&amp;showResultsPage=true&amp;langId=-1&amp;beginIndex=0&amp;sType=SimpleSearch&amp;browseView=true&amp;metaData=&amp;manufacturer=&amp;resultCatEntryType=&amp;catalogId=10576&amp;pageView=&amp;minPrice=&amp;urlLangId=-1&amp;categoryId=453654&amp;storeId=10601&quot;,&quot;name&quot;:&quot;Lettuce&quot;,&quot;count&quot;:&quot;23&quot;,&quot;className&quot;:&quot;&quot;},{&quot;url&quot;:&quot;http://shop.coles.com.au/online/SearchDisplay?searchTermScope=&amp;multiSearch=&amp;searchType=2&amp;maxPrice=&amp;showResultsPage=true&amp;langId=-1&amp;beginIndex=0&amp;sType=SimpleSearch&amp;browseView=true&amp;metaData=&amp;manufacturer=&amp;resultCatEntryType=&amp;catalogId=10576&amp;pageView=&amp;minPrice=&amp;urlLangId=-1&amp;categoryId=453669&amp;storeId=10601&quot;,&quot;name&quot;:&quot;Nuts &amp; Snacks&quot;,&quot;count&quot;:&quot;31&quot;,&quot;className&quot;:&quot;&quot;},{&quot;url&quot;:&quot;http://shop.coles.com.au/online/SearchDisplay?searchTermScope=&amp;multiSearch=&amp;searchType=2&amp;maxPrice=&amp;showResultsPage=true&amp;langId=-1&amp;beginIndex=0&amp;sType=SimpleSearch&amp;browseView=true&amp;metaData=&amp;manufacturer=&amp;resultCatEntryType=&amp;catalogId=10576&amp;pageView=&amp;minPrice=&amp;urlLangId=-1&amp;categoryId=453670&amp;storeId=10601&quot;,&quot;name&quot;:&quot;Fruit &amp; Nut Blend&quot;,&quot;count&quot;:&quot;7&quot;,&quot;className&quot;:&quot;&quot;},{&quot;url&quot;:&quot;http://shop.coles.com.au/online/SearchDisplay?searchTermScope=&amp;multiSearch=&amp;searchType=2&amp;maxPrice=&amp;showResultsPage=true&amp;langId=-1&amp;beginIndex=0&amp;sType=SimpleSearch&amp;browseView=true&amp;metaData=&amp;manufacturer=&amp;resultCatEntryType=&amp;catalogId=10576&amp;pageView=&amp;minPrice=&amp;urlLangId=-1&amp;categoryId=453682&amp;storeId=10601&quot;,&quot;name&quot;:&quot;Plums &amp; Apricots&quot;,&quot;count&quot;:&quot;5&quot;,&quot;className&quot;:&quot;&quot;}]}" title="View other types">+  view 52 other types</a></li>
	     		
    		</ul>
		</li>
		
		<li role="presentation">
			<h3>Brand</h3>
			
					<a class="2" href="http://shop.coles.com.au/online/SearchDisplay?multiSearch=&amp;showResultsPage=true&amp;langId=-1&amp;beginIndex=300&amp;sType=SimpleSearch&amp;browseView=true&amp;pageSize=100&amp;resultCatEntryType=&amp;catalogId=10576&amp;pageView=image&amp;urlLangId=-1&amp;categoryId=449563&amp;storeId=10601" name="type-Brand" title=""><span class="cat-facet">Show all</span>&nbsp;<span role="presentation" aria-hidden="true" class="cat-count">(380)</span><span class="cat-count accessibility">(380items)</span></a>
				
  			<ul>
	     		
							<li>
								
										<a href="http://shop.coles.com.au/online/SearchDisplay?searchTermScope=&amp;multiSearch=&amp;searchType=2&amp;maxPrice=&amp;showResultsPage=true&amp;langId=-1&amp;beginIndex=0&amp;sType=SimpleSearch&amp;metaData=&amp;browseView=true&amp;manufacturer=&amp;resultCatEntryType=&amp;catalogId=10576&amp;pageView=&amp;facet=mfName_ntk_cs%253ABuderim&amp;minPrice=&amp;categoryId=449563&amp;storeId=10601" name="type-Brand" title=""><span class="cat-facet">Buderim</span>&nbsp;<span role="presentation" aria-hidden="true" class="cat-count">(1)</span><span class="cat-count accessibility">(1items)</span></a>
									
							</li>
			     		
							<li>
								
										<a href="http://shop.coles.com.au/online/SearchDisplay?searchTermScope=&amp;multiSearch=&amp;searchType=2&amp;maxPrice=&amp;showResultsPage=true&amp;langId=-1&amp;beginIndex=0&amp;sType=SimpleSearch&amp;metaData=&amp;browseView=true&amp;manufacturer=&amp;resultCatEntryType=&amp;catalogId=10576&amp;pageView=&amp;facet=mfName_ntk_cs%253ACasa%2BDi%2BNoci&amp;minPrice=&amp;categoryId=449563&amp;storeId=10601" name="type-Brand" title=""><span class="cat-facet">Casa Di Noci</span>&nbsp;<span role="presentation" aria-hidden="true" class="cat-count">(9)</span><span class="cat-count accessibility">(9items)</span></a>
									
							</li>
			     		
							<li>
								
										<a href="http://shop.coles.com.au/online/SearchDisplay?searchTermScope=&amp;multiSearch=&amp;searchType=2&amp;maxPrice=&amp;showResultsPage=true&amp;langId=-1&amp;beginIndex=0&amp;sType=SimpleSearch&amp;metaData=&amp;browseView=true&amp;manufacturer=&amp;resultCatEntryType=&amp;catalogId=10576&amp;pageView=&amp;facet=mfName_ntk_cs%253AColes&amp;minPrice=&amp;categoryId=449563&amp;storeId=10601" name="type-Brand" title=""><span class="cat-facet">Coles</span>&nbsp;<span role="presentation" aria-hidden="true" class="cat-count">(86)</span><span class="cat-count accessibility">(86items)</span></a>
									
							</li>
			     		
							<li>
								
										<a href="http://shop.coles.com.au/online/SearchDisplay?searchTermScope=&amp;multiSearch=&amp;searchType=2&amp;maxPrice=&amp;showResultsPage=true&amp;langId=-1&amp;beginIndex=0&amp;sType=SimpleSearch&amp;metaData=&amp;browseView=true&amp;manufacturer=&amp;resultCatEntryType=&amp;catalogId=10576&amp;pageView=&amp;facet=mfName_ntk_cs%253AColes%2BFresh&amp;minPrice=&amp;categoryId=449563&amp;storeId=10601" name="type-Brand" title=""><span class="cat-facet">Coles Fresh</span>&nbsp;<span role="presentation" aria-hidden="true" class="cat-count">(248)</span><span class="cat-count accessibility">(248items)</span></a>
									
							</li>
			     		
							<li>
								
										<a href="http://shop.coles.com.au/online/SearchDisplay?searchTermScope=&amp;multiSearch=&amp;searchType=2&amp;maxPrice=&amp;showResultsPage=true&amp;langId=-1&amp;beginIndex=0&amp;sType=SimpleSearch&amp;metaData=&amp;browseView=true&amp;manufacturer=&amp;resultCatEntryType=&amp;catalogId=10576&amp;pageView=&amp;facet=mfName_ntk_cs%253AColes%2BMade%2BEasy&amp;minPrice=&amp;categoryId=449563&amp;storeId=10601" name="type-Brand" title=""><span class="cat-facet">Coles Made Easy</span>&nbsp;<span role="presentation" aria-hidden="true" class="cat-count">(2)</span><span class="cat-count accessibility">(2items)</span></a>
									
							</li>
			     		
							<li>
								
										<a href="http://shop.coles.com.au/online/SearchDisplay?searchTermScope=&amp;multiSearch=&amp;searchType=2&amp;maxPrice=&amp;showResultsPage=true&amp;langId=-1&amp;beginIndex=0&amp;sType=SimpleSearch&amp;metaData=&amp;browseView=true&amp;manufacturer=&amp;resultCatEntryType=&amp;catalogId=10576&amp;pageView=&amp;facet=mfName_ntk_cs%253AGourmet%2BGarden&amp;minPrice=&amp;categoryId=449563&amp;storeId=10601" name="type-Brand" title=""><span class="cat-facet">Gourmet Garden</span>&nbsp;<span role="presentation" aria-hidden="true" class="cat-count">(20)</span><span class="cat-count accessibility">(20items)</span></a>
									
							</li>
			     		
							<li>
								
										<a href="http://shop.coles.com.au/online/SearchDisplay?searchTermScope=&amp;multiSearch=&amp;searchType=2&amp;maxPrice=&amp;showResultsPage=true&amp;langId=-1&amp;beginIndex=0&amp;sType=SimpleSearch&amp;metaData=&amp;browseView=true&amp;manufacturer=&amp;resultCatEntryType=&amp;catalogId=10576&amp;pageView=&amp;facet=mfName_ntk_cs%253AInspirations&amp;minPrice=&amp;categoryId=449563&amp;storeId=10601" name="type-Brand" title=""><span class="cat-facet">Inspirations</span>&nbsp;<span role="presentation" aria-hidden="true" class="cat-count">(4)</span><span class="cat-count accessibility">(4items)</span></a>
									
							</li>
			     		
							<li>
								
										<a href="http://shop.coles.com.au/online/SearchDisplay?searchTermScope=&amp;multiSearch=&amp;searchType=2&amp;maxPrice=&amp;showResultsPage=true&amp;langId=-1&amp;beginIndex=0&amp;sType=SimpleSearch&amp;metaData=&amp;browseView=true&amp;manufacturer=&amp;resultCatEntryType=&amp;catalogId=10576&amp;pageView=&amp;facet=mfName_ntk_cs%253ALove%2BBeets&amp;minPrice=&amp;categoryId=449563&amp;storeId=10601" name="type-Brand" title=""><span class="cat-facet">Love Beets</span>&nbsp;<span role="presentation" aria-hidden="true" class="cat-count">(2)</span><span class="cat-count accessibility">(2items)</span></a>
									
							</li>
			     		
							<li>
								
										<a href="http://shop.coles.com.au/online/SearchDisplay?searchTermScope=&amp;multiSearch=&amp;searchType=2&amp;maxPrice=&amp;showResultsPage=true&amp;langId=-1&amp;beginIndex=0&amp;sType=SimpleSearch&amp;metaData=&amp;browseView=true&amp;manufacturer=&amp;resultCatEntryType=&amp;catalogId=10576&amp;pageView=&amp;facet=mfName_ntk_cs%253ASeasonal&amp;minPrice=&amp;categoryId=449563&amp;storeId=10601" name="type-Brand" title=""><span class="cat-facet">Seasonal</span>&nbsp;<span role="presentation" aria-hidden="true" class="cat-count">(8)</span><span class="cat-count accessibility">(8items)</span></a>
									
							</li>
			     		
    		</ul>
		</li>
		
		<li role="presentation">
			<h3>Type</h3>
			
					<a class="2" href="http://shop.coles.com.au/online/SearchDisplay?multiSearch=&amp;showResultsPage=true&amp;langId=-1&amp;beginIndex=300&amp;sType=SimpleSearch&amp;browseView=true&amp;pageSize=100&amp;resultCatEntryType=&amp;catalogId=10576&amp;pageView=image&amp;urlLangId=-1&amp;categoryId=449563&amp;storeId=10601" name="type-Type" title=""><span class="cat-facet">Show all</span>&nbsp;<span role="presentation" aria-hidden="true" class="cat-count">(380)</span><span class="cat-count accessibility">(380items)</span></a>
				
  			<ul>
	     		
							<li>
								
										<a href="http://shop.coles.com.au/online/SearchDisplay?searchTermScope=&amp;multiSearch=&amp;searchType=2&amp;maxPrice=&amp;showResultsPage=true&amp;langId=-1&amp;beginIndex=0&amp;sType=SimpleSearch&amp;metaData=&amp;browseView=true&amp;manufacturer=&amp;resultCatEntryType=&amp;catalogId=10576&amp;pageView=&amp;facet=ads_f8_ntk_cs%253AAlmonds&amp;minPrice=&amp;categoryId=449563&amp;storeId=10601" name="type-Type" title=""><span class="cat-facet">Almonds</span>&nbsp;<span role="presentation" aria-hidden="true" class="cat-count">(4)</span><span class="cat-count accessibility">(4items)</span></a>
									
							</li>
			     		
							<li>
								
										<a href="http://shop.coles.com.au/online/SearchDisplay?searchTermScope=&amp;multiSearch=&amp;searchType=2&amp;maxPrice=&amp;showResultsPage=true&amp;langId=-1&amp;beginIndex=0&amp;sType=SimpleSearch&amp;metaData=&amp;browseView=true&amp;manufacturer=&amp;resultCatEntryType=&amp;catalogId=10576&amp;pageView=&amp;facet=ads_f8_ntk_cs%253AApricots&amp;minPrice=&amp;categoryId=449563&amp;storeId=10601" name="type-Type" title=""><span class="cat-facet">Apricots</span>&nbsp;<span role="presentation" aria-hidden="true" class="cat-count">(1)</span><span class="cat-count accessibility">(1items)</span></a>
									
							</li>
			     		
							<li>
								
										<a href="http://shop.coles.com.au/online/SearchDisplay?searchTermScope=&amp;multiSearch=&amp;searchType=2&amp;maxPrice=&amp;showResultsPage=true&amp;langId=-1&amp;beginIndex=0&amp;sType=SimpleSearch&amp;metaData=&amp;browseView=true&amp;manufacturer=&amp;resultCatEntryType=&amp;catalogId=10576&amp;pageView=&amp;facet=ads_f8_ntk_cs%253AAsian%2BGreens&amp;minPrice=&amp;categoryId=449563&amp;storeId=10601" name="type-Type" title=""><span class="cat-facet">Asian Greens</span>&nbsp;<span role="presentation" aria-hidden="true" class="cat-count">(4)</span><span class="cat-count accessibility">(4items)</span></a>
									
							</li>
			     		
							<li>
								
										<a href="http://shop.coles.com.au/online/SearchDisplay?searchTermScope=&amp;multiSearch=&amp;searchType=2&amp;maxPrice=&amp;showResultsPage=true&amp;langId=-1&amp;beginIndex=0&amp;sType=SimpleSearch&amp;metaData=&amp;browseView=true&amp;manufacturer=&amp;resultCatEntryType=&amp;catalogId=10576&amp;pageView=&amp;facet=ads_f8_ntk_cs%253AAsian%2BSalad&amp;minPrice=&amp;categoryId=449563&amp;storeId=10601" name="type-Type" title=""><span class="cat-facet">Asian Salad</span>&nbsp;<span role="presentation" aria-hidden="true" class="cat-count">(3)</span><span class="cat-count accessibility">(3items)</span></a>
									
							</li>
			     		
							<li>
								
										<a href="http://shop.coles.com.au/online/SearchDisplay?searchTermScope=&amp;multiSearch=&amp;searchType=2&amp;maxPrice=&amp;showResultsPage=true&amp;langId=-1&amp;beginIndex=0&amp;sType=SimpleSearch&amp;metaData=&amp;browseView=true&amp;manufacturer=&amp;resultCatEntryType=&amp;catalogId=10576&amp;pageView=&amp;facet=ads_f8_ntk_cs%253AAsparagus&amp;minPrice=&amp;categoryId=449563&amp;storeId=10601" name="type-Type" title=""><span class="cat-facet">Asparagus</span>&nbsp;<span role="presentation" aria-hidden="true" class="cat-count">(1)</span><span class="cat-count accessibility">(1items)</span></a>
									
							</li>
			     		
							<li>
								
										<a href="http://shop.coles.com.au/online/SearchDisplay?searchTermScope=&amp;multiSearch=&amp;searchType=2&amp;maxPrice=&amp;showResultsPage=true&amp;langId=-1&amp;beginIndex=0&amp;sType=SimpleSearch&amp;metaData=&amp;browseView=true&amp;manufacturer=&amp;resultCatEntryType=&amp;catalogId=10576&amp;pageView=&amp;facet=ads_f8_ntk_cs%253AAvocado&amp;minPrice=&amp;categoryId=449563&amp;storeId=10601" name="type-Type" title=""><span class="cat-facet">Avocado</span>&nbsp;<span role="presentation" aria-hidden="true" class="cat-count">(2)</span><span class="cat-count accessibility">(2items)</span></a>
									
							</li>
			     		
							<li>
								
										<a href="http://shop.coles.com.au/online/SearchDisplay?searchTermScope=&amp;multiSearch=&amp;searchType=2&amp;maxPrice=&amp;showResultsPage=true&amp;langId=-1&amp;beginIndex=0&amp;sType=SimpleSearch&amp;metaData=&amp;browseView=true&amp;manufacturer=&amp;resultCatEntryType=&amp;catalogId=10576&amp;pageView=&amp;facet=ads_f8_ntk_cs%253ABananas&amp;minPrice=&amp;categoryId=449563&amp;storeId=10601" name="type-Type" title=""><span class="cat-facet">Bananas</span>&nbsp;<span role="presentation" aria-hidden="true" class="cat-count">(4)</span><span class="cat-count accessibility">(4items)</span></a>
									
							</li>
			     		
							<li>
								
										<a href="http://shop.coles.com.au/online/SearchDisplay?searchTermScope=&amp;multiSearch=&amp;searchType=2&amp;maxPrice=&amp;showResultsPage=true&amp;langId=-1&amp;beginIndex=0&amp;sType=SimpleSearch&amp;metaData=&amp;browseView=true&amp;manufacturer=&amp;resultCatEntryType=&amp;catalogId=10576&amp;pageView=&amp;facet=ads_f8_ntk_cs%253ABeans&amp;minPrice=&amp;categoryId=449563&amp;storeId=10601" name="type-Type" title=""><span class="cat-facet">Beans</span>&nbsp;<span role="presentation" aria-hidden="true" class="cat-count">(2)</span><span class="cat-count accessibility">(2items)</span></a>
									
							</li>
			     		
							<li>
								
										<a href="http://shop.coles.com.au/online/SearchDisplay?searchTermScope=&amp;multiSearch=&amp;searchType=2&amp;maxPrice=&amp;showResultsPage=true&amp;langId=-1&amp;beginIndex=0&amp;sType=SimpleSearch&amp;metaData=&amp;browseView=true&amp;manufacturer=&amp;resultCatEntryType=&amp;catalogId=10576&amp;pageView=&amp;facet=ads_f8_ntk_cs%253ABeetroot&amp;minPrice=&amp;categoryId=449563&amp;storeId=10601" name="type-Type" title=""><span class="cat-facet">Beetroot</span>&nbsp;<span role="presentation" aria-hidden="true" class="cat-count">(4)</span><span class="cat-count accessibility">(4items)</span></a>
									
							</li>
			     		
							<li>
								
										<a href="http://shop.coles.com.au/online/SearchDisplay?searchTermScope=&amp;multiSearch=&amp;searchType=2&amp;maxPrice=&amp;showResultsPage=true&amp;langId=-1&amp;beginIndex=0&amp;sType=SimpleSearch&amp;metaData=&amp;browseView=true&amp;manufacturer=&amp;resultCatEntryType=&amp;catalogId=10576&amp;pageView=&amp;facet=ads_f8_ntk_cs%253ABlackberries&amp;minPrice=&amp;categoryId=449563&amp;storeId=10601" name="type-Type" title=""><span class="cat-facet">Blackberries</span>&nbsp;<span role="presentation" aria-hidden="true" class="cat-count">(1)</span><span class="cat-count accessibility">(1items)</span></a>
									
							</li>
			     		
				<li><a href="#" class="more" data-hidden-facets="{&quot;type&quot;:&quot;Type&quot;,&quot;facets&quot;:[{&quot;url&quot;:&quot;http://shop.coles.com.au/online/SearchDisplay?searchTermScope=&amp;multiSearch=&amp;searchType=2&amp;maxPrice=&amp;showResultsPage=true&amp;langId=-1&amp;beginIndex=0&amp;sType=SimpleSearch&amp;metaData=&amp;browseView=true&amp;manufacturer=&amp;resultCatEntryType=&amp;catalogId=10576&amp;pageView=&amp;facet=ads_f8_ntk_cs%253ABlueberries&amp;minPrice=&amp;categoryId=449563&amp;storeId=10601&quot;,&quot;name&quot;:&quot;Blueberries&quot;,&quot;count&quot;:&quot;1&quot;,&quot;className&quot;:&quot;&quot;},{&quot;url&quot;:&quot;http://shop.coles.com.au/online/SearchDisplay?searchTermScope=&amp;multiSearch=&amp;searchType=2&amp;maxPrice=&amp;showResultsPage=true&amp;langId=-1&amp;beginIndex=0&amp;sType=SimpleSearch&amp;metaData=&amp;browseView=true&amp;manufacturer=&amp;resultCatEntryType=&amp;catalogId=10576&amp;pageView=&amp;facet=ads_f8_ntk_cs%253ABrocolli&amp;minPrice=&amp;categoryId=449563&amp;storeId=10601&quot;,&quot;name&quot;:&quot;Brocolli&quot;,&quot;count&quot;:&quot;3&quot;,&quot;className&quot;:&quot;&quot;},{&quot;url&quot;:&quot;http://shop.coles.com.au/online/SearchDisplay?searchTermScope=&amp;multiSearch=&amp;searchType=2&amp;maxPrice=&amp;showResultsPage=true&amp;langId=-1&amp;beginIndex=0&amp;sType=SimpleSearch&amp;metaData=&amp;browseView=true&amp;manufacturer=&amp;resultCatEntryType=&amp;catalogId=10576&amp;pageView=&amp;facet=ads_f8_ntk_cs%253ABrown%2BMushrooms&amp;minPrice=&amp;categoryId=449563&amp;storeId=10601&quot;,&quot;name&quot;:&quot;Brown Mushrooms&quot;,&quot;count&quot;:&quot;3&quot;,&quot;className&quot;:&quot;&quot;},{&quot;url&quot;:&quot;http://shop.coles.com.au/online/SearchDisplay?searchTermScope=&amp;multiSearch=&amp;searchType=2&amp;maxPrice=&amp;showResultsPage=true&amp;langId=-1&amp;beginIndex=0&amp;sType=SimpleSearch&amp;metaData=&amp;browseView=true&amp;manufacturer=&amp;resultCatEntryType=&amp;catalogId=10576&amp;pageView=&amp;facet=ads_f8_ntk_cs%253ABrushed%2BPotatoes&amp;minPrice=&amp;categoryId=449563&amp;storeId=10601&quot;,&quot;name&quot;:&quot;Brushed Potatoes&quot;,&quot;count&quot;:&quot;6&quot;,&quot;className&quot;:&quot;&quot;},{&quot;url&quot;:&quot;http://shop.coles.com.au/online/SearchDisplay?searchTermScope=&amp;multiSearch=&amp;searchType=2&amp;maxPrice=&amp;showResultsPage=true&amp;langId=-1&amp;beginIndex=0&amp;sType=SimpleSearch&amp;metaData=&amp;browseView=true&amp;manufacturer=&amp;resultCatEntryType=&amp;catalogId=10576&amp;pageView=&amp;facet=ads_f8_ntk_cs%253ABrussels%2BSprouts&amp;minPrice=&amp;categoryId=449563&amp;storeId=10601&quot;,&quot;name&quot;:&quot;Brussels Sprouts&quot;,&quot;count&quot;:&quot;1&quot;,&quot;className&quot;:&quot;&quot;},{&quot;url&quot;:&quot;http://shop.coles.com.au/online/SearchDisplay?searchTermScope=&amp;multiSearch=&amp;searchType=2&amp;maxPrice=&amp;showResultsPage=true&amp;langId=-1&amp;beginIndex=0&amp;sType=SimpleSearch&amp;metaData=&amp;browseView=true&amp;manufacturer=&amp;resultCatEntryType=&amp;catalogId=10576&amp;pageView=&amp;facet=ads_f8_ntk_cs%253ACabbage&amp;minPrice=&amp;categoryId=449563&amp;storeId=10601&quot;,&quot;name&quot;:&quot;Cabbage&quot;,&quot;count&quot;:&quot;7&quot;,&quot;className&quot;:&quot;&quot;},{&quot;url&quot;:&quot;http://shop.coles.com.au/online/SearchDisplay?searchTermScope=&amp;multiSearch=&amp;searchType=2&amp;maxPrice=&amp;showResultsPage=true&amp;langId=-1&amp;beginIndex=0&amp;sType=SimpleSearch&amp;metaData=&amp;browseView=true&amp;manufacturer=&amp;resultCatEntryType=&amp;catalogId=10576&amp;pageView=&amp;facet=ads_f8_ntk_cs%253ACaesar%2BSalad&amp;minPrice=&amp;categoryId=449563&amp;storeId=10601&quot;,&quot;name&quot;:&quot;Caesar Salad&quot;,&quot;count&quot;:&quot;3&quot;,&quot;className&quot;:&quot;&quot;},{&quot;url&quot;:&quot;http://shop.coles.com.au/online/SearchDisplay?searchTermScope=&amp;multiSearch=&amp;searchType=2&amp;maxPrice=&amp;showResultsPage=true&amp;langId=-1&amp;beginIndex=0&amp;sType=SimpleSearch&amp;metaData=&amp;browseView=true&amp;manufacturer=&amp;resultCatEntryType=&amp;catalogId=10576&amp;pageView=&amp;facet=ads_f8_ntk_cs%253ACapsicum&amp;minPrice=&amp;categoryId=449563&amp;storeId=10601&quot;,&quot;name&quot;:&quot;Capsicum&quot;,&quot;count&quot;:&quot;5&quot;,&quot;className&quot;:&quot;&quot;},{&quot;url&quot;:&quot;http://shop.coles.com.au/online/SearchDisplay?searchTermScope=&amp;multiSearch=&amp;searchType=2&amp;maxPrice=&amp;showResultsPage=true&amp;langId=-1&amp;beginIndex=0&amp;sType=SimpleSearch&amp;metaData=&amp;browseView=true&amp;manufacturer=&amp;resultCatEntryType=&amp;catalogId=10576&amp;pageView=&amp;facet=ads_f8_ntk_cs%253ACarrots&amp;minPrice=&amp;categoryId=449563&amp;storeId=10601&quot;,&quot;name&quot;:&quot;Carrots&quot;,&quot;count&quot;:&quot;6&quot;,&quot;className&quot;:&quot;&quot;},{&quot;url&quot;:&quot;http://shop.coles.com.au/online/SearchDisplay?searchTermScope=&amp;multiSearch=&amp;searchType=2&amp;maxPrice=&amp;showResultsPage=true&amp;langId=-1&amp;beginIndex=0&amp;sType=SimpleSearch&amp;metaData=&amp;browseView=true&amp;manufacturer=&amp;resultCatEntryType=&amp;catalogId=10576&amp;pageView=&amp;facet=ads_f8_ntk_cs%253ACashews&amp;minPrice=&amp;categoryId=449563&amp;storeId=10601&quot;,&quot;name&quot;:&quot;Cashews&quot;,&quot;count&quot;:&quot;6&quot;,&quot;className&quot;:&quot;&quot;},{&quot;url&quot;:&quot;http://shop.coles.com.au/online/SearchDisplay?searchTermScope=&amp;multiSearch=&amp;searchType=2&amp;maxPrice=&amp;showResultsPage=true&amp;langId=-1&amp;beginIndex=0&amp;sType=SimpleSearch&amp;metaData=&amp;browseView=true&amp;manufacturer=&amp;resultCatEntryType=&amp;catalogId=10576&amp;pageView=&amp;facet=ads_f8_ntk_cs%253ACauliflower&amp;minPrice=&amp;categoryId=449563&amp;storeId=10601&quot;,&quot;name&quot;:&quot;Cauliflower&quot;,&quot;count&quot;:&quot;2&quot;,&quot;className&quot;:&quot;&quot;},{&quot;url&quot;:&quot;http://shop.coles.com.au/online/SearchDisplay?searchTermScope=&amp;multiSearch=&amp;searchType=2&amp;maxPrice=&amp;showResultsPage=true&amp;langId=-1&amp;beginIndex=0&amp;sType=SimpleSearch&amp;metaData=&amp;browseView=true&amp;manufacturer=&amp;resultCatEntryType=&amp;catalogId=10576&amp;pageView=&amp;facet=ads_f8_ntk_cs%253ACelery&amp;minPrice=&amp;categoryId=449563&amp;storeId=10601&quot;,&quot;name&quot;:&quot;Celery&quot;,&quot;count&quot;:&quot;5&quot;,&quot;className&quot;:&quot;&quot;},{&quot;url&quot;:&quot;http://shop.coles.com.au/online/SearchDisplay?searchTermScope=&amp;multiSearch=&amp;searchType=2&amp;maxPrice=&amp;showResultsPage=true&amp;langId=-1&amp;beginIndex=0&amp;sType=SimpleSearch&amp;metaData=&amp;browseView=true&amp;manufacturer=&amp;resultCatEntryType=&amp;catalogId=10576&amp;pageView=&amp;facet=ads_f8_ntk_cs%253ACherry%2B%2526%2BGrape%2BTomatoes&amp;minPrice=&amp;categoryId=449563&amp;storeId=10601&quot;,&quot;name&quot;:&quot;Cherry &amp; Grape Tomatoes&quot;,&quot;count&quot;:&quot;7&quot;,&quot;className&quot;:&quot;&quot;},{&quot;url&quot;:&quot;http://shop.coles.com.au/online/SearchDisplay?searchTermScope=&amp;multiSearch=&amp;searchType=2&amp;maxPrice=&amp;showResultsPage=true&amp;langId=-1&amp;beginIndex=0&amp;sType=SimpleSearch&amp;metaData=&amp;browseView=true&amp;manufacturer=&amp;resultCatEntryType=&amp;catalogId=10576&amp;pageView=&amp;facet=ads_f8_ntk_cs%253AChillies&amp;minPrice=&amp;categoryId=449563&amp;storeId=10601&quot;,&quot;name&quot;:&quot;Chillies&quot;,&quot;count&quot;:&quot;4&quot;,&quot;className&quot;:&quot;&quot;},{&quot;url&quot;:&quot;http://shop.coles.com.au/online/SearchDisplay?searchTermScope=&amp;multiSearch=&amp;searchType=2&amp;maxPrice=&amp;showResultsPage=true&amp;langId=-1&amp;beginIndex=0&amp;sType=SimpleSearch&amp;metaData=&amp;browseView=true&amp;manufacturer=&amp;resultCatEntryType=&amp;catalogId=10576&amp;pageView=&amp;facet=ads_f8_ntk_cs%253AColeslaw%2BSalad&amp;minPrice=&amp;categoryId=449563&amp;storeId=10601&quot;,&quot;name&quot;:&quot;Coleslaw Salad&quot;,&quot;count&quot;:&quot;1&quot;,&quot;className&quot;:&quot;&quot;},{&quot;url&quot;:&quot;http://shop.coles.com.au/online/SearchDisplay?searchTermScope=&amp;multiSearch=&amp;searchType=2&amp;maxPrice=&amp;showResultsPage=true&amp;langId=-1&amp;beginIndex=0&amp;sType=SimpleSearch&amp;metaData=&amp;browseView=true&amp;manufacturer=&amp;resultCatEntryType=&amp;catalogId=10576&amp;pageView=&amp;facet=ads_f8_ntk_cs%253ACorn&amp;minPrice=&amp;categoryId=449563&amp;storeId=10601&quot;,&quot;name&quot;:&quot;Corn&quot;,&quot;count&quot;:&quot;5&quot;,&quot;className&quot;:&quot;&quot;},{&quot;url&quot;:&quot;http://shop.coles.com.au/online/SearchDisplay?searchTermScope=&amp;multiSearch=&amp;searchType=2&amp;maxPrice=&amp;showResultsPage=true&amp;langId=-1&amp;beginIndex=0&amp;sType=SimpleSearch&amp;metaData=&amp;browseView=true&amp;manufacturer=&amp;resultCatEntryType=&amp;catalogId=10576&amp;pageView=&amp;facet=ads_f8_ntk_cs%253ACucumber&amp;minPrice=&amp;categoryId=449563&amp;storeId=10601&quot;,&quot;name&quot;:&quot;Cucumber&quot;,&quot;count&quot;:&quot;4&quot;,&quot;className&quot;:&quot;&quot;},{&quot;url&quot;:&quot;http://shop.coles.com.au/online/SearchDisplay?searchTermScope=&amp;multiSearch=&amp;searchType=2&amp;maxPrice=&amp;showResultsPage=true&amp;langId=-1&amp;beginIndex=0&amp;sType=SimpleSearch&amp;metaData=&amp;browseView=true&amp;manufacturer=&amp;resultCatEntryType=&amp;catalogId=10576&amp;pageView=&amp;facet=ads_f8_ntk_cs%253AEggplants&amp;minPrice=&amp;categoryId=449563&amp;storeId=10601&quot;,&quot;name&quot;:&quot;Eggplants&quot;,&quot;count&quot;:&quot;2&quot;,&quot;className&quot;:&quot;&quot;},{&quot;url&quot;:&quot;http://shop.coles.com.au/online/SearchDisplay?searchTermScope=&amp;multiSearch=&amp;searchType=2&amp;maxPrice=&amp;showResultsPage=true&amp;langId=-1&amp;beginIndex=0&amp;sType=SimpleSearch&amp;metaData=&amp;browseView=true&amp;manufacturer=&amp;resultCatEntryType=&amp;catalogId=10576&amp;pageView=&amp;facet=ads_f8_ntk_cs%253AExotic%2BMushrooms&amp;minPrice=&amp;categoryId=449563&amp;storeId=10601&quot;,&quot;name&quot;:&quot;Exotic Mushrooms&quot;,&quot;count&quot;:&quot;2&quot;,&quot;className&quot;:&quot;&quot;},{&quot;url&quot;:&quot;http://shop.coles.com.au/online/SearchDisplay?searchTermScope=&amp;multiSearch=&amp;searchType=2&amp;maxPrice=&amp;showResultsPage=true&amp;langId=-1&amp;beginIndex=0&amp;sType=SimpleSearch&amp;metaData=&amp;browseView=true&amp;manufacturer=&amp;resultCatEntryType=&amp;catalogId=10576&amp;pageView=&amp;facet=ads_f8_ntk_cs%253AGarlic&amp;minPrice=&amp;categoryId=449563&amp;storeId=10601&quot;,&quot;name&quot;:&quot;Garlic&quot;,&quot;count&quot;:&quot;5&quot;,&quot;className&quot;:&quot;&quot;},{&quot;url&quot;:&quot;http://shop.coles.com.au/online/SearchDisplay?searchTermScope=&amp;multiSearch=&amp;searchType=2&amp;maxPrice=&amp;showResultsPage=true&amp;langId=-1&amp;beginIndex=0&amp;sType=SimpleSearch&amp;metaData=&amp;browseView=true&amp;manufacturer=&amp;resultCatEntryType=&amp;catalogId=10576&amp;pageView=&amp;facet=ads_f8_ntk_cs%253AGrapes&amp;minPrice=&amp;categoryId=449563&amp;storeId=10601&quot;,&quot;name&quot;:&quot;Grapes&quot;,&quot;count&quot;:&quot;5&quot;,&quot;className&quot;:&quot;&quot;},{&quot;url&quot;:&quot;http://shop.coles.com.au/online/SearchDisplay?searchTermScope=&amp;multiSearch=&amp;searchType=2&amp;maxPrice=&amp;showResultsPage=true&amp;langId=-1&amp;beginIndex=0&amp;sType=SimpleSearch&amp;metaData=&amp;browseView=true&amp;manufacturer=&amp;resultCatEntryType=&amp;catalogId=10576&amp;pageView=&amp;facet=ads_f8_ntk_cs%253AGreen%2BApples&amp;minPrice=&amp;categoryId=449563&amp;storeId=10601&quot;,&quot;name&quot;:&quot;Green Apples&quot;,&quot;count&quot;:&quot;2&quot;,&quot;className&quot;:&quot;&quot;},{&quot;url&quot;:&quot;http://shop.coles.com.au/online/SearchDisplay?searchTermScope=&amp;multiSearch=&amp;searchType=2&amp;maxPrice=&amp;showResultsPage=true&amp;langId=-1&amp;beginIndex=0&amp;sType=SimpleSearch&amp;metaData=&amp;browseView=true&amp;manufacturer=&amp;resultCatEntryType=&amp;catalogId=10576&amp;pageView=&amp;facet=ads_f8_ntk_cs%253AHoneydew%2BMelon&amp;minPrice=&amp;categoryId=449563&amp;storeId=10601&quot;,&quot;name&quot;:&quot;Honeydew Melon&quot;,&quot;count&quot;:&quot;2&quot;,&quot;className&quot;:&quot;&quot;},{&quot;url&quot;:&quot;http://shop.coles.com.au/online/SearchDisplay?searchTermScope=&amp;multiSearch=&amp;searchType=2&amp;maxPrice=&amp;showResultsPage=true&amp;langId=-1&amp;beginIndex=0&amp;sType=SimpleSearch&amp;metaData=&amp;browseView=true&amp;manufacturer=&amp;resultCatEntryType=&amp;catalogId=10576&amp;pageView=&amp;facet=ads_f8_ntk_cs%253AKiwi%2BFruit&amp;minPrice=&amp;categoryId=449563&amp;storeId=10601&quot;,&quot;name&quot;:&quot;Kiwi Fruit&quot;,&quot;count&quot;:&quot;3&quot;,&quot;className&quot;:&quot;&quot;},{&quot;url&quot;:&quot;http://shop.coles.com.au/online/SearchDisplay?searchTermScope=&amp;multiSearch=&amp;searchType=2&amp;maxPrice=&amp;showResultsPage=true&amp;langId=-1&amp;beginIndex=0&amp;sType=SimpleSearch&amp;metaData=&amp;browseView=true&amp;manufacturer=&amp;resultCatEntryType=&amp;catalogId=10576&amp;pageView=&amp;facet=ads_f8_ntk_cs%253ALemons&amp;minPrice=&amp;categoryId=449563&amp;storeId=10601&quot;,&quot;name&quot;:&quot;Lemons&quot;,&quot;count&quot;:&quot;2&quot;,&quot;className&quot;:&quot;&quot;},{&quot;url&quot;:&quot;http://shop.coles.com.au/online/SearchDisplay?searchTermScope=&amp;multiSearch=&amp;searchType=2&amp;maxPrice=&amp;showResultsPage=true&amp;langId=-1&amp;beginIndex=0&amp;sType=SimpleSearch&amp;metaData=&amp;browseView=true&amp;manufacturer=&amp;resultCatEntryType=&amp;catalogId=10576&amp;pageView=&amp;facet=ads_f8_ntk_cs%253ALettuce&amp;minPrice=&amp;categoryId=449563&amp;storeId=10601&quot;,&quot;name&quot;:&quot;Lettuce&quot;,&quot;count&quot;:&quot;13&quot;,&quot;className&quot;:&quot;&quot;},{&quot;url&quot;:&quot;http://shop.coles.com.au/online/SearchDisplay?searchTermScope=&amp;multiSearch=&amp;searchType=2&amp;maxPrice=&amp;showResultsPage=true&amp;langId=-1&amp;beginIndex=0&amp;sType=SimpleSearch&amp;metaData=&amp;browseView=true&amp;manufacturer=&amp;resultCatEntryType=&amp;catalogId=10576&amp;pageView=&amp;facet=ads_f8_ntk_cs%253ALimes&amp;minPrice=&amp;categoryId=449563&amp;storeId=10601&quot;,&quot;name&quot;:&quot;Limes&quot;,&quot;count&quot;:&quot;2&quot;,&quot;className&quot;:&quot;&quot;},{&quot;url&quot;:&quot;http://shop.coles.com.au/online/SearchDisplay?searchTermScope=&amp;multiSearch=&amp;searchType=2&amp;maxPrice=&amp;showResultsPage=true&amp;langId=-1&amp;beginIndex=0&amp;sType=SimpleSearch&amp;metaData=&amp;browseView=true&amp;manufacturer=&amp;resultCatEntryType=&amp;catalogId=10576&amp;pageView=&amp;facet=ads_f8_ntk_cs%253AMacadamias&amp;minPrice=&amp;categoryId=449563&amp;storeId=10601&quot;,&quot;name&quot;:&quot;Macadamias&quot;,&quot;count&quot;:&quot;4&quot;,&quot;className&quot;:&quot;&quot;},{&quot;url&quot;:&quot;http://shop.coles.com.au/online/SearchDisplay?searchTermScope=&amp;multiSearch=&amp;searchType=2&amp;maxPrice=&amp;showResultsPage=true&amp;langId=-1&amp;beginIndex=0&amp;sType=SimpleSearch&amp;metaData=&amp;browseView=true&amp;manufacturer=&amp;resultCatEntryType=&amp;catalogId=10576&amp;pageView=&amp;facet=ads_f8_ntk_cs%253AMandarins&amp;minPrice=&amp;categoryId=449563&amp;storeId=10601&quot;,&quot;name&quot;:&quot;Mandarins&quot;,&quot;count&quot;:&quot;2&quot;,&quot;className&quot;:&quot;&quot;},{&quot;url&quot;:&quot;http://shop.coles.com.au/online/SearchDisplay?searchTermScope=&amp;multiSearch=&amp;searchType=2&amp;maxPrice=&amp;showResultsPage=true&amp;langId=-1&amp;beginIndex=0&amp;sType=SimpleSearch&amp;metaData=&amp;browseView=true&amp;manufacturer=&amp;resultCatEntryType=&amp;catalogId=10576&amp;pageView=&amp;facet=ads_f8_ntk_cs%253AMangoes&amp;minPrice=&amp;categoryId=449563&amp;storeId=10601&quot;,&quot;name&quot;:&quot;Mangoes&quot;,&quot;count&quot;:&quot;3&quot;,&quot;className&quot;:&quot;&quot;},{&quot;url&quot;:&quot;http://shop.coles.com.au/online/SearchDisplay?searchTermScope=&amp;multiSearch=&amp;searchType=2&amp;maxPrice=&amp;showResultsPage=true&amp;langId=-1&amp;beginIndex=0&amp;sType=SimpleSearch&amp;metaData=&amp;browseView=true&amp;manufacturer=&amp;resultCatEntryType=&amp;catalogId=10576&amp;pageView=&amp;facet=ads_f8_ntk_cs%253ANectarines&amp;minPrice=&amp;categoryId=449563&amp;storeId=10601&quot;,&quot;name&quot;:&quot;Nectarines&quot;,&quot;count&quot;:&quot;3&quot;,&quot;className&quot;:&quot;&quot;},{&quot;url&quot;:&quot;http://shop.coles.com.au/online/SearchDisplay?searchTermScope=&amp;multiSearch=&amp;searchType=2&amp;maxPrice=&amp;showResultsPage=true&amp;langId=-1&amp;beginIndex=0&amp;sType=SimpleSearch&amp;metaData=&amp;browseView=true&amp;manufacturer=&amp;resultCatEntryType=&amp;catalogId=10576&amp;pageView=&amp;facet=ads_f8_ntk_cs%253AOnions&amp;minPrice=&amp;categoryId=449563&amp;storeId=10601&quot;,&quot;name&quot;:&quot;Onions&quot;,&quot;count&quot;:&quot;6&quot;,&quot;className&quot;:&quot;&quot;},{&quot;url&quot;:&quot;http://shop.coles.com.au/online/SearchDisplay?searchTermScope=&amp;multiSearch=&amp;searchType=2&amp;maxPrice=&amp;showResultsPage=true&amp;langId=-1&amp;beginIndex=0&amp;sType=SimpleSearch&amp;metaData=&amp;browseView=true&amp;manufacturer=&amp;resultCatEntryType=&amp;catalogId=10576&amp;pageView=&amp;facet=ads_f8_ntk_cs%253AOranges&amp;minPrice=&amp;categoryId=449563&amp;storeId=10601&quot;,&quot;name&quot;:&quot;Oranges&quot;,&quot;count&quot;:&quot;5&quot;,&quot;className&quot;:&quot;&quot;},{&quot;url&quot;:&quot;http://shop.coles.com.au/online/SearchDisplay?searchTermScope=&amp;multiSearch=&amp;searchType=2&amp;maxPrice=&amp;showResultsPage=true&amp;langId=-1&amp;beginIndex=0&amp;sType=SimpleSearch&amp;metaData=&amp;browseView=true&amp;manufacturer=&amp;resultCatEntryType=&amp;catalogId=10576&amp;pageView=&amp;facet=ads_f8_ntk_cs%253AOther%2BSalad%2BDressings&amp;minPrice=&amp;categoryId=449563&amp;storeId=10601&quot;,&quot;name&quot;:&quot;Other Salad Dressings&quot;,&quot;count&quot;:&quot;2&quot;,&quot;className&quot;:&quot;&quot;},{&quot;url&quot;:&quot;http://shop.coles.com.au/online/SearchDisplay?searchTermScope=&amp;multiSearch=&amp;searchType=2&amp;maxPrice=&amp;showResultsPage=true&amp;langId=-1&amp;beginIndex=0&amp;sType=SimpleSearch&amp;metaData=&amp;browseView=true&amp;manufacturer=&amp;resultCatEntryType=&amp;catalogId=10576&amp;pageView=&amp;facet=ads_f8_ntk_cs%253APackaged%2BSalads&amp;minPrice=&amp;categoryId=449563&amp;storeId=10601&quot;,&quot;name&quot;:&quot;Packaged Salads&quot;,&quot;count&quot;:&quot;7&quot;,&quot;className&quot;:&quot;&quot;},{&quot;url&quot;:&quot;http://shop.coles.com.au/online/SearchDisplay?searchTermScope=&amp;multiSearch=&amp;searchType=2&amp;maxPrice=&amp;showResultsPage=true&amp;langId=-1&amp;beginIndex=0&amp;sType=SimpleSearch&amp;metaData=&amp;browseView=true&amp;manufacturer=&amp;resultCatEntryType=&amp;catalogId=10576&amp;pageView=&amp;facet=ads_f8_ntk_cs%253APasta%2B%2526%2BPotato%2BSalad&amp;minPrice=&amp;categoryId=449563&amp;storeId=10601&quot;,&quot;name&quot;:&quot;Pasta &amp; Potato Salad&quot;,&quot;count&quot;:&quot;2&quot;,&quot;className&quot;:&quot;&quot;},{&quot;url&quot;:&quot;http://shop.coles.com.au/online/SearchDisplay?searchTermScope=&amp;multiSearch=&amp;searchType=2&amp;maxPrice=&amp;showResultsPage=true&amp;langId=-1&amp;beginIndex=0&amp;sType=SimpleSearch&amp;metaData=&amp;browseView=true&amp;manufacturer=&amp;resultCatEntryType=&amp;catalogId=10576&amp;pageView=&amp;facet=ads_f8_ntk_cs%253APeaches&amp;minPrice=&amp;categoryId=449563&amp;storeId=10601&quot;,&quot;name&quot;:&quot;Peaches&quot;,&quot;count&quot;:&quot;2&quot;,&quot;className&quot;:&quot;&quot;},{&quot;url&quot;:&quot;http://shop.coles.com.au/online/SearchDisplay?searchTermScope=&amp;multiSearch=&amp;searchType=2&amp;maxPrice=&amp;showResultsPage=true&amp;langId=-1&amp;beginIndex=0&amp;sType=SimpleSearch&amp;metaData=&amp;browseView=true&amp;manufacturer=&amp;resultCatEntryType=&amp;catalogId=10576&amp;pageView=&amp;facet=ads_f8_ntk_cs%253APeanuts&amp;minPrice=&amp;categoryId=449563&amp;storeId=10601&quot;,&quot;name&quot;:&quot;Peanuts&quot;,&quot;count&quot;:&quot;2&quot;,&quot;className&quot;:&quot;&quot;},{&quot;url&quot;:&quot;http://shop.coles.com.au/online/SearchDisplay?searchTermScope=&amp;multiSearch=&amp;searchType=2&amp;maxPrice=&amp;showResultsPage=true&amp;langId=-1&amp;beginIndex=0&amp;sType=SimpleSearch&amp;metaData=&amp;browseView=true&amp;manufacturer=&amp;resultCatEntryType=&amp;catalogId=10576&amp;pageView=&amp;facet=ads_f8_ntk_cs%253APears&amp;minPrice=&amp;categoryId=449563&amp;storeId=10601&quot;,&quot;name&quot;:&quot;Pears&quot;,&quot;count&quot;:&quot;1&quot;,&quot;className&quot;:&quot;&quot;},{&quot;url&quot;:&quot;http://shop.coles.com.au/online/SearchDisplay?searchTermScope=&amp;multiSearch=&amp;searchType=2&amp;maxPrice=&amp;showResultsPage=true&amp;langId=-1&amp;beginIndex=0&amp;sType=SimpleSearch&amp;metaData=&amp;browseView=true&amp;manufacturer=&amp;resultCatEntryType=&amp;catalogId=10576&amp;pageView=&amp;facet=ads_f8_ntk_cs%253APineapple&amp;minPrice=&amp;categoryId=449563&amp;storeId=10601&quot;,&quot;name&quot;:&quot;Pineapple&quot;,&quot;count&quot;:&quot;5&quot;,&quot;className&quot;:&quot;&quot;},{&quot;url&quot;:&quot;http://shop.coles.com.au/online/SearchDisplay?searchTermScope=&amp;multiSearch=&amp;searchType=2&amp;maxPrice=&amp;showResultsPage=true&amp;langId=-1&amp;beginIndex=0&amp;sType=SimpleSearch&amp;metaData=&amp;browseView=true&amp;manufacturer=&amp;resultCatEntryType=&amp;catalogId=10576&amp;pageView=&amp;facet=ads_f8_ntk_cs%253APistachios&amp;minPrice=&amp;categoryId=449563&amp;storeId=10601&quot;,&quot;name&quot;:&quot;Pistachios&quot;,&quot;count&quot;:&quot;1&quot;,&quot;className&quot;:&quot;&quot;},{&quot;url&quot;:&quot;http://shop.coles.com.au/online/SearchDisplay?searchTermScope=&amp;multiSearch=&amp;searchType=2&amp;maxPrice=&amp;showResultsPage=true&amp;langId=-1&amp;beginIndex=0&amp;sType=SimpleSearch&amp;metaData=&amp;browseView=true&amp;manufacturer=&amp;resultCatEntryType=&amp;catalogId=10576&amp;pageView=&amp;facet=ads_f8_ntk_cs%253APlums&amp;minPrice=&amp;categoryId=449563&amp;storeId=10601&quot;,&quot;name&quot;:&quot;Plums&quot;,&quot;count&quot;:&quot;4&quot;,&quot;className&quot;:&quot;&quot;},{&quot;url&quot;:&quot;http://shop.coles.com.au/online/SearchDisplay?searchTermScope=&amp;multiSearch=&amp;searchType=2&amp;maxPrice=&amp;showResultsPage=true&amp;langId=-1&amp;beginIndex=0&amp;sType=SimpleSearch&amp;metaData=&amp;browseView=true&amp;manufacturer=&amp;resultCatEntryType=&amp;catalogId=10576&amp;pageView=&amp;facet=ads_f8_ntk_cs%253APumpkin&amp;minPrice=&amp;categoryId=449563&amp;storeId=10601&quot;,&quot;name&quot;:&quot;Pumpkin&quot;,&quot;count&quot;:&quot;6&quot;,&quot;className&quot;:&quot;&quot;},{&quot;url&quot;:&quot;http://shop.coles.com.au/online/SearchDisplay?searchTermScope=&amp;multiSearch=&amp;searchType=2&amp;maxPrice=&amp;showResultsPage=true&amp;langId=-1&amp;beginIndex=0&amp;sType=SimpleSearch&amp;metaData=&amp;browseView=true&amp;manufacturer=&amp;resultCatEntryType=&amp;catalogId=10576&amp;pageView=&amp;facet=ads_f8_ntk_cs%253ARaspberries&amp;minPrice=&amp;categoryId=449563&amp;storeId=10601&quot;,&quot;name&quot;:&quot;Raspberries&quot;,&quot;count&quot;:&quot;1&quot;,&quot;className&quot;:&quot;&quot;},{&quot;url&quot;:&quot;http://shop.coles.com.au/online/SearchDisplay?searchTermScope=&amp;multiSearch=&amp;searchType=2&amp;maxPrice=&amp;showResultsPage=true&amp;langId=-1&amp;beginIndex=0&amp;sType=SimpleSearch&amp;metaData=&amp;browseView=true&amp;manufacturer=&amp;resultCatEntryType=&amp;catalogId=10576&amp;pageView=&amp;facet=ads_f8_ntk_cs%253ARed%2BApples&amp;minPrice=&amp;categoryId=449563&amp;storeId=10601&quot;,&quot;name&quot;:&quot;Red Apples&quot;,&quot;count&quot;:&quot;5&quot;,&quot;className&quot;:&quot;&quot;},{&quot;url&quot;:&quot;http://shop.coles.com.au/online/SearchDisplay?searchTermScope=&amp;multiSearch=&amp;searchType=2&amp;maxPrice=&amp;showResultsPage=true&amp;langId=-1&amp;beginIndex=0&amp;sType=SimpleSearch&amp;metaData=&amp;browseView=true&amp;manufacturer=&amp;resultCatEntryType=&amp;catalogId=10576&amp;pageView=&amp;facet=ads_f8_ntk_cs%253ARhubarb&amp;minPrice=&amp;categoryId=449563&amp;storeId=10601&quot;,&quot;name&quot;:&quot;Rhubarb&quot;,&quot;count&quot;:&quot;1&quot;,&quot;className&quot;:&quot;&quot;},{&quot;url&quot;:&quot;http://shop.coles.com.au/online/SearchDisplay?searchTermScope=&amp;multiSearch=&amp;searchType=2&amp;maxPrice=&amp;showResultsPage=true&amp;langId=-1&amp;beginIndex=0&amp;sType=SimpleSearch&amp;metaData=&amp;browseView=true&amp;manufacturer=&amp;resultCatEntryType=&amp;catalogId=10576&amp;pageView=&amp;facet=ads_f8_ntk_cs%253ARockmelon&amp;minPrice=&amp;categoryId=449563&amp;storeId=10601&quot;,&quot;name&quot;:&quot;Rockmelon&quot;,&quot;count&quot;:&quot;3&quot;,&quot;className&quot;:&quot;&quot;},{&quot;url&quot;:&quot;http://shop.coles.com.au/online/SearchDisplay?searchTermScope=&amp;multiSearch=&amp;searchType=2&amp;maxPrice=&amp;showResultsPage=true&amp;langId=-1&amp;beginIndex=0&amp;sType=SimpleSearch&amp;metaData=&amp;browseView=true&amp;manufacturer=&amp;resultCatEntryType=&amp;catalogId=10576&amp;pageView=&amp;facet=ads_f8_ntk_cs%253ASprouts%2B%2526%2BShoots&amp;minPrice=&amp;categoryId=449563&amp;storeId=10601&quot;,&quot;name&quot;:&quot;Sprouts &amp; Shoots&quot;,&quot;count&quot;:&quot;4&quot;,&quot;className&quot;:&quot;&quot;},{&quot;url&quot;:&quot;http://shop.coles.com.au/online/SearchDisplay?searchTermScope=&amp;multiSearch=&amp;searchType=2&amp;maxPrice=&amp;showResultsPage=true&amp;langId=-1&amp;beginIndex=0&amp;sType=SimpleSearch&amp;metaData=&amp;browseView=true&amp;manufacturer=&amp;resultCatEntryType=&amp;catalogId=10576&amp;pageView=&amp;facet=ads_f8_ntk_cs%253AStrawberries&amp;minPrice=&amp;categoryId=449563&amp;storeId=10601&quot;,&quot;name&quot;:&quot;Strawberries&quot;,&quot;count&quot;:&quot;1&quot;,&quot;className&quot;:&quot;&quot;},{&quot;url&quot;:&quot;http://shop.coles.com.au/online/SearchDisplay?searchTermScope=&amp;multiSearch=&amp;searchType=2&amp;maxPrice=&amp;showResultsPage=true&amp;langId=-1&amp;beginIndex=0&amp;sType=SimpleSearch&amp;metaData=&amp;browseView=true&amp;manufacturer=&amp;resultCatEntryType=&amp;catalogId=10576&amp;pageView=&amp;facet=ads_f8_ntk_cs%253ASweet%2BPotato&amp;minPrice=&amp;categoryId=449563&amp;storeId=10601&quot;,&quot;name&quot;:&quot;Sweet Potato&quot;,&quot;count&quot;:&quot;4&quot;,&quot;className&quot;:&quot;&quot;},{&quot;url&quot;:&quot;http://shop.coles.com.au/online/SearchDisplay?searchTermScope=&amp;multiSearch=&amp;searchType=2&amp;maxPrice=&amp;showResultsPage=true&amp;langId=-1&amp;beginIndex=0&amp;sType=SimpleSearch&amp;metaData=&amp;browseView=true&amp;manufacturer=&amp;resultCatEntryType=&amp;catalogId=10576&amp;pageView=&amp;facet=ads_f8_ntk_cs%253ATomatoes&amp;minPrice=&amp;categoryId=449563&amp;storeId=10601&quot;,&quot;name&quot;:&quot;Tomatoes&quot;,&quot;count&quot;:&quot;7&quot;,&quot;className&quot;:&quot;&quot;},{&quot;url&quot;:&quot;http://shop.coles.com.au/online/SearchDisplay?searchTermScope=&amp;multiSearch=&amp;searchType=2&amp;maxPrice=&amp;showResultsPage=true&amp;langId=-1&amp;beginIndex=0&amp;sType=SimpleSearch&amp;metaData=&amp;browseView=true&amp;manufacturer=&amp;resultCatEntryType=&amp;catalogId=10576&amp;pageView=&amp;facet=ads_f8_ntk_cs%253ATurnip%252C%2BParsnip%2B%2526%2BSwede&amp;minPrice=&amp;categoryId=449563&amp;storeId=10601&quot;,&quot;name&quot;:&quot;Turnip, Parsnip &amp; Swede&quot;,&quot;count&quot;:&quot;3&quot;,&quot;className&quot;:&quot;&quot;},{&quot;url&quot;:&quot;http://shop.coles.com.au/online/SearchDisplay?searchTermScope=&amp;multiSearch=&amp;searchType=2&amp;maxPrice=&amp;showResultsPage=true&amp;langId=-1&amp;beginIndex=0&amp;sType=SimpleSearch&amp;metaData=&amp;browseView=true&amp;manufacturer=&amp;resultCatEntryType=&amp;catalogId=10576&amp;pageView=&amp;facet=ads_f8_ntk_cs%253AWashed%2BPotatoes&amp;minPrice=&amp;categoryId=449563&amp;storeId=10601&quot;,&quot;name&quot;:&quot;Washed Potatoes&quot;,&quot;count&quot;:&quot;11&quot;,&quot;className&quot;:&quot;&quot;},{&quot;url&quot;:&quot;http://shop.coles.com.au/online/SearchDisplay?searchTermScope=&amp;multiSearch=&amp;searchType=2&amp;maxPrice=&amp;showResultsPage=true&amp;langId=-1&amp;beginIndex=0&amp;sType=SimpleSearch&amp;metaData=&amp;browseView=true&amp;manufacturer=&amp;resultCatEntryType=&amp;catalogId=10576&amp;pageView=&amp;facet=ads_f8_ntk_cs%253AWatermelon&amp;minPrice=&amp;categoryId=449563&amp;storeId=10601&quot;,&quot;name&quot;:&quot;Watermelon&quot;,&quot;count&quot;:&quot;5&quot;,&quot;className&quot;:&quot;&quot;},{&quot;url&quot;:&quot;http://shop.coles.com.au/online/SearchDisplay?searchTermScope=&amp;multiSearch=&amp;searchType=2&amp;maxPrice=&amp;showResultsPage=true&amp;langId=-1&amp;beginIndex=0&amp;sType=SimpleSearch&amp;metaData=&amp;browseView=true&amp;manufacturer=&amp;resultCatEntryType=&amp;catalogId=10576&amp;pageView=&amp;facet=ads_f8_ntk_cs%253AWhite%2BMushrooms&amp;minPrice=&amp;categoryId=449563&amp;storeId=10601&quot;,&quot;name&quot;:&quot;White Mushrooms&quot;,&quot;count&quot;:&quot;8&quot;,&quot;className&quot;:&quot;&quot;},{&quot;url&quot;:&quot;http://shop.coles.com.au/online/SearchDisplay?searchTermScope=&amp;multiSearch=&amp;searchType=2&amp;maxPrice=&amp;showResultsPage=true&amp;langId=-1&amp;beginIndex=0&amp;sType=SimpleSearch&amp;metaData=&amp;browseView=true&amp;manufacturer=&amp;resultCatEntryType=&amp;catalogId=10576&amp;pageView=&amp;facet=ads_f8_ntk_cs%253AZuchinni&amp;minPrice=&amp;categoryId=449563&amp;storeId=10601&quot;,&quot;name&quot;:&quot;Zuchinni&quot;,&quot;count&quot;:&quot;2&quot;,&quot;className&quot;:&quot;&quot;}]}" title="View other types">+  view 56 other types</a></li>
	     		
    		</ul>
		</li>
		
		<li role="presentation">
			<h3>Lifestyle</h3>
			
					<a class="2" href="http://shop.coles.com.au/online/SearchDisplay?multiSearch=&amp;showResultsPage=true&amp;langId=-1&amp;beginIndex=300&amp;sType=SimpleSearch&amp;browseView=true&amp;pageSize=100&amp;resultCatEntryType=&amp;catalogId=10576&amp;pageView=image&amp;urlLangId=-1&amp;categoryId=449563&amp;storeId=10601" name="type-Lifestyle" title=""><span class="cat-facet">Show all</span>&nbsp;<span role="presentation" aria-hidden="true" class="cat-count">(380)</span><span class="cat-count accessibility">(380items)</span></a>
				
  			<ul>
	     		
							<li>
								
										<a href="http://shop.coles.com.au/online/SearchDisplay?searchTermScope=&amp;multiSearch=&amp;searchType=2&amp;maxPrice=&amp;showResultsPage=true&amp;langId=-1&amp;beginIndex=0&amp;sType=SimpleSearch&amp;metaData=&amp;browseView=true&amp;manufacturer=&amp;resultCatEntryType=&amp;catalogId=10576&amp;pageView=&amp;facet=ads_f1_ntk_cs%253AHalal&amp;minPrice=&amp;categoryId=449563&amp;storeId=10601" name="type-Lifestyle" title=""><span class="cat-facet">Halal</span>&nbsp;<span role="presentation" aria-hidden="true" class="cat-count">(20)</span><span class="cat-count accessibility">(20items)</span></a>
									
							</li>
			     		
							<li>
								
										<a href="http://shop.coles.com.au/online/SearchDisplay?searchTermScope=&amp;multiSearch=&amp;searchType=2&amp;maxPrice=&amp;showResultsPage=true&amp;langId=-1&amp;beginIndex=0&amp;sType=SimpleSearch&amp;metaData=&amp;browseView=true&amp;manufacturer=&amp;resultCatEntryType=&amp;catalogId=10576&amp;pageView=&amp;facet=ads_f1_ntk_cs%253AOrganic&amp;minPrice=&amp;categoryId=449563&amp;storeId=10601" name="type-Lifestyle" title=""><span class="cat-facet">Organic</span>&nbsp;<span role="presentation" aria-hidden="true" class="cat-count">(21)</span><span class="cat-count accessibility">(21items)</span></a>
									
							</li>
			     		
							<li>
								
										<a href="http://shop.coles.com.au/online/SearchDisplay?searchTermScope=&amp;multiSearch=&amp;searchType=2&amp;maxPrice=&amp;showResultsPage=true&amp;langId=-1&amp;beginIndex=0&amp;sType=SimpleSearch&amp;metaData=&amp;browseView=true&amp;manufacturer=&amp;resultCatEntryType=&amp;catalogId=10576&amp;pageView=&amp;facet=ads_f1_ntk_cs%253AVegetarian&amp;minPrice=&amp;categoryId=449563&amp;storeId=10601" name="type-Lifestyle" title=""><span class="cat-facet">Vegetarian</span>&nbsp;<span role="presentation" aria-hidden="true" class="cat-count">(1)</span><span class="cat-count accessibility">(1items)</span></a>
									
							</li>
			     		
    		</ul>
		</li>
		
			</ul>
		</li>
	</ul>
	<button type="submit" class="hidden" title="Refine results">Refine results</button>
</div>

				</div>
				

<div id="searchResults" class="column-2">
	
		<div class="column-100 clearfix">
			<div class="espot searchEspot">
				

<div data-analytics="center-top" class="genericESpot" id="WC_ContentAreaESpot_div_1_28651" style="width: 768px; min-height: -1px;">
	
	    <p class="caption" style="display:none" id="WC_ContentAreaESpot_div_2_28651">[CAT_All_Product_1]</p>   
	
        <h2><span>Featured</span> products </h2>
    
	<div class="billboard-view">
		
	</div>

            <div class="ad" id="ad_28651">
        
									<a id="WC_ContentAreaESpot_links_3_1" href="http://shop.coles.com.au/webapp/wcs/stores/servlet/ClickInfo?evtype=CpgnClick&amp;mpe_id=28651&amp;intv_id=0&amp;storeId=10601&amp;catalogId=10576&amp;langId=-1&amp;URL=ColesContentTemplateView%3fcontentType%3dhow-to-click-collect%26WT.ic_id%3dclick-collect-aisles">
									
										<img src="/wcsstore/ColesStorefrontAssetStore/images/default-banners/728x90-leaderboard/DEFAULT-CnC-728x90.gif" alt="Banner for Click and Collect service. Click here for more info." border="0">
									
										</a>
									
            </div>
        


</div>


			</div>
		</div>
        
    <div class="list-view viewContainer clearfix searchEspot">
<p id="skip-to-products" class="accessibility">Product list for Fruit &amp; Vegetables</p>	 


<span class="available hidden"></span>


<div class="outer-prod prodtile" data-refresh="{
					catalogId: &quot;10576&quot;,
					doInventory: &quot;N&quot;,
					fulfillmentCenterId: &quot;11576&quot;,
					forStoreId: &quot;10401&quot;,
					
					productDisplayURL: &quot;http://shop.coles.com.au/online/national/pecans-coles-brand-australian-prepacked&quot;				
			}">
	<form id="catEntryForm_61021" name="catEntryForm_61021" action="AjaxOrderChangeServiceItemAdd">
		
<div class=" " data-catentry="catEntry_61021" data-refresh="{
				addCalculationUsage: &quot;-1&quot;,
				langId: &quot;-1&quot;,
				storeId: &quot;10601&quot;, 
				catEntryId: &quot;61021&quot;, 
				catEntryName: &quot;Australian Pecans&quot;, 
				productView: &quot;&quot;,
				productId: &quot;61021&quot;,
				itemId: &quot;126682&quot;,
				hideMultibuy: &quot;false&quot;,
                ticketType: &quot;&quot;,
                partNumber: &quot;7677306&quot;,
                offerCode: &quot;20141224&quot;
		}">
   	<div class="wrapper clearfix">   	
		

<h4 class="accessibility" id="heading_61021" tabindex="-1">
		Coles&nbsp;Australian Pecans&nbsp;
		300g&nbsp;
		 
</h4> 

<div class="offer-icon"></div>
<a role="presentation" aria-hidden="true" class="product-url" href="http://shop.coles.com.au/online/national/pecans-coles-brand-australian-prepacked">
	    <img role="presentation" aria-hidden="true" class="photo" src="/wcsstore/Coles-CAS/images/7/6/7/7677306-th.jpg" onerror="this.src='/wcsstore/ColesStorefrontAssetStore/dist/e0a775baf05f/images/spacer.gif'" alt="Australian Pecans" width="110" height="110">
	</a>

<div class="detail">	
    <span role="presentation" aria-hidden="true" class="brand">Coles</span>
    <span class="item" role="presentation" aria-hidden="true">
        <a role="presentation" aria-hidden="true" class="product-url" href="http://shop.coles.com.au/online/national/pecans-coles-brand-australian-prepacked">
        	Australian Pecans&nbsp;
        	300g
        </a>
    </span>
	<span class="size">
			
 	</span>
</div>


	<div class="purchasing">	    
	    <div class="saving">
	    	
	    </div>
	   	
	    		<div class="price"><span class="accessibility">Purchase price </span><small>$</small>10.50</div>
	    	
	    <div class="unit-price"><span class="accessibility">Unit price </span>$35.00 per 1Kg</div>
	    <div class="special-offer">	    	
	    	
	    </div> 
	    <div class="availability">Temporarily unavailable</div>
	    <div class="purchase">
		
			<input type="number" title="Add Quantity for Coles Australian Pecans 300g" name="quantity" id="catEntry_61021_qty" value="1" maxlength="2" size="2" class="v-mandatory v-numeric v-minval-1">
	        <button role="button" type="submit" title="Add to trolley&nbsp;Coles Australian Pecans 300g" class="btn-red action-addToTrolley"><span role="presentation" aria-hidden="true">Add to trolley</span></button>
		
		</div>
	</div>
	<div class="lists">
		
	</div>


	    <div class="actions">
	        			
			   <div class="MUItemForTrolleyDiv MUItemForTrolley_126682" data-catentry="126682">
		         <div class="MUul_126682"><div class="MUli_126682 hidden" aria-hidden="true"><span class="inTrolley"><span class="MUSpan_126682">0</span> in trolley</span></div></div>
		       </div>
		        <p class="clear"></p>
			 
			<div class="member-usuals-remove">
				<a href="#" class="action-removeFromUsuals usuals-remove">Remove from list <span class="accessibility">Coles Australian Pecans 300g</span></a>			
			</div>
			
				<div class="list">
					<a href="#" class="action-addToList action-list-add">Add to list <span class="accessibility">Coles Australian Pecans 300g</span></a> 
				</div>
				<div class="member-list-add">
					<a href="#" class="action-addToList action-list-add">Add to another list <span class="accessibility">Coles Australian Pecans 300g</span></a>
				</div>
			
			<div class="member-list-remove">
				 <a href="#" class="action-removeFromList">Remove from list <span class="accessibility">Coles Australian Pecans 300g</span></a> 
			</div>
			
				<div class="compareProd" role="presentation" aria-hidden="true">
					<a href="#" class="compare compare-add">Compare</a>
				</div>
			
		</div>  
      

       	
		    <div role="presentation" aria-hidden="true" id="share" class="share" data-social="{productImgUrl:'http://shop.coles.com.au:27900/wcsstore/Coles-CAS/images/7/6/7/7677306-th.jpg'
	                                               ,productDisplayUrl:'http://shop.coles.com.au/online/national/pecans-coles-brand-australian-prepacked'
	                                               ,title:'Coles Australian Pecans  '
	                                               ,description:''}">
		 	</div>
 		
	</div>
</div>


	</form>
</div>


<span class="available hidden"></span>


<div class="outer-prod prodtile" data-refresh="{
					catalogId: &quot;10576&quot;,
					doInventory: &quot;N&quot;,
					fulfillmentCenterId: &quot;11576&quot;,
					forStoreId: &quot;10401&quot;,
					
					productDisplayURL: &quot;http://shop.coles.com.au/online/national/cashews-macadamias-mix-roasted-salted-prepacked&quot;				
			}">
	<form id="catEntryForm_79114" name="catEntryForm_79114" action="AjaxOrderChangeServiceItemAdd">
		
<div class=" " data-catentry="catEntry_79114" data-refresh="{
				addCalculationUsage: &quot;-1&quot;,
				langId: &quot;-1&quot;,
				storeId: &quot;10601&quot;, 
				catEntryId: &quot;79114&quot;, 
				catEntryName: &quot;Roasted Salted Cahews &amp; Macadamias&quot;, 
				productView: &quot;list&quot;,
				productId: &quot;79114&quot;,
				itemId: &quot;140560&quot;,
				hideMultibuy: &quot;false&quot;,
                ticketType: &quot;&quot;,
                partNumber: &quot;5475708&quot;,
                offerCode: &quot;20141210&quot;
		}">
   	<div class="wrapper clearfix">   	
		

<h4 class="accessibility" id="heading_79114" tabindex="-1">
		Coles&nbsp;Roasted Salted Cahews &amp; Macadamias&nbsp;
		400g&nbsp;
		 
</h4> 

<div class="offer-icon"></div>
<a role="presentation" aria-hidden="true" class="product-url" href="http://shop.coles.com.au/online/national/cashews-macadamias-mix-roasted-salted-prepacked">
	    <img role="presentation" aria-hidden="true" class="photo" src="/wcsstore/Coles-CAS/images/5/4/7/5475708-th.jpg" onerror="this.src='/wcsstore/ColesStorefrontAssetStore/dist/e0a775baf05f/images/spacer.gif'" alt="Roasted Salted Cahews &amp; Macadamias" width="110" height="110">
	</a>

<div class="detail">	
    <span role="presentation" aria-hidden="true" class="brand">Coles</span>
    <span class="item" role="presentation" aria-hidden="true">
        <a role="presentation" aria-hidden="true" class="product-url" href="http://shop.coles.com.au/online/national/cashews-macadamias-mix-roasted-salted-prepacked">
        	Roasted Salted Cahews &amp; Macadamias&nbsp;
        	400g
        </a>
    </span>
	<span class="size">
			
 	</span>
</div>


	<div class="purchasing">	    
	    <div class="saving">
	    	
	    </div>
	   	
	    		<div class="price"><span class="accessibility">Purchase price </span><small>$</small>14.00</div>
	    	
	    <div class="unit-price"><span class="accessibility">Unit price </span>$35.00 per 1Kg</div>
	    <div class="special-offer">	    	
	    	
	    </div> 
	    <div class="availability">Temporarily unavailable</div>
	    <div class="purchase">
		
			<input type="number" title="Add Quantity for Coles Roasted Salted Cahews &amp; Macadamias 400g" name="quantity" id="catEntry_79114_qty" value="1" maxlength="2" size="2" class="v-mandatory v-numeric v-minval-1">
	        <button role="button" type="submit" title="Add to trolley&nbsp;Coles Roasted Salted Cahews &amp; Macadamias 400g" class="btn-red action-addToTrolley"><span role="presentation" aria-hidden="true">Add to trolley</span></button>
		
		</div>
	</div>
	<div class="lists">
		
	</div>


	    <div class="actions">
	        			
			   <div class="MUItemForTrolleyDiv MUItemForTrolley_140560" data-catentry="140560">
		         <div class="MUul_140560"><div class="MUli_140560 hidden" aria-hidden="true"><span class="inTrolley"><span class="MUSpan_140560">0</span> in trolley</span></div></div>
		       </div>
		        <p class="clear"></p>
			 
			<div class="member-usuals-remove">
				<a href="#" class="action-removeFromUsuals usuals-remove">Remove from list <span class="accessibility">Coles Roasted Salted Cahews &amp; Macadamias 400g</span></a>			
			</div>
			
				<div class="list">
					<a href="#" class="action-addToList action-list-add">Add to list <span class="accessibility">Coles Roasted Salted Cahews &amp; Macadamias 400g</span></a> 
				</div>
				<div class="member-list-add">
					<a href="#" class="action-addToList action-list-add">Add to another list <span class="accessibility">Coles Roasted Salted Cahews &amp; Macadamias 400g</span></a>
				</div>
			
			<div class="member-list-remove">
				 <a href="#" class="action-removeFromList">Remove from list <span class="accessibility">Coles Roasted Salted Cahews &amp; Macadamias 400g</span></a> 
			</div>
			
				<div class="compareProd" role="presentation" aria-hidden="true">
					<a href="#" class="compare compare-add">Compare</a>
				</div>
			
				<a href="http://shop.coles.com.au/online/national/cashews-macadamias-mix-roasted-salted-prepacked" class="product-url accessibility">More details for Coles&nbsp;Roasted Salted Cahews &amp; Macadamias</a>
			
		</div>  
      

       	
		    <div role="presentation" aria-hidden="true" id="share" class="share" data-social="{productImgUrl:'http://shop.coles.com.au:27900/wcsstore/Coles-CAS/images/5/4/7/5475708-th.jpg'
	                                               ,productDisplayUrl:'http://shop.coles.com.au/online/national/cashews-macadamias-mix-roasted-salted-prepacked'
	                                               ,title:'Coles Roasted Salted Cahews &amp; Macadamias  '
	                                               ,description:'Roasted and salted cashews and macadamia mix'}">
		 	</div>
 		
	</div>
</div>


	</form>
</div>

					<div class="espot marketed-eSpot">
						
					</div>
					

<span class="available hidden"></span>


<div class="outer-prod prodtile" data-refresh="{
					catalogId: &quot;10576&quot;,
					doInventory: &quot;N&quot;,
					fulfillmentCenterId: &quot;11576&quot;,
					forStoreId: &quot;10401&quot;,
					
					productDisplayURL: &quot;http://shop.coles.com.au/online/national/soy-snack-chilli-lime-prepacked&quot;				
			}">
	<form id="catEntryForm_83821" name="catEntryForm_83821" action="AjaxOrderChangeServiceItemAdd">
		
<div class=" " data-catentry="catEntry_83821" data-refresh="{
				addCalculationUsage: &quot;-1&quot;,
				langId: &quot;-1&quot;,
				storeId: &quot;10601&quot;, 
				catEntryId: &quot;83821&quot;, 
				catEntryName: &quot;Chilli &amp; Lime Soy Snacks&quot;, 
				productView: &quot;list&quot;,
				productId: &quot;83821&quot;,
				itemId: &quot;144703&quot;,
				hideMultibuy: &quot;false&quot;,
                ticketType: &quot;&quot;,
                partNumber: &quot;4502769&quot;,
                offerCode: &quot;20141210&quot;
		}">
   	<div class="wrapper clearfix">   	
		

<h4 class="accessibility" id="heading_83821" tabindex="-1">
		Coles&nbsp;Chilli &amp; Lime Soy Snacks&nbsp;
		350g&nbsp;
		 
</h4> 

<div class="offer-icon"></div>
<a role="presentation" aria-hidden="true" class="product-url" href="http://shop.coles.com.au/online/national/soy-snack-chilli-lime-prepacked">
	    <img role="presentation" aria-hidden="true" class="photo" src="/wcsstore/Coles-CAS/images/4/5/0/4502769-th.jpg" onerror="this.src='/wcsstore/ColesStorefrontAssetStore/dist/e0a775baf05f/images/spacer.gif'" alt="Chilli &amp; Lime Soy Snacks" width="110" height="110">
	</a>

<div class="detail">	
    <span role="presentation" aria-hidden="true" class="brand">Coles</span>
    <span class="item" role="presentation" aria-hidden="true">
        <a role="presentation" aria-hidden="true" class="product-url" href="http://shop.coles.com.au/online/national/soy-snack-chilli-lime-prepacked">
        	Chilli &amp; Lime Soy Snacks&nbsp;
        	350g
        </a>
    </span>
	<span class="size">
			
 	</span>
</div>


	<div class="purchasing">	    
	    <div class="saving">
	    	
	    </div>
	   	
	    		<div class="price"><span class="accessibility">Purchase price </span><small>$</small>5.00</div>
	    	
	    <div class="unit-price"><span class="accessibility">Unit price </span>$14.29 per 1Kg</div>
	    <div class="special-offer">	    	
	    	
	    </div> 
	    <div class="availability">Temporarily unavailable</div>
	    <div class="purchase">
		
			<input type="number" title="Add Quantity for Coles Chilli &amp; Lime Soy Snacks 350g" name="quantity" id="catEntry_83821_qty" value="1" maxlength="2" size="2" class="v-mandatory v-numeric v-minval-1">
	        <button role="button" type="submit" title="Add to trolley&nbsp;Coles Chilli &amp; Lime Soy Snacks 350g" class="btn-red action-addToTrolley"><span role="presentation" aria-hidden="true">Add to trolley</span></button>
		
		</div>
	</div>
	<div class="lists">
		
	</div>


	    <div class="actions">
	        			
			   <div class="MUItemForTrolleyDiv MUItemForTrolley_144703" data-catentry="144703">
		         <div class="MUul_144703"><div class="MUli_144703 hidden" aria-hidden="true"><span class="inTrolley"><span class="MUSpan_144703">0</span> in trolley</span></div></div>
		       </div>
		        <p class="clear"></p>
			 
			<div class="member-usuals-remove">
				<a href="#" class="action-removeFromUsuals usuals-remove">Remove from list <span class="accessibility">Coles Chilli &amp; Lime Soy Snacks 350g</span></a>			
			</div>
			
				<div class="list">
					<a href="#" class="action-addToList action-list-add">Add to list <span class="accessibility">Coles Chilli &amp; Lime Soy Snacks 350g</span></a> 
				</div>
				<div class="member-list-add">
					<a href="#" class="action-addToList action-list-add">Add to another list <span class="accessibility">Coles Chilli &amp; Lime Soy Snacks 350g</span></a>
				</div>
			
			<div class="member-list-remove">
				 <a href="#" class="action-removeFromList">Remove from list <span class="accessibility">Coles Chilli &amp; Lime Soy Snacks 350g</span></a> 
			</div>
			
				<div class="compareProd" role="presentation" aria-hidden="true">
					<a href="#" class="compare compare-add">Compare</a>
				</div>
			
				<a href="http://shop.coles.com.au/online/national/soy-snack-chilli-lime-prepacked" class="product-url accessibility">More details for Coles&nbsp;Chilli &amp; Lime Soy Snacks</a>
			
		</div>  
      

       	
		    <div role="presentation" aria-hidden="true" id="share" class="share" data-social="{productImgUrl:'http://shop.coles.com.au:27900/wcsstore/Coles-CAS/images/4/5/0/4502769-th.jpg'
	                                               ,productDisplayUrl:'http://shop.coles.com.au/online/national/soy-snack-chilli-lime-prepacked'
	                                               ,title:'Coles Chilli &amp; Lime Soy Snacks  '
	                                               ,description:'Delicious peanut and soy crisp snacks with sweet chilli lime flavour.  A crunchy snack great for parties.'}">
		 	</div>
 		
	</div>
</div>


	</form>
</div>


<span class="available hidden"></span>


<div class="outer-prod prodtile" data-refresh="{
					catalogId: &quot;10576&quot;,
					doInventory: &quot;N&quot;,
					fulfillmentCenterId: &quot;11576&quot;,
					forStoreId: &quot;10401&quot;,
					
					productDisplayURL: &quot;http://shop.coles.com.au/online/national/epicurean-salad-dressing---asian&quot;				
			}">
	<form id="catEntryForm_185525" name="catEntryForm_185525" action="AjaxOrderChangeServiceItemAdd">
		
<div class=" " data-catentry="catEntry_185525" data-refresh="{
				addCalculationUsage: &quot;-1&quot;,
				langId: &quot;-1&quot;,
				storeId: &quot;10601&quot;, 
				catEntryId: &quot;185525&quot;, 
				catEntryName: &quot;Asian Salad Dressing&quot;, 
				productView: &quot;list&quot;,
				productId: &quot;185525&quot;,
				itemId: &quot;185761&quot;,
				hideMultibuy: &quot;false&quot;,
                ticketType: &quot;&quot;,
                partNumber: &quot;1459277&quot;,
                offerCode: &quot;20150128&quot;
		}">
   	<div class="wrapper clearfix">   	
		

<h4 class="accessibility" id="heading_185525" tabindex="-1">
		Coles&nbsp;Asian Salad Dressing&nbsp;
		200mL&nbsp;
		 
</h4> 

<div class="offer-icon"></div>
<a role="presentation" aria-hidden="true" class="product-url" href="http://shop.coles.com.au/online/national/epicurean-salad-dressing---asian">
	    <img role="presentation" aria-hidden="true" class="photo" src="/wcsstore/Coles-CAS/images/1/4/5/1459277-th.jpg" onerror="this.src='/wcsstore/ColesStorefrontAssetStore/dist/e0a775baf05f/images/spacer.gif'" alt="Asian Salad Dressing" width="110" height="110">
	</a>

<div class="detail">	
    <span role="presentation" aria-hidden="true" class="brand">Coles</span>
    <span class="item" role="presentation" aria-hidden="true">
        <a role="presentation" aria-hidden="true" class="product-url" href="http://shop.coles.com.au/online/national/epicurean-salad-dressing---asian">
        	Asian Salad Dressing&nbsp;
        	200mL
        </a>
    </span>
	<span class="size">
			
 	</span>
</div>


	<div class="purchasing">	    
	    <div class="saving">
	    	
	    </div>
	   	
	    		<div class="price"><span class="accessibility">Purchase price </span><small>$</small>3.70</div>
	    	
	    <div class="unit-price"><span class="accessibility">Unit price </span>$18.50 per 1L</div>
	    <div class="special-offer">	    	
	    	
	    </div> 
	    <div class="availability">Temporarily unavailable</div>
	    <div class="purchase">
		
			<input type="number" title="Add Quantity for Coles Asian Salad Dressing 200mL" name="quantity" id="catEntry_185525_qty" value="1" maxlength="2" size="2" class="v-mandatory v-numeric v-minval-1">
	        <button role="button" type="submit" title="Add to trolley&nbsp;Coles Asian Salad Dressing 200mL" class="btn-red action-addToTrolley"><span role="presentation" aria-hidden="true">Add to trolley</span></button>
		
		</div>
	</div>
	<div class="lists">
		
	</div>


	    <div class="actions">
	        			
			   <div class="MUItemForTrolleyDiv MUItemForTrolley_185761" data-catentry="185761">
		         <div class="MUul_185761"><div class="MUli_185761 hidden" aria-hidden="true"><span class="inTrolley"><span class="MUSpan_185761">0</span> in trolley</span></div></div>
		       </div>
		        <p class="clear"></p>
			 
			<div class="member-usuals-remove">
				<a href="#" class="action-removeFromUsuals usuals-remove">Remove from list <span class="accessibility">Coles Asian Salad Dressing 200mL</span></a>			
			</div>
			
				<div class="list">
					<a href="#" class="action-addToList action-list-add">Add to list <span class="accessibility">Coles Asian Salad Dressing 200mL</span></a> 
				</div>
				<div class="member-list-add">
					<a href="#" class="action-addToList action-list-add">Add to another list <span class="accessibility">Coles Asian Salad Dressing 200mL</span></a>
				</div>
			
			<div class="member-list-remove">
				 <a href="#" class="action-removeFromList">Remove from list <span class="accessibility">Coles Asian Salad Dressing 200mL</span></a> 
			</div>
			
				<div class="compareProd" role="presentation" aria-hidden="true">
					<a href="#" class="compare compare-add">Compare</a>
				</div>
			
				<a href="http://shop.coles.com.au/online/national/epicurean-salad-dressing---asian" class="product-url accessibility">More details for Coles&nbsp;Asian Salad Dressing</a>
			
		</div>  
      

       	
		    <div role="presentation" aria-hidden="true" id="share" class="share" data-social="{productImgUrl:'http://shop.coles.com.au:27900/wcsstore/Coles-CAS/images/1/4/5/1459277-th.jpg'
	                                               ,productDisplayUrl:'http://shop.coles.com.au/online/national/epicurean-salad-dressing---asian'
	                                               ,title:'Coles Asian Salad Dressing  '
	                                               ,description:''}">
		 	</div>
 		
	</div>
</div>


	</form>
</div>


<span class="available hidden"></span>


<div class="outer-prod prodtile" data-refresh="{
					catalogId: &quot;10576&quot;,
					doInventory: &quot;N&quot;,
					fulfillmentCenterId: &quot;11576&quot;,
					forStoreId: &quot;10401&quot;,
					
					productDisplayURL: &quot;http://shop.coles.com.au/online/national/coles-fresh-snack-pot---creamy-pasta-prepacked&quot;				
			}">
	<form id="catEntryForm_185569" name="catEntryForm_185569" action="AjaxOrderChangeServiceItemAdd">
		
<div class=" " data-catentry="catEntry_185569" data-refresh="{
				addCalculationUsage: &quot;-1&quot;,
				langId: &quot;-1&quot;,
				storeId: &quot;10601&quot;, 
				catEntryId: &quot;185569&quot;, 
				catEntryName: &quot;Mango &amp; Chilli Salad Dressing&quot;, 
				productView: &quot;list&quot;,
				productId: &quot;185569&quot;,
				itemId: &quot;185740&quot;,
				hideMultibuy: &quot;false&quot;,
                ticketType: &quot;&quot;,
                partNumber: &quot;1459812&quot;,
                offerCode: &quot;20150128&quot;
		}">
   	<div class="wrapper clearfix">   	
		

<h4 class="accessibility" id="heading_185569" tabindex="-1">
		Coles&nbsp;Mango &amp; Chilli Salad Dressing&nbsp;
		200mL&nbsp;
		 
</h4> 

<div class="offer-icon"></div>
<a role="presentation" aria-hidden="true" class="product-url" href="http://shop.coles.com.au/online/national/coles-fresh-snack-pot---creamy-pasta-prepacked">
	    <img role="presentation" aria-hidden="true" class="photo" src="/wcsstore/Coles-CAS/images/1/4/5/1459812-th.jpg" onerror="this.src='/wcsstore/ColesStorefrontAssetStore/dist/e0a775baf05f/images/spacer.gif'" alt="Mango &amp; Chilli Salad Dressing" width="110" height="110">
	</a>

<div class="detail">	
    <span role="presentation" aria-hidden="true" class="brand">Coles</span>
    <span class="item" role="presentation" aria-hidden="true">
        <a role="presentation" aria-hidden="true" class="product-url" href="http://shop.coles.com.au/online/national/coles-fresh-snack-pot---creamy-pasta-prepacked">
        	Mango &amp; Chilli Salad Dressing&nbsp;
        	200mL
        </a>
    </span>
	<span class="size">
			
 	</span>
</div>


	<div class="purchasing">	    
	    <div class="saving">
	    	
	    </div>
	   	
	    		<div class="price"><span class="accessibility">Purchase price </span><small>$</small>3.70</div>
	    	
	    <div class="unit-price"><span class="accessibility">Unit price </span>$37.00 per 1Kg</div>
	    <div class="special-offer">	    	
	    	
	    </div> 
	    <div class="availability">Temporarily unavailable</div>
	    <div class="purchase">
		
			<input type="number" title="Add Quantity for Coles Mango &amp; Chilli Salad Dressing 200mL" name="quantity" id="catEntry_185569_qty" value="1" maxlength="2" size="2" class="v-mandatory v-numeric v-minval-1">
	        <button role="button" type="submit" title="Add to trolley&nbsp;Coles Mango &amp; Chilli Salad Dressing 200mL" class="btn-red action-addToTrolley"><span role="presentation" aria-hidden="true">Add to trolley</span></button>
		
		</div>
	</div>
	<div class="lists">
		
	</div>


	    <div class="actions">
	        			
			   <div class="MUItemForTrolleyDiv MUItemForTrolley_185740" data-catentry="185740">
		         <div class="MUul_185740"><div class="MUli_185740 hidden" aria-hidden="true"><span class="inTrolley"><span class="MUSpan_185740">0</span> in trolley</span></div></div>
		       </div>
		        <p class="clear"></p>
			 
			<div class="member-usuals-remove">
				<a href="#" class="action-removeFromUsuals usuals-remove">Remove from list <span class="accessibility">Coles Mango &amp; Chilli Salad Dressing 200mL</span></a>			
			</div>
			
				<div class="list">
					<a href="#" class="action-addToList action-list-add">Add to list <span class="accessibility">Coles Mango &amp; Chilli Salad Dressing 200mL</span></a> 
				</div>
				<div class="member-list-add">
					<a href="#" class="action-addToList action-list-add">Add to another list <span class="accessibility">Coles Mango &amp; Chilli Salad Dressing 200mL</span></a>
				</div>
			
			<div class="member-list-remove">
				 <a href="#" class="action-removeFromList">Remove from list <span class="accessibility">Coles Mango &amp; Chilli Salad Dressing 200mL</span></a> 
			</div>
			
				<div class="compareProd" role="presentation" aria-hidden="true">
					<a href="#" class="compare compare-add">Compare</a>
				</div>
			
				<a href="http://shop.coles.com.au/online/national/coles-fresh-snack-pot---creamy-pasta-prepacked" class="product-url accessibility">More details for Coles&nbsp;Mango &amp; Chilli Salad Dressing</a>
			
		</div>  
      

       	
		    <div role="presentation" aria-hidden="true" id="share" class="share" data-social="{productImgUrl:'http://shop.coles.com.au:27900/wcsstore/Coles-CAS/images/1/4/5/1459812-th.jpg'
	                                               ,productDisplayUrl:'http://shop.coles.com.au/online/national/coles-fresh-snack-pot---creamy-pasta-prepacked'
	                                               ,title:'Coles Mango &amp; Chilli Salad Dressing  '
	                                               ,description:''}">
		 	</div>
 		
	</div>
</div>


	</form>
</div>


<span class="available hidden"></span>


<div class="outer-prod prodtile" data-refresh="{
					catalogId: &quot;10576&quot;,
					doInventory: &quot;N&quot;,
					fulfillmentCenterId: &quot;11576&quot;,
					forStoreId: &quot;10401&quot;,
					
					productDisplayURL: &quot;http://shop.coles.com.au/online/national/coles-salad-dressing---garlic-parmesan&quot;				
			}">
	<form id="catEntryForm_213619" name="catEntryForm_213619" action="AjaxOrderChangeServiceItemAdd">
		
<div class=" " data-catentry="catEntry_213619" data-refresh="{
				addCalculationUsage: &quot;-1&quot;,
				langId: &quot;-1&quot;,
				storeId: &quot;10601&quot;, 
				catEntryId: &quot;213619&quot;, 
				catEntryName: &quot;Creamy Garlic &amp; Parmesan Salad Dressing&quot;, 
				productView: &quot;list&quot;,
				productId: &quot;213619&quot;,
				itemId: &quot;213764&quot;,
				hideMultibuy: &quot;false&quot;,
                ticketType: &quot;&quot;,
                partNumber: &quot;1498280&quot;,
                offerCode: &quot;20150128&quot;
		}">
   	<div class="wrapper clearfix">   	
		

<h4 class="accessibility" id="heading_213619" tabindex="-1">
		Coles&nbsp;Creamy Garlic &amp; Parmesan Salad Dressing&nbsp;
		200mL&nbsp;
		 
</h4> 

<div class="offer-icon"></div>
<a role="presentation" aria-hidden="true" class="product-url" href="http://shop.coles.com.au/online/national/coles-salad-dressing---garlic-parmesan">
	    <img role="presentation" aria-hidden="true" class="photo" src="/wcsstore/Coles-CAS/images/1/4/9/1498280-th.jpg" onerror="this.src='/wcsstore/ColesStorefrontAssetStore/dist/e0a775baf05f/images/spacer.gif'" alt="Creamy Garlic &amp; Parmesan Salad Dressing" width="110" height="110">
	</a>

<div class="detail">	
    <span role="presentation" aria-hidden="true" class="brand">Coles</span>
    <span class="item" role="presentation" aria-hidden="true">
        <a role="presentation" aria-hidden="true" class="product-url" href="http://shop.coles.com.au/online/national/coles-salad-dressing---garlic-parmesan">
        	Creamy Garlic &amp; Parmesan Salad Dressing&nbsp;
        	200mL
        </a>
    </span>
	<span class="size">
			
 	</span>
</div>


	<div class="purchasing">	    
	    <div class="saving">
	    	
	    </div>
	   	
	    		<div class="price"><span class="accessibility">Purchase price </span><small>$</small>3.70</div>
	    	
	    <div class="unit-price"><span class="accessibility">Unit price </span>$1.85 per 100mL</div>
	    <div class="special-offer">	    	
	    	
	    </div> 
	    <div class="availability">Temporarily unavailable</div>
	    <div class="purchase">
		
			<input type="number" title="Add Quantity for Coles Creamy Garlic &amp; Parmesan Salad Dressing 200mL" name="quantity" id="catEntry_213619_qty" value="1" maxlength="2" size="2" class="v-mandatory v-numeric v-minval-1">
	        <button role="button" type="submit" title="Add to trolley&nbsp;Coles Creamy Garlic &amp; Parmesan Salad Dressing 200mL" class="btn-red action-addToTrolley"><span role="presentation" aria-hidden="true">Add to trolley</span></button>
		
		</div>
	</div>
	<div class="lists">
		
	</div>


	    <div class="actions">
	        			
			   <div class="MUItemForTrolleyDiv MUItemForTrolley_213764" data-catentry="213764">
		         <div class="MUul_213764"><div class="MUli_213764 hidden" aria-hidden="true"><span class="inTrolley"><span class="MUSpan_213764">0</span> in trolley</span></div></div>
		       </div>
		        <p class="clear"></p>
			 
			<div class="member-usuals-remove">
				<a href="#" class="action-removeFromUsuals usuals-remove">Remove from list <span class="accessibility">Coles Creamy Garlic &amp; Parmesan Salad Dressing 200mL</span></a>			
			</div>
			
				<div class="list">
					<a href="#" class="action-addToList action-list-add">Add to list <span class="accessibility">Coles Creamy Garlic &amp; Parmesan Salad Dressing 200mL</span></a> 
				</div>
				<div class="member-list-add">
					<a href="#" class="action-addToList action-list-add">Add to another list <span class="accessibility">Coles Creamy Garlic &amp; Parmesan Salad Dressing 200mL</span></a>
				</div>
			
			<div class="member-list-remove">
				 <a href="#" class="action-removeFromList">Remove from list <span class="accessibility">Coles Creamy Garlic &amp; Parmesan Salad Dressing 200mL</span></a> 
			</div>
			
				<div class="compareProd" role="presentation" aria-hidden="true">
					<a href="#" class="compare compare-add">Compare</a>
				</div>
			
				<a href="http://shop.coles.com.au/online/national/coles-salad-dressing---garlic-parmesan" class="product-url accessibility">More details for Coles&nbsp;Creamy Garlic &amp; Parmesan Salad Dressing</a>
			
		</div>  
      

       	
		    <div role="presentation" aria-hidden="true" id="share" class="share" data-social="{productImgUrl:'http://shop.coles.com.au:27900/wcsstore/Coles-CAS/images/1/4/9/1498280-th.jpg'
	                                               ,productDisplayUrl:'http://shop.coles.com.au/online/national/coles-salad-dressing---garlic-parmesan'
	                                               ,title:'Coles Creamy Garlic &amp; Parmesan Salad Dressing  '
	                                               ,description:''}">
		 	</div>
 		
	</div>
</div>


	</form>
</div>


<span class="available hidden"></span>


<div class="outer-prod prodtile" data-refresh="{
					catalogId: &quot;10576&quot;,
					doInventory: &quot;N&quot;,
					fulfillmentCenterId: &quot;11576&quot;,
					forStoreId: &quot;10401&quot;,
					
					productDisplayURL: &quot;http://shop.coles.com.au/online/national/coles-australian-superfood-leaf-blend-prepacked&quot;				
			}">
	<form id="catEntryForm_396007" name="catEntryForm_396007" action="AjaxOrderChangeServiceItemAdd">
		
<div class=" " data-catentry="catEntry_396007" data-refresh="{
				addCalculationUsage: &quot;-1&quot;,
				langId: &quot;-1&quot;,
				storeId: &quot;10601&quot;, 
				catEntryId: &quot;396007&quot;, 
				catEntryName: &quot;Australian Superfood Leaf Blend Prepacked&quot;, 
				productView: &quot;list&quot;,
				productId: &quot;396007&quot;,
				itemId: &quot;396011&quot;,
				hideMultibuy: &quot;false&quot;,
                ticketType: &quot;&quot;,
                partNumber: &quot;1988879&quot;,
                offerCode: &quot;20150114&quot;
		}">
   	<div class="wrapper clearfix">   	
		

<h4 class="accessibility" id="heading_396007" tabindex="-1">
		Coles&nbsp;Australian Superfood Leaf Blend Prepacked&nbsp;
		300g&nbsp;
		 
</h4> 

<div class="offer-icon"></div>
<a role="presentation" aria-hidden="true" class="product-url" href="http://shop.coles.com.au/online/national/coles-australian-superfood-leaf-blend-prepacked">
	    <img role="presentation" aria-hidden="true" class="photo" src="/wcsstore/Coles-CAS/images/1/9/8/1988879-th.jpg" onerror="this.src='/wcsstore/ColesStorefrontAssetStore/dist/e0a775baf05f/images/spacer.gif'" alt="Australian Superfood Leaf Blend Prepacked" width="110" height="110">
	</a>

<div class="detail">	
    <span role="presentation" aria-hidden="true" class="brand">Coles</span>
    <span class="item" role="presentation" aria-hidden="true">
        <a role="presentation" aria-hidden="true" class="product-url" href="http://shop.coles.com.au/online/national/coles-australian-superfood-leaf-blend-prepacked">
        	Australian Superfood Leaf Blend Prepacked&nbsp;
        	300g
        </a>
    </span>
	<span class="size">
			
 	</span>
</div>


	<div class="purchasing">	    
	    <div class="saving">
	    	
	    </div>
	   	
	    		<div class="price"><span class="accessibility">Purchase price </span><small>$</small>5.50</div>
	    	
	    <div class="unit-price"><span class="accessibility">Unit price </span>$18.33 per 1Kg</div>
	    <div class="special-offer">	    	
	    	
	    </div> 
	    <div class="availability">Temporarily unavailable</div>
	    <div class="purchase">
		
			<input type="number" title="Add Quantity for Coles Australian Superfood Leaf Blend Prepacked 300g" name="quantity" id="catEntry_396007_qty" value="1" maxlength="2" size="2" class="v-mandatory v-numeric v-minval-1">
	        <button role="button" type="submit" title="Add to trolley&nbsp;Coles Australian Superfood Leaf Blend Prepacked 300g" class="btn-red action-addToTrolley"><span role="presentation" aria-hidden="true">Add to trolley</span></button>
		
		</div>
	</div>
	<div class="lists">
		
	</div>


	    <div class="actions">
	        			
			   <div class="MUItemForTrolleyDiv MUItemForTrolley_396011" data-catentry="396011">
		         <div class="MUul_396011"><div class="MUli_396011 hidden" aria-hidden="true"><span class="inTrolley"><span class="MUSpan_396011">0</span> in trolley</span></div></div>
		       </div>
		        <p class="clear"></p>
			 
			<div class="member-usuals-remove">
				<a href="#" class="action-removeFromUsuals usuals-remove">Remove from list <span class="accessibility">Coles Australian Superfood Leaf Blend Prepacked 300g</span></a>			
			</div>
			
				<div class="list">
					<a href="#" class="action-addToList action-list-add">Add to list <span class="accessibility">Coles Australian Superfood Leaf Blend Prepacked 300g</span></a> 
				</div>
				<div class="member-list-add">
					<a href="#" class="action-addToList action-list-add">Add to another list <span class="accessibility">Coles Australian Superfood Leaf Blend Prepacked 300g</span></a>
				</div>
			
			<div class="member-list-remove">
				 <a href="#" class="action-removeFromList">Remove from list <span class="accessibility">Coles Australian Superfood Leaf Blend Prepacked 300g</span></a> 
			</div>
			
				<div class="compareProd" role="presentation" aria-hidden="true">
					<a href="#" class="compare compare-add">Compare</a>
				</div>
			
				<a href="http://shop.coles.com.au/online/national/coles-australian-superfood-leaf-blend-prepacked" class="product-url accessibility">More details for Coles&nbsp;Australian Superfood Leaf Blend Prepacked</a>
			
		</div>  
      

       	
		    <div role="presentation" aria-hidden="true" id="share" class="share" data-social="{productImgUrl:'http://shop.coles.com.au:27900/wcsstore/Coles-CAS/images/1/9/8/1988879-th.jpg'
	                                               ,productDisplayUrl:'http://shop.coles.com.au/online/national/coles-australian-superfood-leaf-blend-prepacked'
	                                               ,title:'Coles Australian Superfood Leaf Blend Prepacked '
	                                               ,description:''}">
		 	</div>
 		
	</div>
</div>


	</form>
</div>


<span class="available hidden"></span>


<div class="outer-prod prodtile" data-refresh="{
					catalogId: &quot;10576&quot;,
					doInventory: &quot;N&quot;,
					fulfillmentCenterId: &quot;11576&quot;,
					forStoreId: &quot;10401&quot;,
					
					productDisplayURL: &quot;http://shop.coles.com.au/online/national/coles-basil-pasta-salad&quot;				
			}">
	<form id="catEntryForm_403603" name="catEntryForm_403603" action="AjaxOrderChangeServiceItemAdd">
		
<div class=" " data-catentry="catEntry_403603" data-refresh="{
				addCalculationUsage: &quot;-1&quot;,
				langId: &quot;-1&quot;,
				storeId: &quot;10601&quot;, 
				catEntryId: &quot;403603&quot;, 
				catEntryName: &quot;Basil Pasta Salad&quot;, 
				productView: &quot;list&quot;,
				productId: &quot;403603&quot;,
				itemId: &quot;403669&quot;,
				hideMultibuy: &quot;false&quot;,
                ticketType: &quot;&quot;,
                partNumber: &quot;1991625&quot;,
                offerCode: &quot;20150128&quot;
		}">
   	<div class="wrapper clearfix">   	
		

<h4 class="accessibility" id="heading_403603" tabindex="-1">
		Coles&nbsp;Basil Pasta Salad&nbsp;
		800g&nbsp;
		 
</h4> 

<div class="offer-icon"></div>
<a role="presentation" aria-hidden="true" class="product-url" href="http://shop.coles.com.au/online/national/coles-basil-pasta-salad">
	    <img role="presentation" aria-hidden="true" class="photo" src="/wcsstore/Coles-CAS/images/1/9/9/1991625-th.jpg" onerror="this.src='/wcsstore/ColesStorefrontAssetStore/dist/e0a775baf05f/images/spacer.gif'" alt="Basil Pasta Salad" width="110" height="110">
	</a>

<div class="detail">	
    <span role="presentation" aria-hidden="true" class="brand">Coles</span>
    <span class="item" role="presentation" aria-hidden="true">
        <a role="presentation" aria-hidden="true" class="product-url" href="http://shop.coles.com.au/online/national/coles-basil-pasta-salad">
        	Basil Pasta Salad&nbsp;
        	800g
        </a>
    </span>
	<span class="size">
			
 	</span>
</div>


	<div class="purchasing">	    
	    <div class="saving">
	    	
	    </div>
	   	
	    		<div class="price"><span class="accessibility">Purchase price </span><small>$</small>7.50</div>
	    	
	    <div class="unit-price"><span class="accessibility">Unit price </span>$9.38 per 1Kg</div>
	    <div class="special-offer">	    	
	    	
	    </div> 
	    <div class="availability">Temporarily unavailable</div>
	    <div class="purchase">
		
			<input type="number" title="Add Quantity for Coles Basil Pasta Salad 800g" name="quantity" id="catEntry_403603_qty" value="1" maxlength="2" size="2" class="v-mandatory v-numeric v-minval-1">
	        <button role="button" type="submit" title="Add to trolley&nbsp;Coles Basil Pasta Salad 800g" class="btn-red action-addToTrolley"><span role="presentation" aria-hidden="true">Add to trolley</span></button>
		
		</div>
	</div>
	<div class="lists">
		
	</div>


	    <div class="actions">
	        			
			   <div class="MUItemForTrolleyDiv MUItemForTrolley_403669" data-catentry="403669">
		         <div class="MUul_403669"><div class="MUli_403669 hidden" aria-hidden="true"><span class="inTrolley"><span class="MUSpan_403669">0</span> in trolley</span></div></div>
		       </div>
		        <p class="clear"></p>
			 
			<div class="member-usuals-remove">
				<a href="#" class="action-removeFromUsuals usuals-remove">Remove from list <span class="accessibility">Coles Basil Pasta Salad 800g</span></a>			
			</div>
			
				<div class="list">
					<a href="#" class="action-addToList action-list-add">Add to list <span class="accessibility">Coles Basil Pasta Salad 800g</span></a> 
				</div>
				<div class="member-list-add">
					<a href="#" class="action-addToList action-list-add">Add to another list <span class="accessibility">Coles Basil Pasta Salad 800g</span></a>
				</div>
			
			<div class="member-list-remove">
				 <a href="#" class="action-removeFromList">Remove from list <span class="accessibility">Coles Basil Pasta Salad 800g</span></a> 
			</div>
			
				<div class="compareProd" role="presentation" aria-hidden="true">
					<a href="#" class="compare compare-add">Compare</a>
				</div>
			
				<a href="http://shop.coles.com.au/online/national/coles-basil-pasta-salad" class="product-url accessibility">More details for Coles&nbsp;Basil Pasta Salad</a>
			
		</div>  
      

       	
		    <div role="presentation" aria-hidden="true" id="share" class="share" data-social="{productImgUrl:'http://shop.coles.com.au:27900/wcsstore/Coles-CAS/images/1/9/9/1991625-th.jpg'
	                                               ,productDisplayUrl:'http://shop.coles.com.au/online/national/coles-basil-pasta-salad'
	                                               ,title:'Coles Basil Pasta Salad '
	                                               ,description:'Orrechiette Pasta in a Basil Pesto Dressing'}">
		 	</div>
 		
	</div>
</div>


	</form>
</div>


<span class="available hidden"></span>


<div class="outer-prod prodtile" data-refresh="{
					catalogId: &quot;10576&quot;,
					doInventory: &quot;N&quot;,
					fulfillmentCenterId: &quot;11576&quot;,
					forStoreId: &quot;10401&quot;,
					
					productDisplayURL: &quot;http://shop.coles.com.au/online/national/turnip-loose&quot;				
			}">
	<form id="catEntryForm_15718" name="catEntryForm_15718" action="AjaxOrderChangeServiceItemAdd">
		
<div class=" " data-catentry="catEntry_15718" data-refresh="{
				addCalculationUsage: &quot;-1&quot;,
				langId: &quot;-1&quot;,
				storeId: &quot;10601&quot;, 
				catEntryId: &quot;15718&quot;, 
				catEntryName: &quot;Turnips&quot;, 
				productView: &quot;list&quot;,
				productId: &quot;15718&quot;,
				itemId: &quot;37531&quot;,
				hideMultibuy: &quot;false&quot;,
                ticketType: &quot;&quot;,
                partNumber: &quot;4966737&quot;,
                offerCode: &quot;20141101&quot;
		}">
   	<div class="wrapper clearfix">   	
		

<h4 class="accessibility" id="heading_15718" tabindex="-1">
		Coles Fresh&nbsp;Turnips&nbsp;
		1 each&nbsp;
		 
</h4> 

<div class="offer-icon"></div>
<a role="presentation" aria-hidden="true" class="product-url" href="http://shop.coles.com.au/online/national/turnip-loose">
	    <img role="presentation" aria-hidden="true" class="photo" src="/wcsstore/Coles-CAS/images/4/9/6/4966737-th.jpg" onerror="this.src='/wcsstore/ColesStorefrontAssetStore/dist/e0a775baf05f/images/spacer.gif'" alt="Turnips" width="110" height="110">
	</a>

<div class="detail">	
    <span role="presentation" aria-hidden="true" class="brand">Coles Fresh</span>
    <span class="item" role="presentation" aria-hidden="true">
        <a role="presentation" aria-hidden="true" class="product-url" href="http://shop.coles.com.au/online/national/turnip-loose">
        	Turnips&nbsp;
        	1 each
        </a>
    </span>
	<span class="size">
		Each turnip approx. 180g; Product of Australia.	
 	</span>
</div>


	<div class="purchasing">	    
	    <div class="saving">
	    	
	    </div>
	   	
	    		<div class="price"><span class="accessibility">Purchase price </span><small>$</small>0.90</div>
	    	
	    <div class="unit-price"><span class="accessibility">Unit price </span>$4.98 per 1Kg</div>
	    <div class="special-offer">	    	
	    	
	    </div> 
	    <div class="availability">Temporarily unavailable</div>
	    <div class="purchase">
		
			<input type="number" title="Add Quantity for Coles Fresh Turnips 1 each" name="quantity" id="catEntry_15718_qty" value="1" maxlength="2" size="2" class="v-mandatory v-numeric v-minval-1">
	        <button role="button" type="submit" title="Add to trolley&nbsp;Coles Fresh Turnips 1 each" class="btn-red action-addToTrolley"><span role="presentation" aria-hidden="true">Add to trolley</span></button>
		
		</div>
	</div>
	<div class="lists">
		
	</div>


	    <div class="actions">
	        			
			   <div class="MUItemForTrolleyDiv MUItemForTrolley_37531" data-catentry="37531">
		         <div class="MUul_37531"><div class="MUli_37531 hidden" aria-hidden="true"><span class="inTrolley"><span class="MUSpan_37531">0</span> in trolley</span></div></div>
		       </div>
		        <p class="clear"></p>
			 
			<div class="member-usuals-remove">
				<a href="#" class="action-removeFromUsuals usuals-remove">Remove from list <span class="accessibility">Coles Fresh Turnips 1 each</span></a>			
			</div>
			
				<div class="list">
					<a href="#" class="action-addToList action-list-add">Add to list <span class="accessibility">Coles Fresh Turnips 1 each</span></a> 
				</div>
				<div class="member-list-add">
					<a href="#" class="action-addToList action-list-add">Add to another list <span class="accessibility">Coles Fresh Turnips 1 each</span></a>
				</div>
			
			<div class="member-list-remove">
				 <a href="#" class="action-removeFromList">Remove from list <span class="accessibility">Coles Fresh Turnips 1 each</span></a> 
			</div>
			
				<div class="compareProd" role="presentation" aria-hidden="true">
					<a href="#" class="compare compare-add">Compare</a>
				</div>
			
				<a href="http://shop.coles.com.au/online/national/turnip-loose" class="product-url accessibility">More details for Coles Fresh&nbsp;Turnips</a>
			
		</div>  
      

       	
		    <div role="presentation" aria-hidden="true" id="share" class="share" data-social="{productImgUrl:'http://shop.coles.com.au:27900/wcsstore/Coles-CAS/images/4/9/6/4966737-th.jpg'
	                                               ,productDisplayUrl:'http://shop.coles.com.au/online/national/turnip-loose'
	                                               ,title:'Coles Fresh Turnips Each turnip approx. 180g; Product of Australia.'
	                                               ,description:''}">
		 	</div>
 		
	</div>
</div>


	</form>
</div>


<span class="available hidden"></span>


<div class="outer-prod prodtile" data-refresh="{
					catalogId: &quot;10576&quot;,
					doInventory: &quot;N&quot;,
					fulfillmentCenterId: &quot;11576&quot;,
					forStoreId: &quot;10401&quot;,
					
					productDisplayURL: &quot;http://shop.coles.com.au/online/national/figs-prepacked-6837145p&quot;				
			}">
	<form id="catEntryForm_16393" name="catEntryForm_16393" action="AjaxOrderChangeServiceItemAdd">
		
<div class=" " data-catentry="catEntry_16393" data-refresh="{
				addCalculationUsage: &quot;-1&quot;,
				langId: &quot;-1&quot;,
				storeId: &quot;10601&quot;, 
				catEntryId: &quot;16393&quot;, 
				catEntryName: &quot;Figs Prepacked&quot;, 
				productView: &quot;list&quot;,
				productId: &quot;16393&quot;,
				itemId: &quot;31134&quot;,
				hideMultibuy: &quot;false&quot;,
                ticketType: &quot;&quot;,
                partNumber: &quot;6837145&quot;,
                offerCode: &quot;20141210&quot;
		}">
   	<div class="wrapper clearfix">   	
		

<h4 class="accessibility" id="heading_16393" tabindex="-1">
		Coles Fresh&nbsp;Figs Prepacked&nbsp;
		300g&nbsp;
		 
</h4> 

<div class="offer-icon"></div>
<a role="presentation" aria-hidden="true" class="product-url" href="http://shop.coles.com.au/online/national/figs-prepacked-6837145p">
	    <img role="presentation" aria-hidden="true" class="photo" src="/wcsstore/Coles-CAS/images/6/8/3/6837145-th.jpg" onerror="this.src='/wcsstore/ColesStorefrontAssetStore/dist/e0a775baf05f/images/spacer.gif'" alt="Figs Prepacked" width="110" height="110">
	</a>

<div class="detail">	
    <span role="presentation" aria-hidden="true" class="brand">Coles Fresh</span>
    <span class="item" role="presentation" aria-hidden="true">
        <a role="presentation" aria-hidden="true" class="product-url" href="http://shop.coles.com.au/online/national/figs-prepacked-6837145p">
        	Figs Prepacked&nbsp;
        	300g
        </a>
    </span>
	<span class="size">
		Product of Australia.	
 	</span>
</div>


	<div class="purchasing">	    
	    <div class="saving">
	    	
	    </div>
	   	
	    		<div class="price"><span class="accessibility">Purchase price </span><small>$</small>5.98</div>
	    	
	    <div class="unit-price"><span class="accessibility">Unit price </span>$19.93 per 1Kg</div>
	    <div class="special-offer">	    	
	    	
	    </div> 
	    <div class="availability">Temporarily unavailable</div>
	    <div class="purchase">
		
			<input type="number" title="Add Quantity for Coles Fresh Figs Prepacked 300g" name="quantity" id="catEntry_16393_qty" value="1" maxlength="2" size="2" class="v-mandatory v-numeric v-minval-1">
	        <button role="button" type="submit" title="Add to trolley&nbsp;Coles Fresh Figs Prepacked 300g" class="btn-red action-addToTrolley"><span role="presentation" aria-hidden="true">Add to trolley</span></button>
		
		</div>
	</div>
	<div class="lists">
		
	</div>


	    <div class="actions">
	        			
			   <div class="MUItemForTrolleyDiv MUItemForTrolley_31134" data-catentry="31134">
		         <div class="MUul_31134"><div class="MUli_31134 hidden" aria-hidden="true"><span class="inTrolley"><span class="MUSpan_31134">0</span> in trolley</span></div></div>
		       </div>
		        <p class="clear"></p>
			 
			<div class="member-usuals-remove">
				<a href="#" class="action-removeFromUsuals usuals-remove">Remove from list <span class="accessibility">Coles Fresh Figs Prepacked 300g</span></a>			
			</div>
			
				<div class="list">
					<a href="#" class="action-addToList action-list-add">Add to list <span class="accessibility">Coles Fresh Figs Prepacked 300g</span></a> 
				</div>
				<div class="member-list-add">
					<a href="#" class="action-addToList action-list-add">Add to another list <span class="accessibility">Coles Fresh Figs Prepacked 300g</span></a>
				</div>
			
			<div class="member-list-remove">
				 <a href="#" class="action-removeFromList">Remove from list <span class="accessibility">Coles Fresh Figs Prepacked 300g</span></a> 
			</div>
			
				<div class="compareProd" role="presentation" aria-hidden="true">
					<a href="#" class="compare compare-add">Compare</a>
				</div>
			
				<a href="http://shop.coles.com.au/online/national/figs-prepacked-6837145p" class="product-url accessibility">More details for Coles Fresh&nbsp;Figs Prepacked</a>
			
		</div>  
      

       	
		    <div role="presentation" aria-hidden="true" id="share" class="share" data-social="{productImgUrl:'http://shop.coles.com.au:27900/wcsstore/Coles-CAS/images/6/8/3/6837145-th.jpg'
	                                               ,productDisplayUrl:'http://shop.coles.com.au/online/national/figs-prepacked-6837145p'
	                                               ,title:'Coles Fresh Figs Prepacked Product of Australia.'
	                                               ,description:''}">
		 	</div>
 		
	</div>
</div>


	</form>
</div>


<span class="available hidden"></span>


<div class="outer-prod prodtile" data-refresh="{
					catalogId: &quot;10576&quot;,
					doInventory: &quot;N&quot;,
					fulfillmentCenterId: &quot;11576&quot;,
					forStoreId: &quot;10401&quot;,
					
					productDisplayURL: &quot;http://shop.coles.com.au/online/national/chokoes-loose&quot;				
			}">
	<form id="catEntryForm_20353" name="catEntryForm_20353" action="AjaxOrderChangeServiceItemAdd">
		
<div class=" " data-catentry="catEntry_20353" data-refresh="{
				addCalculationUsage: &quot;-1&quot;,
				langId: &quot;-1&quot;,
				storeId: &quot;10601&quot;, 
				catEntryId: &quot;20353&quot;, 
				catEntryName: &quot;Chokoes&quot;, 
				productView: &quot;list&quot;,
				productId: &quot;20353&quot;,
				itemId: &quot;37497&quot;,
				hideMultibuy: &quot;false&quot;,
                ticketType: &quot;&quot;,
                partNumber: &quot;5229814&quot;,
                offerCode: &quot;20150113&quot;
		}">
   	<div class="wrapper clearfix">   	
		

<h4 class="accessibility" id="heading_20353" tabindex="-1">
		Coles Fresh&nbsp;Chokoes&nbsp;
		1 each&nbsp;
		 
</h4> 

<div class="offer-icon"></div>
<a role="presentation" aria-hidden="true" class="product-url" href="http://shop.coles.com.au/online/national/chokoes-loose">
	    <img role="presentation" aria-hidden="true" class="photo" src="/wcsstore/Coles-CAS/images/5/2/2/5229814-th.jpg" onerror="this.src='/wcsstore/ColesStorefrontAssetStore/dist/e0a775baf05f/images/spacer.gif'" alt="Chokoes" width="110" height="110">
	</a>

<div class="detail">	
    <span role="presentation" aria-hidden="true" class="brand">Coles Fresh</span>
    <span class="item" role="presentation" aria-hidden="true">
        <a role="presentation" aria-hidden="true" class="product-url" href="http://shop.coles.com.au/online/national/chokoes-loose">
        	Chokoes&nbsp;
        	1 each
        </a>
    </span>
	<span class="size">
		Each choko approx. 300g; Product of Australia.	
 	</span>
</div>


	<div class="purchasing">	    
	    <div class="saving">
	    	
	    </div>
	   	
	    		<div class="price"><span class="accessibility">Purchase price </span><small>$</small>2.09</div>
	    	
	    <div class="unit-price"><span class="accessibility">Unit price </span>$6.98 per 1Kg</div>
	    <div class="special-offer">	    	
	    	
	    </div> 
	    <div class="availability">Temporarily unavailable</div>
	    <div class="purchase">
		
			<input type="number" title="Add Quantity for Coles Fresh Chokoes 1 each" name="quantity" id="catEntry_20353_qty" value="1" maxlength="2" size="2" class="v-mandatory v-numeric v-minval-1">
	        <button role="button" type="submit" title="Add to trolley&nbsp;Coles Fresh Chokoes 1 each" class="btn-red action-addToTrolley"><span role="presentation" aria-hidden="true">Add to trolley</span></button>
		
		</div>
	</div>
	<div class="lists">
		
	</div>


	    <div class="actions">
	        			
			   <div class="MUItemForTrolleyDiv MUItemForTrolley_37497" data-catentry="37497">
		         <div class="MUul_37497"><div class="MUli_37497 hidden" aria-hidden="true"><span class="inTrolley"><span class="MUSpan_37497">0</span> in trolley</span></div></div>
		       </div>
		        <p class="clear"></p>
			 
			<div class="member-usuals-remove">
				<a href="#" class="action-removeFromUsuals usuals-remove">Remove from list <span class="accessibility">Coles Fresh Chokoes 1 each</span></a>			
			</div>
			
				<div class="list">
					<a href="#" class="action-addToList action-list-add">Add to list <span class="accessibility">Coles Fresh Chokoes 1 each</span></a> 
				</div>
				<div class="member-list-add">
					<a href="#" class="action-addToList action-list-add">Add to another list <span class="accessibility">Coles Fresh Chokoes 1 each</span></a>
				</div>
			
			<div class="member-list-remove">
				 <a href="#" class="action-removeFromList">Remove from list <span class="accessibility">Coles Fresh Chokoes 1 each</span></a> 
			</div>
			
				<div class="compareProd" role="presentation" aria-hidden="true">
					<a href="#" class="compare compare-add">Compare</a>
				</div>
			
				<a href="http://shop.coles.com.au/online/national/chokoes-loose" class="product-url accessibility">More details for Coles Fresh&nbsp;Chokoes</a>
			
		</div>  
      

       	
		    <div role="presentation" aria-hidden="true" id="share" class="share" data-social="{productImgUrl:'http://shop.coles.com.au:27900/wcsstore/Coles-CAS/images/5/2/2/5229814-th.jpg'
	                                               ,productDisplayUrl:'http://shop.coles.com.au/online/national/chokoes-loose'
	                                               ,title:'Coles Fresh Chokoes Each choko approx. 300g; Product of Australia.'
	                                               ,description:''}">
		 	</div>
 		
	</div>
</div>


	</form>
</div>


<span class="available hidden"></span>


<div class="outer-prod prodtile" data-refresh="{
					catalogId: &quot;10576&quot;,
					doInventory: &quot;N&quot;,
					fulfillmentCenterId: &quot;11576&quot;,
					forStoreId: &quot;10401&quot;,
					
					productDisplayURL: &quot;http://shop.coles.com.au/online/national/herbs-sage-punnet&quot;				
			}">
	<form id="catEntryForm_26285" name="catEntryForm_26285" action="AjaxOrderChangeServiceItemAdd">
		
<div class="promo multiBuy " data-catentry="catEntry_26285" data-refresh="{
				addCalculationUsage: &quot;-1&quot;,
				langId: &quot;-1&quot;,
				storeId: &quot;10601&quot;, 
				catEntryId: &quot;26285&quot;, 
				catEntryName: &quot;Sage Punnet&quot;, 
				productView: &quot;list&quot;,
				productId: &quot;26285&quot;,
				itemId: &quot;40084&quot;,
				hideMultibuy: &quot;false&quot;,
                ticketType: &quot;M&quot;,
                partNumber: &quot;1106867&quot;,
                offerCode: &quot;20141028&quot;
		}">
   	<div class="wrapper clearfix">   	
		

<h4 class="accessibility" id="heading_26285" tabindex="-1">
		Coles Fresh&nbsp;Sage Punnet&nbsp;
		15g&nbsp;
		On special 
</h4> 

<div class="offer-icon"></div>
<a role="presentation" aria-hidden="true" class="product-url" href="http://shop.coles.com.au/online/national/herbs-sage-punnet">
	    <img role="presentation" aria-hidden="true" class="photo" src="/wcsstore/Coles-CAS/images/1/1/0/1106867-th.jpg" onerror="this.src='/wcsstore/ColesStorefrontAssetStore/dist/e0a775baf05f/images/spacer.gif'" alt="Sage Punnet" width="110" height="110">
	</a>

<div class="detail">	
    <span role="presentation" aria-hidden="true" class="brand">Coles Fresh</span>
    <span class="item" role="presentation" aria-hidden="true">
        <a role="presentation" aria-hidden="true" class="product-url" href="http://shop.coles.com.au/online/national/herbs-sage-punnet">
        	Sage Punnet&nbsp;
        	15g
        </a>
    </span>
	<span class="size">
			
 	</span>
</div>


	<div class="purchasing" data-promotion="{qualifier: &quot;2&quot;,promotionId: &quot;10080200&quot;,catEntryIds: &quot;18775,20690,20718,22033,22312,22331,22334,23508,23530,24607,24990,26285,26756,26757,26803,72076,80281,81190,81464,81465,81945,82097,82770,85067,85068,216008,216017,216019,224619,227599,231020,231033,287017,387002,431015&quot;}">
	    <div class="offer-detail">2 for $5</div>
	    <div class="offer-price">SAVE&nbsp;$0.96 / $16.67 per 100G</div>
	    <div class="availability">Temporarily unavailable</div>
	    <div class="offer-purchase">
	       <button type="submit" value="Choose any 2" class="btn-red action-addMultibuyToTrolley">Choose any 2</button> 	       
	    </div>
	    <div class="or"><span>OR</span></div>
	    <div class="std-price">1 for $2.98&nbsp;/&nbsp;$19.87 per 100G</div>
	    <div class="availability">Temporarily unavailable</div>
	    <div class="std-purchase">
	        <input type="number" title="Add Quantity for Coles Fresh Sage Punnet 15g" name="quantity" id="catEntry_26285_qty" value="1" maxlength="2" size="2" class="v-mandatory v-numeric v-minval-1">
	        <button role="button" type="submit" title="Add to trolley&nbsp;Coles Fresh Sage Punnet 15g" class="btn-red action-addToTrolley"><span role="presentation" aria-hidden="true">Add to trolley</span></button>	        
	    </div>
	</div>


	    <div class="actions">
	        			
			   <div class="MUItemForTrolleyDiv MUItemForTrolley_40084" data-catentry="40084">
		         <div class="MUul_40084"><div class="MUli_40084 hidden" aria-hidden="true"><span class="inTrolley"><span class="MUSpan_40084">0</span> in trolley</span></div></div>
		       </div>
		        <p class="clear"></p>
			 
			<div class="member-usuals-remove">
				<a href="#" class="action-removeFromUsuals usuals-remove">Remove from list <span class="accessibility">Coles Fresh Sage Punnet 15g</span></a>			
			</div>
			
				<div class="list">
					<a href="#" class="action-addToList action-list-add">Add to list <span class="accessibility">Coles Fresh Sage Punnet 15g</span></a> 
				</div>
				<div class="member-list-add">
					<a href="#" class="action-addToList action-list-add">Add to another list <span class="accessibility">Coles Fresh Sage Punnet 15g</span></a>
				</div>
			
			<div class="member-list-remove">
				 <a href="#" class="action-removeFromList">Remove from list <span class="accessibility">Coles Fresh Sage Punnet 15g</span></a> 
			</div>
			
				<div class="compareProd" role="presentation" aria-hidden="true">
					<a href="#" class="compare compare-add">Compare</a>
				</div>
			
				<a href="http://shop.coles.com.au/online/national/herbs-sage-punnet" class="product-url accessibility">More details for Coles Fresh&nbsp;Sage Punnet</a>
			
		</div>  
      

       	
		    <div role="presentation" aria-hidden="true" id="share" class="share" data-social="{productImgUrl:'http://shop.coles.com.au:27900/wcsstore/Coles-CAS/images/1/1/0/1106867-th.jpg'
	                                               ,productDisplayUrl:'http://shop.coles.com.au/online/national/herbs-sage-punnet'
	                                               ,title:'Coles Fresh Sage Punnet  '
	                                               ,description:''}">
		 	</div>
 		
	</div>
</div>


	</form>
</div>


<span class="available hidden"></span>


<div class="outer-prod prodtile" data-refresh="{
					catalogId: &quot;10576&quot;,
					doInventory: &quot;N&quot;,
					fulfillmentCenterId: &quot;11576&quot;,
					forStoreId: &quot;10401&quot;,
					
					productDisplayURL: &quot;http://shop.coles.com.au/online/national/carrots-chantenay-prepacked&quot;				
			}">
	<form id="catEntryForm_47836" name="catEntryForm_47836" action="AjaxOrderChangeServiceItemAdd">
		
<div class=" " data-catentry="catEntry_47836" data-refresh="{
				addCalculationUsage: &quot;-1&quot;,
				langId: &quot;-1&quot;,
				storeId: &quot;10601&quot;, 
				catEntryId: &quot;47836&quot;, 
				catEntryName: &quot;Chantenay Carrots Prepacked&quot;, 
				productView: &quot;list&quot;,
				productId: &quot;47836&quot;,
				itemId: &quot;163270&quot;,
				hideMultibuy: &quot;false&quot;,
                ticketType: &quot;&quot;,
                partNumber: &quot;9103206&quot;,
                offerCode: &quot;20150114&quot;
		}">
   	<div class="wrapper clearfix">   	
		

<h4 class="accessibility" id="heading_47836" tabindex="-1">
		Coles Fresh&nbsp;Chantenay Carrots Prepacked&nbsp;
		375g&nbsp;
		 
</h4> 

<div class="offer-icon"></div>
<a role="presentation" aria-hidden="true" class="product-url" href="http://shop.coles.com.au/online/national/carrots-chantenay-prepacked">
	    <img role="presentation" aria-hidden="true" class="photo" src="/wcsstore/Coles-CAS/images/9/1/0/9103206-th.jpg" onerror="this.src='/wcsstore/ColesStorefrontAssetStore/dist/e0a775baf05f/images/spacer.gif'" alt="Chantenay Carrots Prepacked" width="110" height="110">
	</a>

<div class="detail">	
    <span role="presentation" aria-hidden="true" class="brand">Coles Fresh</span>
    <span class="item" role="presentation" aria-hidden="true">
        <a role="presentation" aria-hidden="true" class="product-url" href="http://shop.coles.com.au/online/national/carrots-chantenay-prepacked">
        	Chantenay Carrots Prepacked&nbsp;
        	375g
        </a>
    </span>
	<span class="size">
		Product of Australia.	
 	</span>
</div>


	<div class="purchasing">	    
	    <div class="saving">
	    	
	    </div>
	   	
	    		<div class="price"><span class="accessibility">Purchase price </span><small>$</small>1.98</div>
	    	
	    <div class="unit-price"><span class="accessibility">Unit price </span>$5.28 per 1Kg</div>
	    <div class="special-offer">	    	
	    	
	    </div> 
	    <div class="availability">Temporarily unavailable</div>
	    <div class="purchase">
		
			<input type="number" title="Add Quantity for Coles Fresh Chantenay Carrots Prepacked 375g" name="quantity" id="catEntry_47836_qty" value="1" maxlength="2" size="2" class="v-mandatory v-numeric v-minval-1">
	        <button role="button" type="submit" title="Add to trolley&nbsp;Coles Fresh Chantenay Carrots Prepacked 375g" class="btn-red action-addToTrolley"><span role="presentation" aria-hidden="true">Add to trolley</span></button>
		
		</div>
	</div>
	<div class="lists">
		
	</div>


	    <div class="actions">
	        			
			   <div class="MUItemForTrolleyDiv MUItemForTrolley_163270" data-catentry="163270">
		         <div class="MUul_163270"><div class="MUli_163270 hidden" aria-hidden="true"><span class="inTrolley"><span class="MUSpan_163270">0</span> in trolley</span></div></div>
		       </div>
		        <p class="clear"></p>
			 
			<div class="member-usuals-remove">
				<a href="#" class="action-removeFromUsuals usuals-remove">Remove from list <span class="accessibility">Coles Fresh Chantenay Carrots Prepacked 375g</span></a>			
			</div>
			
				<div class="list">
					<a href="#" class="action-addToList action-list-add">Add to list <span class="accessibility">Coles Fresh Chantenay Carrots Prepacked 375g</span></a> 
				</div>
				<div class="member-list-add">
					<a href="#" class="action-addToList action-list-add">Add to another list <span class="accessibility">Coles Fresh Chantenay Carrots Prepacked 375g</span></a>
				</div>
			
			<div class="member-list-remove">
				 <a href="#" class="action-removeFromList">Remove from list <span class="accessibility">Coles Fresh Chantenay Carrots Prepacked 375g</span></a> 
			</div>
			
				<div class="compareProd" role="presentation" aria-hidden="true">
					<a href="#" class="compare compare-add">Compare</a>
				</div>
			
				<a href="http://shop.coles.com.au/online/national/carrots-chantenay-prepacked" class="product-url accessibility">More details for Coles Fresh&nbsp;Chantenay Carrots Prepacked</a>
			
		</div>  
      

       	
		    <div role="presentation" aria-hidden="true" id="share" class="share" data-social="{productImgUrl:'http://shop.coles.com.au:27900/wcsstore/Coles-CAS/images/9/1/0/9103206-th.jpg'
	                                               ,productDisplayUrl:'http://shop.coles.com.au/online/national/carrots-chantenay-prepacked'
	                                               ,title:'Coles Fresh Chantenay Carrots Prepacked Product of Australia.'
	                                               ,description:''}">
		 	</div>
 		
	</div>
</div>


	</form>
</div>


<span class="available hidden"></span>


<div class="outer-prod prodtile" data-refresh="{
					catalogId: &quot;10576&quot;,
					doInventory: &quot;N&quot;,
					fulfillmentCenterId: &quot;11576&quot;,
					forStoreId: &quot;10401&quot;,
					
					productDisplayURL: &quot;http://shop.coles.com.au/online/national/coles-fresh-mushrooms---flat-prepacked-4835466p&quot;				
			}">
	<form id="catEntryForm_80160" name="catEntryForm_80160" action="AjaxOrderChangeServiceItemAdd">
		
<div class=" " data-catentry="catEntry_80160" data-refresh="{
				addCalculationUsage: &quot;-1&quot;,
				langId: &quot;-1&quot;,
				storeId: &quot;10601&quot;, 
				catEntryId: &quot;80160&quot;, 
				catEntryName: &quot;Flat Mushrooms Prepacked&quot;, 
				productView: &quot;list&quot;,
				productId: &quot;80160&quot;,
				itemId: &quot;144546&quot;,
				hideMultibuy: &quot;false&quot;,
                ticketType: &quot;&quot;,
                partNumber: &quot;4835466&quot;,
                offerCode: &quot;20141225&quot;
		}">
   	<div class="wrapper clearfix">   	
		

<h4 class="accessibility" id="heading_80160" tabindex="-1">
		Coles Fresh&nbsp;Flat Mushrooms Prepacked&nbsp;
		375g&nbsp;
		 
</h4> 

<div class="offer-icon"></div>
<a role="presentation" aria-hidden="true" class="product-url" href="http://shop.coles.com.au/online/national/coles-fresh-mushrooms---flat-prepacked-4835466p">
	    <img role="presentation" aria-hidden="true" class="photo" src="/wcsstore/Coles-CAS/images/4/8/3/4835466-th.jpg" onerror="this.src='/wcsstore/ColesStorefrontAssetStore/dist/e0a775baf05f/images/spacer.gif'" alt="Flat Mushrooms Prepacked" width="110" height="110">
	</a>

<div class="detail">	
    <span role="presentation" aria-hidden="true" class="brand">Coles Fresh</span>
    <span class="item" role="presentation" aria-hidden="true">
        <a role="presentation" aria-hidden="true" class="product-url" href="http://shop.coles.com.au/online/national/coles-fresh-mushrooms---flat-prepacked-4835466p">
        	Flat Mushrooms Prepacked&nbsp;
        	375g
        </a>
    </span>
	<span class="size">
		Product of Australia.	
 	</span>
</div>


	<div class="purchasing">	    
	    <div class="saving">
	    	
	    </div>
	   	
	    		<div class="price"><span class="accessibility">Purchase price </span><small>$</small>6.98</div>
	    	
	    <div class="unit-price"><span class="accessibility">Unit price </span>$18.61 per 1Kg</div>
	    <div class="special-offer">	    	
	    	
	    </div> 
	    <div class="availability">Temporarily unavailable</div>
	    <div class="purchase">
		
			<input type="number" title="Add Quantity for Coles Fresh Flat Mushrooms Prepacked 375g" name="quantity" id="catEntry_80160_qty" value="1" maxlength="2" size="2" class="v-mandatory v-numeric v-minval-1">
	        <button role="button" type="submit" title="Add to trolley&nbsp;Coles Fresh Flat Mushrooms Prepacked 375g" class="btn-red action-addToTrolley"><span role="presentation" aria-hidden="true">Add to trolley</span></button>
		
		</div>
	</div>
	<div class="lists">
		
	</div>


	    <div class="actions">
	        			
			   <div class="MUItemForTrolleyDiv MUItemForTrolley_144546" data-catentry="144546">
		         <div class="MUul_144546"><div class="MUli_144546 hidden" aria-hidden="true"><span class="inTrolley"><span class="MUSpan_144546">0</span> in trolley</span></div></div>
		       </div>
		        <p class="clear"></p>
			 
			<div class="member-usuals-remove">
				<a href="#" class="action-removeFromUsuals usuals-remove">Remove from list <span class="accessibility">Coles Fresh Flat Mushrooms Prepacked 375g</span></a>			
			</div>
			
				<div class="list">
					<a href="#" class="action-addToList action-list-add">Add to list <span class="accessibility">Coles Fresh Flat Mushrooms Prepacked 375g</span></a> 
				</div>
				<div class="member-list-add">
					<a href="#" class="action-addToList action-list-add">Add to another list <span class="accessibility">Coles Fresh Flat Mushrooms Prepacked 375g</span></a>
				</div>
			
			<div class="member-list-remove">
				 <a href="#" class="action-removeFromList">Remove from list <span class="accessibility">Coles Fresh Flat Mushrooms Prepacked 375g</span></a> 
			</div>
			
				<div class="compareProd" role="presentation" aria-hidden="true">
					<a href="#" class="compare compare-add">Compare</a>
				</div>
			
				<a href="http://shop.coles.com.au/online/national/coles-fresh-mushrooms---flat-prepacked-4835466p" class="product-url accessibility">More details for Coles Fresh&nbsp;Flat Mushrooms Prepacked</a>
			
		</div>  
      

       	
		    <div role="presentation" aria-hidden="true" id="share" class="share" data-social="{productImgUrl:'http://shop.coles.com.au:27900/wcsstore/Coles-CAS/images/4/8/3/4835466-th.jpg'
	                                               ,productDisplayUrl:'http://shop.coles.com.au/online/national/coles-fresh-mushrooms---flat-prepacked-4835466p'
	                                               ,title:'Coles Fresh Flat Mushrooms Prepacked Product of Australia.'
	                                               ,description:'COLES MUSHROOM Flat 375g'}">
		 	</div>
 		
	</div>
</div>


	</form>
</div>


<span class="available hidden"></span>


<div class="outer-prod prodtile" data-refresh="{
					catalogId: &quot;10576&quot;,
					doInventory: &quot;N&quot;,
					fulfillmentCenterId: &quot;11576&quot;,
					forStoreId: &quot;10401&quot;,
					
					productDisplayURL: &quot;http://shop.coles.com.au/online/national/coles-fresh-rhubarb---bunch&quot;				
			}">
	<form id="catEntryForm_81104" name="catEntryForm_81104" action="AjaxOrderChangeServiceItemAdd">
		
<div class=" " data-catentry="catEntry_81104" data-refresh="{
				addCalculationUsage: &quot;-1&quot;,
				langId: &quot;-1&quot;,
				storeId: &quot;10601&quot;, 
				catEntryId: &quot;81104&quot;, 
				catEntryName: &quot;Rhubarb&quot;, 
				productView: &quot;list&quot;,
				productId: &quot;81104&quot;,
				itemId: &quot;146688&quot;,
				hideMultibuy: &quot;false&quot;,
                ticketType: &quot;&quot;,
                partNumber: &quot;408372&quot;,
                offerCode: &quot;20141107&quot;
		}">
   	<div class="wrapper clearfix">   	
		

<h4 class="accessibility" id="heading_81104" tabindex="-1">
		Coles Fresh&nbsp;Rhubarb&nbsp;
		1 bunch&nbsp;
		 
</h4> 

<div class="offer-icon"></div>
<a role="presentation" aria-hidden="true" class="product-url" href="http://shop.coles.com.au/online/national/coles-fresh-rhubarb---bunch">
	    <img role="presentation" aria-hidden="true" class="photo" src="/wcsstore/Coles-CAS/images/4/0/8/408372-th.jpg" onerror="this.src='/wcsstore/ColesStorefrontAssetStore/dist/e0a775baf05f/images/spacer.gif'" alt="Rhubarb" width="110" height="110">
	</a>

<div class="detail">	
    <span role="presentation" aria-hidden="true" class="brand">Coles Fresh</span>
    <span class="item" role="presentation" aria-hidden="true">
        <a role="presentation" aria-hidden="true" class="product-url" href="http://shop.coles.com.au/online/national/coles-fresh-rhubarb---bunch">
        	Rhubarb&nbsp;
        	1 bunch
        </a>
    </span>
	<span class="size">
		Product of Australia.	
 	</span>
</div>


	<div class="purchasing">	    
	    <div class="saving">
	    	
	    </div>
	   	
	    		<div class="price"><span class="accessibility">Purchase price </span><small>$</small>5.98</div>
	    	
	    <div class="unit-price"><span class="accessibility">Unit price </span>$5.98 per 1Ea</div>
	    <div class="special-offer">	    	
	    	
	    </div> 
	    <div class="availability">Temporarily unavailable</div>
	    <div class="purchase">
		
			<input type="number" title="Add Quantity for Coles Fresh Rhubarb 1 bunch" name="quantity" id="catEntry_81104_qty" value="1" maxlength="2" size="2" class="v-mandatory v-numeric v-minval-1">
	        <button role="button" type="submit" title="Add to trolley&nbsp;Coles Fresh Rhubarb 1 bunch" class="btn-red action-addToTrolley"><span role="presentation" aria-hidden="true">Add to trolley</span></button>
		
		</div>
	</div>
	<div class="lists">
		
	</div>


	    <div class="actions">
	        			
			   <div class="MUItemForTrolleyDiv MUItemForTrolley_146688" data-catentry="146688">
		         <div class="MUul_146688"><div class="MUli_146688 hidden" aria-hidden="true"><span class="inTrolley"><span class="MUSpan_146688">0</span> in trolley</span></div></div>
		       </div>
		        <p class="clear"></p>
			 
			<div class="member-usuals-remove">
				<a href="#" class="action-removeFromUsuals usuals-remove">Remove from list <span class="accessibility">Coles Fresh Rhubarb 1 bunch</span></a>			
			</div>
			
				<div class="list">
					<a href="#" class="action-addToList action-list-add">Add to list <span class="accessibility">Coles Fresh Rhubarb 1 bunch</span></a> 
				</div>
				<div class="member-list-add">
					<a href="#" class="action-addToList action-list-add">Add to another list <span class="accessibility">Coles Fresh Rhubarb 1 bunch</span></a>
				</div>
			
			<div class="member-list-remove">
				 <a href="#" class="action-removeFromList">Remove from list <span class="accessibility">Coles Fresh Rhubarb 1 bunch</span></a> 
			</div>
			
				<div class="compareProd" role="presentation" aria-hidden="true">
					<a href="#" class="compare compare-add">Compare</a>
				</div>
			
				<a href="http://shop.coles.com.au/online/national/coles-fresh-rhubarb---bunch" class="product-url accessibility">More details for Coles Fresh&nbsp;Rhubarb</a>
			
		</div>  
      

       	
		    <div role="presentation" aria-hidden="true" id="share" class="share" data-social="{productImgUrl:'http://shop.coles.com.au:27900/wcsstore/Coles-CAS/images/4/0/8/408372-th.jpg'
	                                               ,productDisplayUrl:'http://shop.coles.com.au/online/national/coles-fresh-rhubarb---bunch'
	                                               ,title:'Coles Fresh Rhubarb Product of Australia.'
	                                               ,description:''}">
		 	</div>
 		
	</div>
</div>


	</form>
</div>


<span class="available hidden"></span>


<div class="outer-prod prodtile" data-refresh="{
					catalogId: &quot;10576&quot;,
					doInventory: &quot;N&quot;,
					fulfillmentCenterId: &quot;11576&quot;,
					forStoreId: &quot;10401&quot;,
					
					productDisplayURL: &quot;http://shop.coles.com.au/online/national/wombok-chinese-cabbage-whole&quot;				
			}">
	<form id="catEntryForm_84302" name="catEntryForm_84302" action="AjaxOrderChangeServiceItemAdd">
		
<div class=" " data-catentry="catEntry_84302" data-refresh="{
				addCalculationUsage: &quot;-1&quot;,
				langId: &quot;-1&quot;,
				storeId: &quot;10601&quot;, 
				catEntryId: &quot;84302&quot;, 
				catEntryName: &quot;Wombok Cabbage Whole&quot;, 
				productView: &quot;list&quot;,
				productId: &quot;84302&quot;,
				itemId: &quot;145152&quot;,
				hideMultibuy: &quot;false&quot;,
                ticketType: &quot;&quot;,
                partNumber: &quot;4879042&quot;,
                offerCode: &quot;20141218&quot;
		}">
   	<div class="wrapper clearfix">   	
		

<h4 class="accessibility" id="heading_84302" tabindex="-1">
		Coles Fresh&nbsp;Wombok Cabbage Whole&nbsp;
		1 each&nbsp;
		 
</h4> 

<div class="offer-icon"></div>
<a role="presentation" aria-hidden="true" class="product-url" href="http://shop.coles.com.au/online/national/wombok-chinese-cabbage-whole">
	    <img role="presentation" aria-hidden="true" class="photo" src="/wcsstore/Coles-CAS/images/4/8/7/4879042-th.jpg" onerror="this.src='/wcsstore/ColesStorefrontAssetStore/dist/e0a775baf05f/images/spacer.gif'" alt="Wombok Cabbage Whole" width="110" height="110">
	</a>

<div class="detail">	
    <span role="presentation" aria-hidden="true" class="brand">Coles Fresh</span>
    <span class="item" role="presentation" aria-hidden="true">
        <a role="presentation" aria-hidden="true" class="product-url" href="http://shop.coles.com.au/online/national/wombok-chinese-cabbage-whole">
        	Wombok Cabbage Whole&nbsp;
        	1 each
        </a>
    </span>
	<span class="size">
		Product of Australia.	
 	</span>
</div>


	<div class="purchasing">	    
	    <div class="saving">
	    	
	    </div>
	   	
	    		<div class="price"><span class="accessibility">Purchase price </span><small>$</small>6.98</div>
	    	
	    <div class="unit-price"><span class="accessibility">Unit price </span>$6.98 per 1Ea</div>
	    <div class="special-offer">	    	
	    	
	    </div> 
	    <div class="availability">Temporarily unavailable</div>
	    <div class="purchase">
		
			<input type="number" title="Add Quantity for Coles Fresh Wombok Cabbage Whole 1 each" name="quantity" id="catEntry_84302_qty" value="1" maxlength="2" size="2" class="v-mandatory v-numeric v-minval-1">
	        <button role="button" type="submit" title="Add to trolley&nbsp;Coles Fresh Wombok Cabbage Whole 1 each" class="btn-red action-addToTrolley"><span role="presentation" aria-hidden="true">Add to trolley</span></button>
		
		</div>
	</div>
	<div class="lists">
		
	</div>


	    <div class="actions">
	        			
			   <div class="MUItemForTrolleyDiv MUItemForTrolley_145152" data-catentry="145152">
		         <div class="MUul_145152"><div class="MUli_145152 hidden" aria-hidden="true"><span class="inTrolley"><span class="MUSpan_145152">0</span> in trolley</span></div></div>
		       </div>
		        <p class="clear"></p>
			 
			<div class="member-usuals-remove">
				<a href="#" class="action-removeFromUsuals usuals-remove">Remove from list <span class="accessibility">Coles Fresh Wombok Cabbage Whole 1 each</span></a>			
			</div>
			
				<div class="list">
					<a href="#" class="action-addToList action-list-add">Add to list <span class="accessibility">Coles Fresh Wombok Cabbage Whole 1 each</span></a> 
				</div>
				<div class="member-list-add">
					<a href="#" class="action-addToList action-list-add">Add to another list <span class="accessibility">Coles Fresh Wombok Cabbage Whole 1 each</span></a>
				</div>
			
			<div class="member-list-remove">
				 <a href="#" class="action-removeFromList">Remove from list <span class="accessibility">Coles Fresh Wombok Cabbage Whole 1 each</span></a> 
			</div>
			
				<div class="compareProd" role="presentation" aria-hidden="true">
					<a href="#" class="compare compare-add">Compare</a>
				</div>
			
				<a href="http://shop.coles.com.au/online/national/wombok-chinese-cabbage-whole" class="product-url accessibility">More details for Coles Fresh&nbsp;Wombok Cabbage Whole</a>
			
		</div>  
      

       	
		    <div role="presentation" aria-hidden="true" id="share" class="share" data-social="{productImgUrl:'http://shop.coles.com.au:27900/wcsstore/Coles-CAS/images/4/8/7/4879042-th.jpg'
	                                               ,productDisplayUrl:'http://shop.coles.com.au/online/national/wombok-chinese-cabbage-whole'
	                                               ,title:'Coles Fresh Wombok Cabbage Whole Product of Australia.'
	                                               ,description:''}">
		 	</div>
 		
	</div>
</div>


	</form>
</div>


<span class="available hidden"></span>


<div class="outer-prod prodtile" data-refresh="{
					catalogId: &quot;10576&quot;,
					doInventory: &quot;N&quot;,
					fulfillmentCenterId: &quot;11576&quot;,
					forStoreId: &quot;10401&quot;,
					
					productDisplayURL: &quot;http://shop.coles.com.au/online/national/coles-fresh-cabbage---kale-red-bunch&quot;				
			}">
	<form id="catEntryForm_224550" name="catEntryForm_224550" action="AjaxOrderChangeServiceItemAdd">
		
<div class=" " data-catentry="catEntry_224550" data-refresh="{
				addCalculationUsage: &quot;-1&quot;,
				langId: &quot;-1&quot;,
				storeId: &quot;10601&quot;, 
				catEntryId: &quot;224550&quot;, 
				catEntryName: &quot;Red Kale&quot;, 
				productView: &quot;list&quot;,
				productId: &quot;224550&quot;,
				itemId: &quot;224644&quot;,
				hideMultibuy: &quot;false&quot;,
                ticketType: &quot;&quot;,
                partNumber: &quot;1547374&quot;,
                offerCode: &quot;20150123&quot;
		}">
   	<div class="wrapper clearfix">   	
		

<h4 class="accessibility" id="heading_224550" tabindex="-1">
		Coles Fresh&nbsp;Red Kale&nbsp;
		1 bunch&nbsp;
		 
</h4> 

<div class="offer-icon"></div>
<a role="presentation" aria-hidden="true" class="product-url" href="http://shop.coles.com.au/online/national/coles-fresh-cabbage---kale-red-bunch">
	    <img role="presentation" aria-hidden="true" class="photo" src="/wcsstore/Coles-CAS/images/1/5/4/1547374-th.jpg" onerror="this.src='/wcsstore/ColesStorefrontAssetStore/dist/e0a775baf05f/images/spacer.gif'" alt="Red Kale" width="110" height="110">
	</a>

<div class="detail">	
    <span role="presentation" aria-hidden="true" class="brand">Coles Fresh</span>
    <span class="item" role="presentation" aria-hidden="true">
        <a role="presentation" aria-hidden="true" class="product-url" href="http://shop.coles.com.au/online/national/coles-fresh-cabbage---kale-red-bunch">
        	Red Kale&nbsp;
        	1 bunch
        </a>
    </span>
	<span class="size">
		Product of Australia.	
 	</span>
</div>


	<div class="purchasing">	    
	    <div class="saving">
	    	
	    </div>
	   	
	    		<div class="price"><span class="accessibility">Purchase price </span><small>$</small>3.98</div>
	    	
	    <div class="unit-price"><span class="accessibility">Unit price </span>$3.98 per 1Ea</div>
	    <div class="special-offer">	    	
	    	
	    </div> 
	    <div class="availability">Temporarily unavailable</div>
	    <div class="purchase">
		
			<input type="number" title="Add Quantity for Coles Fresh Red Kale 1 bunch" name="quantity" id="catEntry_224550_qty" value="1" maxlength="2" size="2" class="v-mandatory v-numeric v-minval-1">
	        <button role="button" type="submit" title="Add to trolley&nbsp;Coles Fresh Red Kale 1 bunch" class="btn-red action-addToTrolley"><span role="presentation" aria-hidden="true">Add to trolley</span></button>
		
		</div>
	</div>
	<div class="lists">
		
	</div>


	    <div class="actions">
	        			
			   <div class="MUItemForTrolleyDiv MUItemForTrolley_224644" data-catentry="224644">
		         <div class="MUul_224644"><div class="MUli_224644 hidden" aria-hidden="true"><span class="inTrolley"><span class="MUSpan_224644">0</span> in trolley</span></div></div>
		       </div>
		        <p class="clear"></p>
			 
			<div class="member-usuals-remove">
				<a href="#" class="action-removeFromUsuals usuals-remove">Remove from list <span class="accessibility">Coles Fresh Red Kale 1 bunch</span></a>			
			</div>
			
				<div class="list">
					<a href="#" class="action-addToList action-list-add">Add to list <span class="accessibility">Coles Fresh Red Kale 1 bunch</span></a> 
				</div>
				<div class="member-list-add">
					<a href="#" class="action-addToList action-list-add">Add to another list <span class="accessibility">Coles Fresh Red Kale 1 bunch</span></a>
				</div>
			
			<div class="member-list-remove">
				 <a href="#" class="action-removeFromList">Remove from list <span class="accessibility">Coles Fresh Red Kale 1 bunch</span></a> 
			</div>
			
				<div class="compareProd" role="presentation" aria-hidden="true">
					<a href="#" class="compare compare-add">Compare</a>
				</div>
			
				<a href="http://shop.coles.com.au/online/national/coles-fresh-cabbage---kale-red-bunch" class="product-url accessibility">More details for Coles Fresh&nbsp;Red Kale</a>
			
		</div>  
      

       	
		    <div role="presentation" aria-hidden="true" id="share" class="share" data-social="{productImgUrl:'http://shop.coles.com.au:27900/wcsstore/Coles-CAS/images/1/5/4/1547374-th.jpg'
	                                               ,productDisplayUrl:'http://shop.coles.com.au/online/national/coles-fresh-cabbage---kale-red-bunch'
	                                               ,title:'Coles Fresh Red Kale Product of Australia.'
	                                               ,description:''}">
		 	</div>
 		
	</div>
</div>


	</form>
</div>


<span class="available hidden"></span>


<div class="outer-prod prodtile" data-refresh="{
					catalogId: &quot;10576&quot;,
					doInventory: &quot;N&quot;,
					fulfillmentCenterId: &quot;11576&quot;,
					forStoreId: &quot;10401&quot;,
					
					productDisplayURL: &quot;http://shop.coles.com.au/online/national/coles-fresh-grapes---globe-red-seeded-5470227p&quot;				
			}">
	<form id="catEntryForm_270009" name="catEntryForm_270009" action="AjaxOrderChangeServiceItemAdd">
		
<div class=" " data-catentry="catEntry_270009" data-refresh="{
				addCalculationUsage: &quot;-1&quot;,
				langId: &quot;-1&quot;,
				storeId: &quot;10601&quot;, 
				catEntryId: &quot;270009&quot;, 
				catEntryName: &quot;Red Seeded Globe Grapes loose&quot;, 
				productView: &quot;list&quot;,
				productId: &quot;270009&quot;,
				itemId: &quot;270081&quot;,
				hideMultibuy: &quot;false&quot;,
                ticketType: &quot;&quot;,
                partNumber: &quot;5470227&quot;,
                offerCode: &quot;20150121&quot;
		}">
   	<div class="wrapper clearfix">   	
		

<h4 class="accessibility" id="heading_270009" tabindex="-1">
		Coles Fresh&nbsp;Red Seeded Globe Grapes loose&nbsp;
		approx. 800g&nbsp;
		 
</h4> 

<div class="offer-icon"></div>
<a role="presentation" aria-hidden="true" class="product-url" href="http://shop.coles.com.au/online/national/coles-fresh-grapes---globe-red-seeded-5470227p">
	    <img role="presentation" aria-hidden="true" class="photo" src="/wcsstore/Coles-CAS/images/5/4/7/5470227-th.jpg" onerror="this.src='/wcsstore/ColesStorefrontAssetStore/dist/e0a775baf05f/images/spacer.gif'" alt="Red Seeded Globe Grapes loose" width="110" height="110">
	</a>

<div class="detail">	
    <span role="presentation" aria-hidden="true" class="brand">Coles Fresh</span>
    <span class="item" role="presentation" aria-hidden="true">
        <a role="presentation" aria-hidden="true" class="product-url" href="http://shop.coles.com.au/online/national/coles-fresh-grapes---globe-red-seeded-5470227p">
        	Red Seeded Globe Grapes loose&nbsp;
        	approx. 800g
        </a>
    </span>
	<span class="size">
		Product of Australia.	
 	</span>
</div>


	<div class="purchasing">	    
	    <div class="saving">
	    	
	    </div>
	   	
	    		<div class="price"><span class="accessibility">Purchase price </span><small>$</small>3.18</div>
	    	
	    <div class="unit-price"><span class="accessibility">Unit price </span>$3.98 per 1Kg</div>
	    <div class="special-offer">	    	
	    	
	    </div> 
	    <div class="availability">Temporarily unavailable</div>
	    <div class="purchase">
		
			<input type="number" title="Add Quantity for Coles Fresh Red Seeded Globe Grapes loose approx. 800g" name="quantity" id="catEntry_270009_qty" value="1" maxlength="2" size="2" class="v-mandatory v-numeric v-minval-1">
	        <button role="button" type="submit" title="Add to trolley&nbsp;Coles Fresh Red Seeded Globe Grapes loose approx. 800g" class="btn-red action-addToTrolley"><span role="presentation" aria-hidden="true">Add to trolley</span></button>
		
		</div>
	</div>
	<div class="lists">
		
	</div>


	    <div class="actions">
	        			
			   <div class="MUItemForTrolleyDiv MUItemForTrolley_270081" data-catentry="270081">
		         <div class="MUul_270081"><div class="MUli_270081 hidden" aria-hidden="true"><span class="inTrolley"><span class="MUSpan_270081">0</span> in trolley</span></div></div>
		       </div>
		        <p class="clear"></p>
			 
			<div class="member-usuals-remove">
				<a href="#" class="action-removeFromUsuals usuals-remove">Remove from list <span class="accessibility">Coles Fresh Red Seeded Globe Grapes loose approx. 800g</span></a>			
			</div>
			
				<div class="list">
					<a href="#" class="action-addToList action-list-add">Add to list <span class="accessibility">Coles Fresh Red Seeded Globe Grapes loose approx. 800g</span></a> 
				</div>
				<div class="member-list-add">
					<a href="#" class="action-addToList action-list-add">Add to another list <span class="accessibility">Coles Fresh Red Seeded Globe Grapes loose approx. 800g</span></a>
				</div>
			
			<div class="member-list-remove">
				 <a href="#" class="action-removeFromList">Remove from list <span class="accessibility">Coles Fresh Red Seeded Globe Grapes loose approx. 800g</span></a> 
			</div>
			
				<div class="compareProd" role="presentation" aria-hidden="true">
					<a href="#" class="compare compare-add">Compare</a>
				</div>
			
				<a href="http://shop.coles.com.au/online/national/coles-fresh-grapes---globe-red-seeded-5470227p" class="product-url accessibility">More details for Coles Fresh&nbsp;Red Seeded Globe Grapes loose</a>
			
		</div>  
      

       	
		    <div role="presentation" aria-hidden="true" id="share" class="share" data-social="{productImgUrl:'http://shop.coles.com.au:27900/wcsstore/Coles-CAS/images/5/4/7/5470227-th.jpg'
	                                               ,productDisplayUrl:'http://shop.coles.com.au/online/national/coles-fresh-grapes---globe-red-seeded-5470227p'
	                                               ,title:'Coles Fresh Red Seeded Globe Grapes loose Product of Australia.'
	                                               ,description:''}">
		 	</div>
 		
	</div>
</div>


	</form>
</div>


<span class="available hidden"></span>


<div class="outer-prod prodtile" data-refresh="{
					catalogId: &quot;10576&quot;,
					doInventory: &quot;N&quot;,
					fulfillmentCenterId: &quot;11576&quot;,
					forStoreId: &quot;10401&quot;,
					
					productDisplayURL: &quot;http://shop.coles.com.au/online/national/coles-fresh-red-seedless-grapes-prepacked&quot;				
			}">
	<form id="catEntryForm_403633" name="catEntryForm_403633" action="AjaxOrderChangeServiceItemAdd">
		
<div class=" " data-catentry="catEntry_403633" data-refresh="{
				addCalculationUsage: &quot;-1&quot;,
				langId: &quot;-1&quot;,
				storeId: &quot;10601&quot;, 
				catEntryId: &quot;403633&quot;, 
				catEntryName: &quot;Red Seedless Grapes Prepacked&quot;, 
				productView: &quot;list&quot;,
				productId: &quot;403633&quot;,
				itemId: &quot;403753&quot;,
				hideMultibuy: &quot;false&quot;,
                ticketType: &quot;&quot;,
                partNumber: &quot;1170210&quot;,
                offerCode: &quot;20150107&quot;
		}">
   	<div class="wrapper clearfix">   	
		

<h4 class="accessibility" id="heading_403633" tabindex="-1">
		Coles Fresh&nbsp;Red Seedless Grapes Prepacked&nbsp;
		500g&nbsp;
		 
</h4> 

<div class="offer-icon"></div>
<a role="presentation" aria-hidden="true" class="product-url" href="http://shop.coles.com.au/online/national/coles-fresh-red-seedless-grapes-prepacked">
	    <img role="presentation" aria-hidden="true" class="photo" src="/wcsstore/Coles-CAS/images/1/1/7/1170210-th.jpg" onerror="this.src='/wcsstore/ColesStorefrontAssetStore/dist/e0a775baf05f/images/spacer.gif'" alt="Red Seedless Grapes Prepacked" width="110" height="110">
	</a>

<div class="detail">	
    <span role="presentation" aria-hidden="true" class="brand">Coles Fresh</span>
    <span class="item" role="presentation" aria-hidden="true">
        <a role="presentation" aria-hidden="true" class="product-url" href="http://shop.coles.com.au/online/national/coles-fresh-red-seedless-grapes-prepacked">
        	Red Seedless Grapes Prepacked&nbsp;
        	500g
        </a>
    </span>
	<span class="size">
		Product of Australia	
 	</span>
</div>


	<div class="purchasing">	    
	    <div class="saving">
	    	
	    </div>
	   	
	    		<div class="price"><span class="accessibility">Purchase price </span><small>$</small>4.98</div>
	    	
	    <div class="unit-price"><span class="accessibility">Unit price </span>$9.96 per 1Kg</div>
	    <div class="special-offer">	    	
	    	
	    </div> 
	    <div class="availability">Temporarily unavailable</div>
	    <div class="purchase">
		
			<input type="number" title="Add Quantity for Coles Fresh Red Seedless Grapes Prepacked 500g" name="quantity" id="catEntry_403633_qty" value="1" maxlength="2" size="2" class="v-mandatory v-numeric v-minval-1">
	        <button role="button" type="submit" title="Add to trolley&nbsp;Coles Fresh Red Seedless Grapes Prepacked 500g" class="btn-red action-addToTrolley"><span role="presentation" aria-hidden="true">Add to trolley</span></button>
		
		</div>
	</div>
	<div class="lists">
		
	</div>


	    <div class="actions">
	        			
			   <div class="MUItemForTrolleyDiv MUItemForTrolley_403753" data-catentry="403753">
		         <div class="MUul_403753"><div class="MUli_403753 hidden" aria-hidden="true"><span class="inTrolley"><span class="MUSpan_403753">0</span> in trolley</span></div></div>
		       </div>
		        <p class="clear"></p>
			 
			<div class="member-usuals-remove">
				<a href="#" class="action-removeFromUsuals usuals-remove">Remove from list <span class="accessibility">Coles Fresh Red Seedless Grapes Prepacked 500g</span></a>			
			</div>
			
				<div class="list">
					<a href="#" class="action-addToList action-list-add">Add to list <span class="accessibility">Coles Fresh Red Seedless Grapes Prepacked 500g</span></a> 
				</div>
				<div class="member-list-add">
					<a href="#" class="action-addToList action-list-add">Add to another list <span class="accessibility">Coles Fresh Red Seedless Grapes Prepacked 500g</span></a>
				</div>
			
			<div class="member-list-remove">
				 <a href="#" class="action-removeFromList">Remove from list <span class="accessibility">Coles Fresh Red Seedless Grapes Prepacked 500g</span></a> 
			</div>
			
				<div class="compareProd" role="presentation" aria-hidden="true">
					<a href="#" class="compare compare-add">Compare</a>
				</div>
			
				<a href="http://shop.coles.com.au/online/national/coles-fresh-red-seedless-grapes-prepacked" class="product-url accessibility">More details for Coles Fresh&nbsp;Red Seedless Grapes Prepacked</a>
			
		</div>  
      

       	
		    <div role="presentation" aria-hidden="true" id="share" class="share" data-social="{productImgUrl:'http://shop.coles.com.au:27900/wcsstore/Coles-CAS/images/1/1/7/1170210-th.jpg'
	                                               ,productDisplayUrl:'http://shop.coles.com.au/online/national/coles-fresh-red-seedless-grapes-prepacked'
	                                               ,title:'Coles Fresh Red Seedless Grapes Prepacked Product of Australia'
	                                               ,description:''}">
		 	</div>
 		
	</div>
</div>


	</form>
</div>


<span class="available hidden"></span>


<div class="outer-prod prodtile" data-refresh="{
					catalogId: &quot;10576&quot;,
					doInventory: &quot;N&quot;,
					fulfillmentCenterId: &quot;11576&quot;,
					forStoreId: &quot;10401&quot;,
					
					productDisplayURL: &quot;http://shop.coles.com.au/online/national/coles-fresh-nectarines-2118136p&quot;				
			}">
	<form id="catEntryForm_431009" name="catEntryForm_431009" action="AjaxOrderChangeServiceItemAdd">
		
<div class=" " data-catentry="catEntry_431009" data-refresh="{
				addCalculationUsage: &quot;-1&quot;,
				langId: &quot;-1&quot;,
				storeId: &quot;10601&quot;, 
				catEntryId: &quot;431009&quot;, 
				catEntryName: &quot;Nectarines&quot;, 
				productView: &quot;list&quot;,
				productId: &quot;431009&quot;,
				itemId: &quot;431037&quot;,
				hideMultibuy: &quot;false&quot;,
                ticketType: &quot;&quot;,
                partNumber: &quot;2118136&quot;,
                offerCode: &quot;20141129&quot;
		}">
   	<div class="wrapper clearfix">   	
		

<h4 class="accessibility" id="heading_431009" tabindex="-1">
		Coles Fresh&nbsp;Nectarines&nbsp;
		3 pack&nbsp;
		 
</h4> 

<div class="offer-icon"></div>
<a role="presentation" aria-hidden="true" class="product-url" href="http://shop.coles.com.au/online/national/coles-fresh-nectarines-2118136p">
	    <img role="presentation" aria-hidden="true" class="photo" src="/wcsstore/Coles-CAS/images/2/1/1/2118136-th.jpg" onerror="this.src='/wcsstore/ColesStorefrontAssetStore/dist/e0a775baf05f/images/spacer.gif'" alt="Nectarines" width="110" height="110">
	</a>

<div class="detail">	
    <span role="presentation" aria-hidden="true" class="brand">Coles Fresh</span>
    <span class="item" role="presentation" aria-hidden="true">
        <a role="presentation" aria-hidden="true" class="product-url" href="http://shop.coles.com.au/online/national/coles-fresh-nectarines-2118136p">
        	Nectarines&nbsp;
        	3 pack
        </a>
    </span>
	<span class="size">
		Product of Australia	
 	</span>
</div>


	<div class="purchasing">	    
	    <div class="saving">
	    	
	    </div>
	   	
	    		<div class="price"><span class="accessibility">Purchase price </span><small>$</small>3.98</div>
	    	
	    <div class="unit-price"><span class="accessibility">Unit price </span>$1.33 per 1Ea</div>
	    <div class="special-offer">	    	
	    	
	    </div> 
	    <div class="availability">Temporarily unavailable</div>
	    <div class="purchase">
		
			<input type="number" title="Add Quantity for Coles Fresh Nectarines 3 pack" name="quantity" id="catEntry_431009_qty" value="1" maxlength="2" size="2" class="v-mandatory v-numeric v-minval-1">
	        <button role="button" type="submit" title="Add to trolley&nbsp;Coles Fresh Nectarines 3 pack" class="btn-red action-addToTrolley"><span role="presentation" aria-hidden="true">Add to trolley</span></button>
		
		</div>
	</div>
	<div class="lists">
		
	</div>


	    <div class="actions">
	        			
			   <div class="MUItemForTrolleyDiv MUItemForTrolley_431037" data-catentry="431037">
		         <div class="MUul_431037"><div class="MUli_431037 hidden" aria-hidden="true"><span class="inTrolley"><span class="MUSpan_431037">0</span> in trolley</span></div></div>
		       </div>
		        <p class="clear"></p>
			 
			<div class="member-usuals-remove">
				<a href="#" class="action-removeFromUsuals usuals-remove">Remove from list <span class="accessibility">Coles Fresh Nectarines 3 pack</span></a>			
			</div>
			
				<div class="list">
					<a href="#" class="action-addToList action-list-add">Add to list <span class="accessibility">Coles Fresh Nectarines 3 pack</span></a> 
				</div>
				<div class="member-list-add">
					<a href="#" class="action-addToList action-list-add">Add to another list <span class="accessibility">Coles Fresh Nectarines 3 pack</span></a>
				</div>
			
			<div class="member-list-remove">
				 <a href="#" class="action-removeFromList">Remove from list <span class="accessibility">Coles Fresh Nectarines 3 pack</span></a> 
			</div>
			
				<div class="compareProd" role="presentation" aria-hidden="true">
					<a href="#" class="compare compare-add">Compare</a>
				</div>
			
				<a href="http://shop.coles.com.au/online/national/coles-fresh-nectarines-2118136p" class="product-url accessibility">More details for Coles Fresh&nbsp;Nectarines</a>
			
		</div>  
      

       	
		    <div role="presentation" aria-hidden="true" id="share" class="share" data-social="{productImgUrl:'http://shop.coles.com.au:27900/wcsstore/Coles-CAS/images/2/1/1/2118136-th.jpg'
	                                               ,productDisplayUrl:'http://shop.coles.com.au/online/national/coles-fresh-nectarines-2118136p'
	                                               ,title:'Coles Fresh Nectarines Product of Australia'
	                                               ,description:''}">
		 	</div>
 		
	</div>
</div>


	</form>
</div>


<span class="available hidden"></span>


<div class="outer-prod prodtile" data-refresh="{
					catalogId: &quot;10576&quot;,
					doInventory: &quot;N&quot;,
					fulfillmentCenterId: &quot;11576&quot;,
					forStoreId: &quot;10401&quot;,
					
					productDisplayURL: &quot;http://shop.coles.com.au/online/national/coles-made-easy-salad---kale-beetroot&quot;				
			}">
	<form id="catEntryForm_344504" name="catEntryForm_344504" action="AjaxOrderChangeServiceItemAdd">
		
<div class=" " data-catentry="catEntry_344504" data-refresh="{
				addCalculationUsage: &quot;-1&quot;,
				langId: &quot;-1&quot;,
				storeId: &quot;10601&quot;, 
				catEntryId: &quot;344504&quot;, 
				catEntryName: &quot;Kale &amp; Beetroot Salad Kit&quot;, 
				productView: &quot;list&quot;,
				productId: &quot;344504&quot;,
				itemId: &quot;344507&quot;,
				hideMultibuy: &quot;false&quot;,
                ticketType: &quot;&quot;,
                partNumber: &quot;1207900&quot;,
                offerCode: &quot;20141119&quot;
		}">
   	<div class="wrapper clearfix">   	
		

<h4 class="accessibility" id="heading_344504" tabindex="-1">
		Coles Made Easy&nbsp;Kale &amp; Beetroot Salad Kit&nbsp;
		200g&nbsp;
		 
</h4> 

<div class="offer-icon"></div>
<a role="presentation" aria-hidden="true" class="product-url" href="http://shop.coles.com.au/online/national/coles-made-easy-salad---kale-beetroot">
	    <img role="presentation" aria-hidden="true" class="photo" src="/wcsstore/Coles-CAS/images/1/2/0/1207900-th.jpg" onerror="this.src='/wcsstore/ColesStorefrontAssetStore/dist/e0a775baf05f/images/spacer.gif'" alt="Kale &amp; Beetroot Salad Kit" width="110" height="110">
	</a>

<div class="detail">	
    <span role="presentation" aria-hidden="true" class="brand">Coles Made Easy</span>
    <span class="item" role="presentation" aria-hidden="true">
        <a role="presentation" aria-hidden="true" class="product-url" href="http://shop.coles.com.au/online/national/coles-made-easy-salad---kale-beetroot">
        	Kale &amp; Beetroot Salad Kit&nbsp;
        	200g
        </a>
    </span>
	<span class="size">
			
 	</span>
</div>


	<div class="purchasing">	    
	    <div class="saving">
	    	
	    </div>
	   	
	    		<div class="price"><span class="accessibility">Purchase price </span><small>$</small>6.00</div>
	    	
	    <div class="unit-price"><span class="accessibility">Unit price </span>$30.00 per 1Kg</div>
	    <div class="special-offer">	    	
	    	
	    </div> 
	    <div class="availability">Temporarily unavailable</div>
	    <div class="purchase">
		
			<input type="number" title="Add Quantity for Coles Made Easy Kale &amp; Beetroot Salad Kit 200g" name="quantity" id="catEntry_344504_qty" value="1" maxlength="2" size="2" class="v-mandatory v-numeric v-minval-1">
	        <button role="button" type="submit" title="Add to trolley&nbsp;Coles Made Easy Kale &amp; Beetroot Salad Kit 200g" class="btn-red action-addToTrolley"><span role="presentation" aria-hidden="true">Add to trolley</span></button>
		
		</div>
	</div>
	<div class="lists">
		
	</div>


	    <div class="actions">
	        			
			   <div class="MUItemForTrolleyDiv MUItemForTrolley_344507" data-catentry="344507">
		         <div class="MUul_344507"><div class="MUli_344507 hidden" aria-hidden="true"><span class="inTrolley"><span class="MUSpan_344507">0</span> in trolley</span></div></div>
		       </div>
		        <p class="clear"></p>
			 
			<div class="member-usuals-remove">
				<a href="#" class="action-removeFromUsuals usuals-remove">Remove from list <span class="accessibility">Coles Made Easy Kale &amp; Beetroot Salad Kit 200g</span></a>			
			</div>
			
				<div class="list">
					<a href="#" class="action-addToList action-list-add">Add to list <span class="accessibility">Coles Made Easy Kale &amp; Beetroot Salad Kit 200g</span></a> 
				</div>
				<div class="member-list-add">
					<a href="#" class="action-addToList action-list-add">Add to another list <span class="accessibility">Coles Made Easy Kale &amp; Beetroot Salad Kit 200g</span></a>
				</div>
			
			<div class="member-list-remove">
				 <a href="#" class="action-removeFromList">Remove from list <span class="accessibility">Coles Made Easy Kale &amp; Beetroot Salad Kit 200g</span></a> 
			</div>
			
				<div class="compareProd" role="presentation" aria-hidden="true">
					<a href="#" class="compare compare-add">Compare</a>
				</div>
			
				<a href="http://shop.coles.com.au/online/national/coles-made-easy-salad---kale-beetroot" class="product-url accessibility">More details for Coles Made Easy&nbsp;Kale &amp; Beetroot Salad Kit</a>
			
		</div>  
      

       	
		    <div role="presentation" aria-hidden="true" id="share" class="share" data-social="{productImgUrl:'http://shop.coles.com.au:27900/wcsstore/Coles-CAS/images/1/2/0/1207900-th.jpg'
	                                               ,productDisplayUrl:'http://shop.coles.com.au/online/national/coles-made-easy-salad---kale-beetroot'
	                                               ,title:'Coles Made Easy Kale &amp; Beetroot Salad Kit  '
	                                               ,description:'Australian Kale &amp;amp; Spinach with grilled beetroot, pumpkin seeds and a sweet balsamic dressing'}">
		 	</div>
 		
	</div>
</div>


	</form>
</div>


<span class="available hidden"></span>


<div class="outer-prod prodtile" data-refresh="{
					catalogId: &quot;10576&quot;,
					doInventory: &quot;N&quot;,
					fulfillmentCenterId: &quot;11576&quot;,
					forStoreId: &quot;10401&quot;,
					
					productDisplayURL: &quot;http://shop.coles.com.au/online/national/gourmet-garden-basil&quot;				
			}">
	<form id="catEntryForm_55864" name="catEntryForm_55864" action="AjaxOrderChangeServiceItemAdd">
		
<div class=" " data-catentry="catEntry_55864" data-refresh="{
				addCalculationUsage: &quot;-1&quot;,
				langId: &quot;-1&quot;,
				storeId: &quot;10601&quot;, 
				catEntryId: &quot;55864&quot;, 
				catEntryName: &quot;Basil&quot;, 
				productView: &quot;list&quot;,
				productId: &quot;55864&quot;,
				itemId: &quot;116134&quot;,
				hideMultibuy: &quot;false&quot;,
                ticketType: &quot;&quot;,
                partNumber: &quot;8322102&quot;,
                offerCode: &quot;20150116&quot;
		}">
   	<div class="wrapper clearfix">   	
		

<h4 class="accessibility" id="heading_55864" tabindex="-1">
		Gourmet Garden&nbsp;Basil&nbsp;
		115g&nbsp;
		 
</h4> 

<div class="offer-icon"></div>
<a role="presentation" aria-hidden="true" class="product-url" href="http://shop.coles.com.au/online/national/gourmet-garden-basil">
	    <img role="presentation" aria-hidden="true" class="photo" src="/wcsstore/Coles-CAS/images/8/3/2/8322102-th.jpg" onerror="this.src='/wcsstore/ColesStorefrontAssetStore/dist/e0a775baf05f/images/spacer.gif'" alt="Basil" width="110" height="110">
	</a>

<div class="detail">	
    <span role="presentation" aria-hidden="true" class="brand">Gourmet Garden</span>
    <span class="item" role="presentation" aria-hidden="true">
        <a role="presentation" aria-hidden="true" class="product-url" href="http://shop.coles.com.au/online/national/gourmet-garden-basil">
        	Basil&nbsp;
        	115g
        </a>
    </span>
	<span class="size">
			
 	</span>
</div>


	<div class="purchasing">	    
	    <div class="saving">
	    	
	    </div>
	   	
	    		<div class="price"><span class="accessibility">Purchase price </span><small>$</small>3.98</div>
	    	
	    <div class="unit-price"><span class="accessibility">Unit price </span>$0.35 per 10G</div>
	    <div class="special-offer">	    	
	    	
	    </div> 
	    <div class="availability">Temporarily unavailable</div>
	    <div class="purchase">
		
			<input type="number" title="Add Quantity for Gourmet Garden Basil 115g" name="quantity" id="catEntry_55864_qty" value="1" maxlength="2" size="2" class="v-mandatory v-numeric v-minval-1">
	        <button role="button" type="submit" title="Add to trolley&nbsp;Gourmet Garden Basil 115g" class="btn-red action-addToTrolley"><span role="presentation" aria-hidden="true">Add to trolley</span></button>
		
		</div>
	</div>
	<div class="lists">
		
	</div>


	    <div class="actions">
	        			
			   <div class="MUItemForTrolleyDiv MUItemForTrolley_116134" data-catentry="116134">
		         <div class="MUul_116134"><div class="MUli_116134 hidden" aria-hidden="true"><span class="inTrolley"><span class="MUSpan_116134">0</span> in trolley</span></div></div>
		       </div>
		        <p class="clear"></p>
			 
			<div class="member-usuals-remove">
				<a href="#" class="action-removeFromUsuals usuals-remove">Remove from list <span class="accessibility">Gourmet Garden Basil 115g</span></a>			
			</div>
			
				<div class="list">
					<a href="#" class="action-addToList action-list-add">Add to list <span class="accessibility">Gourmet Garden Basil 115g</span></a> 
				</div>
				<div class="member-list-add">
					<a href="#" class="action-addToList action-list-add">Add to another list <span class="accessibility">Gourmet Garden Basil 115g</span></a>
				</div>
			
			<div class="member-list-remove">
				 <a href="#" class="action-removeFromList">Remove from list <span class="accessibility">Gourmet Garden Basil 115g</span></a> 
			</div>
			
				<div class="compareProd" role="presentation" aria-hidden="true">
					<a href="#" class="compare compare-add">Compare</a>
				</div>
			
				<a href="http://shop.coles.com.au/online/national/gourmet-garden-basil" class="product-url accessibility">More details for Gourmet Garden&nbsp;Basil</a>
			
		</div>  
      

       	
		    <div role="presentation" aria-hidden="true" id="share" class="share" data-social="{productImgUrl:'http://shop.coles.com.au:27900/wcsstore/Coles-CAS/images/8/3/2/8322102-th.jpg'
	                                               ,productDisplayUrl:'http://shop.coles.com.au/online/national/gourmet-garden-basil'
	                                               ,title:'Gourmet Garden Basil  '
	                                               ,description:'Each Gourmet Garden Basil tube contains 3 bunches of organic, Australian grown basil that keeps fresh for weeks. Adds amazing fresh flavour to Italian pastas, dressings and soups and pairs perfectly with tomatoes, chicken, olive oil, chilli and garlic.'}">
		 	</div>
 		
	</div>
</div>


	</form>
</div>


<span class="available hidden"></span>


<div class="outer-prod prodtile" data-refresh="{
					catalogId: &quot;10576&quot;,
					doInventory: &quot;N&quot;,
					fulfillmentCenterId: &quot;11576&quot;,
					forStoreId: &quot;10401&quot;,
					
					productDisplayURL: &quot;http://shop.coles.com.au/online/national/gourmet-garden-parsley&quot;				
			}">
	<form id="catEntryForm_56458" name="catEntryForm_56458" action="AjaxOrderChangeServiceItemAdd">
		
<div class=" " data-catentry="catEntry_56458" data-refresh="{
				addCalculationUsage: &quot;-1&quot;,
				langId: &quot;-1&quot;,
				storeId: &quot;10601&quot;, 
				catEntryId: &quot;56458&quot;, 
				catEntryName: &quot;Parsley&quot;, 
				productView: &quot;list&quot;,
				productId: &quot;56458&quot;,
				itemId: &quot;114040&quot;,
				hideMultibuy: &quot;false&quot;,
                ticketType: &quot;&quot;,
                partNumber: &quot;8321970&quot;,
                offerCode: &quot;20150116&quot;
		}">
   	<div class="wrapper clearfix">   	
		

<h4 class="accessibility" id="heading_56458" tabindex="-1">
		Gourmet Garden&nbsp;Parsley&nbsp;
		115g&nbsp;
		 
</h4> 

<div class="offer-icon"></div>
<a role="presentation" aria-hidden="true" class="product-url" href="http://shop.coles.com.au/online/national/gourmet-garden-parsley">
	    <img role="presentation" aria-hidden="true" class="photo" src="/wcsstore/Coles-CAS/images/8/3/2/8321970-th.jpg" onerror="this.src='/wcsstore/ColesStorefrontAssetStore/dist/e0a775baf05f/images/spacer.gif'" alt="Parsley" width="110" height="110">
	</a>

<div class="detail">	
    <span role="presentation" aria-hidden="true" class="brand">Gourmet Garden</span>
    <span class="item" role="presentation" aria-hidden="true">
        <a role="presentation" aria-hidden="true" class="product-url" href="http://shop.coles.com.au/online/national/gourmet-garden-parsley">
        	Parsley&nbsp;
        	115g
        </a>
    </span>
	<span class="size">
			
 	</span>
</div>


	<div class="purchasing">	    
	    <div class="saving">
	    	
	    </div>
	   	
	    		<div class="price"><span class="accessibility">Purchase price </span><small>$</small>3.98</div>
	    	
	    <div class="unit-price"><span class="accessibility">Unit price </span>$0.35 per 10G</div>
	    <div class="special-offer">	    	
	    	
	    </div> 
	    <div class="availability">Temporarily unavailable</div>
	    <div class="purchase">
		
			<input type="number" title="Add Quantity for Gourmet Garden Parsley 115g" name="quantity" id="catEntry_56458_qty" value="1" maxlength="2" size="2" class="v-mandatory v-numeric v-minval-1">
	        <button role="button" type="submit" title="Add to trolley&nbsp;Gourmet Garden Parsley 115g" class="btn-red action-addToTrolley"><span role="presentation" aria-hidden="true">Add to trolley</span></button>
		
		</div>
	</div>
	<div class="lists">
		
	</div>


	    <div class="actions">
	        			
			   <div class="MUItemForTrolleyDiv MUItemForTrolley_114040" data-catentry="114040">
		         <div class="MUul_114040"><div class="MUli_114040 hidden" aria-hidden="true"><span class="inTrolley"><span class="MUSpan_114040">0</span> in trolley</span></div></div>
		       </div>
		        <p class="clear"></p>
			 
			<div class="member-usuals-remove">
				<a href="#" class="action-removeFromUsuals usuals-remove">Remove from list <span class="accessibility">Gourmet Garden Parsley 115g</span></a>			
			</div>
			
				<div class="list">
					<a href="#" class="action-addToList action-list-add">Add to list <span class="accessibility">Gourmet Garden Parsley 115g</span></a> 
				</div>
				<div class="member-list-add">
					<a href="#" class="action-addToList action-list-add">Add to another list <span class="accessibility">Gourmet Garden Parsley 115g</span></a>
				</div>
			
			<div class="member-list-remove">
				 <a href="#" class="action-removeFromList">Remove from list <span class="accessibility">Gourmet Garden Parsley 115g</span></a> 
			</div>
			
				<div class="compareProd" role="presentation" aria-hidden="true">
					<a href="#" class="compare compare-add">Compare</a>
				</div>
			
				<a href="http://shop.coles.com.au/online/national/gourmet-garden-parsley" class="product-url accessibility">More details for Gourmet Garden&nbsp;Parsley</a>
			
		</div>  
      

       	
		    <div role="presentation" aria-hidden="true" id="share" class="share" data-social="{productImgUrl:'http://shop.coles.com.au:27900/wcsstore/Coles-CAS/images/8/3/2/8321970-th.jpg'
	                                               ,productDisplayUrl:'http://shop.coles.com.au/online/national/gourmet-garden-parsley'
	                                               ,title:'Gourmet Garden Parsley  '
	                                               ,description:'Each Gourmet Garden Parsley tube contains 3 bunches of organic, Australian grown parsley that keeps fresh for weeks. Adds amazing fresh flavour to Spanish omelettes, pasta and salads and pairs perfectly with eggplant, fish, carrots and garlic.'}">
		 	</div>
 		
	</div>
</div>


	</form>
</div>


<span class="available hidden"></span>


<div class="outer-prod prodtile" data-refresh="{
					catalogId: &quot;10576&quot;,
					doInventory: &quot;N&quot;,
					fulfillmentCenterId: &quot;11576&quot;,
					forStoreId: &quot;10401&quot;,
					
					productDisplayURL: &quot;http://shop.coles.com.au/online/national/gourmet-garden-garlic-chunky&quot;				
			}">
	<form id="catEntryForm_69945" name="catEntryForm_69945" action="AjaxOrderChangeServiceItemAdd">
		
<div class=" " data-catentry="catEntry_69945" data-refresh="{
				addCalculationUsage: &quot;-1&quot;,
				langId: &quot;-1&quot;,
				storeId: &quot;10601&quot;, 
				catEntryId: &quot;69945&quot;, 
				catEntryName: &quot;Chunky Garlic&quot;, 
				productView: &quot;list&quot;,
				productId: &quot;69945&quot;,
				itemId: &quot;128151&quot;,
				hideMultibuy: &quot;false&quot;,
                ticketType: &quot;&quot;,
                partNumber: &quot;6978919&quot;,
                offerCode: &quot;20150116&quot;
		}">
   	<div class="wrapper clearfix">   	
		

<h4 class="accessibility" id="heading_69945" tabindex="-1">
		Gourmet Garden&nbsp;Chunky Garlic&nbsp;
		115g&nbsp;
		 
</h4> 

<div class="offer-icon"></div>
<a role="presentation" aria-hidden="true" class="product-url" href="http://shop.coles.com.au/online/national/gourmet-garden-garlic-chunky">
	    <img role="presentation" aria-hidden="true" class="photo" src="/wcsstore/Coles-CAS/images/6/9/7/6978919-th.jpg" onerror="this.src='/wcsstore/ColesStorefrontAssetStore/dist/e0a775baf05f/images/spacer.gif'" alt="Chunky Garlic" width="110" height="110">
	</a>

<div class="detail">	
    <span role="presentation" aria-hidden="true" class="brand">Gourmet Garden</span>
    <span class="item" role="presentation" aria-hidden="true">
        <a role="presentation" aria-hidden="true" class="product-url" href="http://shop.coles.com.au/online/national/gourmet-garden-garlic-chunky">
        	Chunky Garlic&nbsp;
        	115g
        </a>
    </span>
	<span class="size">
			
 	</span>
</div>


	<div class="purchasing">	    
	    <div class="saving">
	    	
	    </div>
	   	
	    		<div class="price"><span class="accessibility">Purchase price </span><small>$</small>3.98</div>
	    	
	    <div class="unit-price"><span class="accessibility">Unit price </span>$0.35 per 10G</div>
	    <div class="special-offer">	    	
	    	
	    </div> 
	    <div class="availability">Temporarily unavailable</div>
	    <div class="purchase">
		
			<input type="number" title="Add Quantity for Gourmet Garden Chunky Garlic 115g" name="quantity" id="catEntry_69945_qty" value="1" maxlength="2" size="2" class="v-mandatory v-numeric v-minval-1">
	        <button role="button" type="submit" title="Add to trolley&nbsp;Gourmet Garden Chunky Garlic 115g" class="btn-red action-addToTrolley"><span role="presentation" aria-hidden="true">Add to trolley</span></button>
		
		</div>
	</div>
	<div class="lists">
		
	</div>


	    <div class="actions">
	        			
			   <div class="MUItemForTrolleyDiv MUItemForTrolley_128151" data-catentry="128151">
		         <div class="MUul_128151"><div class="MUli_128151 hidden" aria-hidden="true"><span class="inTrolley"><span class="MUSpan_128151">0</span> in trolley</span></div></div>
		       </div>
		        <p class="clear"></p>
			 
			<div class="member-usuals-remove">
				<a href="#" class="action-removeFromUsuals usuals-remove">Remove from list <span class="accessibility">Gourmet Garden Chunky Garlic 115g</span></a>			
			</div>
			
				<div class="list">
					<a href="#" class="action-addToList action-list-add">Add to list <span class="accessibility">Gourmet Garden Chunky Garlic 115g</span></a> 
				</div>
				<div class="member-list-add">
					<a href="#" class="action-addToList action-list-add">Add to another list <span class="accessibility">Gourmet Garden Chunky Garlic 115g</span></a>
				</div>
			
			<div class="member-list-remove">
				 <a href="#" class="action-removeFromList">Remove from list <span class="accessibility">Gourmet Garden Chunky Garlic 115g</span></a> 
			</div>
			
				<div class="compareProd" role="presentation" aria-hidden="true">
					<a href="#" class="compare compare-add">Compare</a>
				</div>
			
				<a href="http://shop.coles.com.au/online/national/gourmet-garden-garlic-chunky" class="product-url accessibility">More details for Gourmet Garden&nbsp;Chunky Garlic</a>
			
		</div>  
      

       	
		    <div role="presentation" aria-hidden="true" id="share" class="share" data-social="{productImgUrl:'http://shop.coles.com.au:27900/wcsstore/Coles-CAS/images/6/9/7/6978919-th.jpg'
	                                               ,productDisplayUrl:'http://shop.coles.com.au/online/national/gourmet-garden-garlic-chunky'
	                                               ,title:'Gourmet Garden Chunky Garlic  '
	                                               ,description:'Each Gourmet Garden Chunky Garlic tube contains 23 cloves of organically grown garlic that keeps fresh for weeks. Adds amazing fresh flavour to everything from Asian stir fries to Mexican tacos and pairs perfectly with chicken, bread, spinach, tomatoes, or'}">
		 	</div>
 		
	</div>
</div>


	</form>
</div>


<span class="available hidden"></span>


<div class="outer-prod prodtile" data-refresh="{
					catalogId: &quot;10576&quot;,
					doInventory: &quot;N&quot;,
					fulfillmentCenterId: &quot;11576&quot;,
					forStoreId: &quot;10401&quot;,
					
					productDisplayURL: &quot;http://shop.coles.com.au/online/national/gourmet-garden-thai&quot;				
			}">
	<form id="catEntryForm_70571" name="catEntryForm_70571" action="AjaxOrderChangeServiceItemAdd">
		
<div class=" " data-catentry="catEntry_70571" data-refresh="{
				addCalculationUsage: &quot;-1&quot;,
				langId: &quot;-1&quot;,
				storeId: &quot;10601&quot;, 
				catEntryId: &quot;70571&quot;, 
				catEntryName: &quot;Thai Herbs&quot;, 
				productView: &quot;list&quot;,
				productId: &quot;70571&quot;,
				itemId: &quot;135249&quot;,
				hideMultibuy: &quot;false&quot;,
                ticketType: &quot;&quot;,
                partNumber: &quot;6979911&quot;,
                offerCode: &quot;20141210&quot;
		}">
   	<div class="wrapper clearfix">   	
		

<h4 class="accessibility" id="heading_70571" tabindex="-1">
		Gourmet Garden&nbsp;Thai Herbs&nbsp;
		80g&nbsp;
		 
</h4> 

<div class="offer-icon"></div>
<a role="presentation" aria-hidden="true" class="product-url" href="http://shop.coles.com.au/online/national/gourmet-garden-thai">
	    <img role="presentation" aria-hidden="true" class="photo" src="/wcsstore/Coles-CAS/images/6/9/7/6979911-th.jpg" onerror="this.src='/wcsstore/ColesStorefrontAssetStore/dist/e0a775baf05f/images/spacer.gif'" alt="Thai Herbs" width="110" height="110">
	</a>

<div class="detail">	
    <span role="presentation" aria-hidden="true" class="brand">Gourmet Garden</span>
    <span class="item" role="presentation" aria-hidden="true">
        <a role="presentation" aria-hidden="true" class="product-url" href="http://shop.coles.com.au/online/national/gourmet-garden-thai">
        	Thai Herbs&nbsp;
        	80g
        </a>
    </span>
	<span class="size">
			
 	</span>
</div>


	<div class="purchasing">	    
	    <div class="saving">
	    	
	    </div>
	   	
	    		<div class="price"><span class="accessibility">Purchase price </span><small>$</small>3.90</div>
	    	
	    <div class="unit-price"><span class="accessibility">Unit price </span>$0.49 per 10G</div>
	    <div class="special-offer">	    	
	    	
	    </div> 
	    <div class="availability">Temporarily unavailable</div>
	    <div class="purchase">
		
			<input type="number" title="Add Quantity for Gourmet Garden Thai Herbs 80g" name="quantity" id="catEntry_70571_qty" value="1" maxlength="2" size="2" class="v-mandatory v-numeric v-minval-1">
	        <button role="button" type="submit" title="Add to trolley&nbsp;Gourmet Garden Thai Herbs 80g" class="btn-red action-addToTrolley"><span role="presentation" aria-hidden="true">Add to trolley</span></button>
		
		</div>
	</div>
	<div class="lists">
		
	</div>


	    <div class="actions">
	        			
			   <div class="MUItemForTrolleyDiv MUItemForTrolley_135249" data-catentry="135249">
		         <div class="MUul_135249"><div class="MUli_135249 hidden" aria-hidden="true"><span class="inTrolley"><span class="MUSpan_135249">0</span> in trolley</span></div></div>
		       </div>
		        <p class="clear"></p>
			 
			<div class="member-usuals-remove">
				<a href="#" class="action-removeFromUsuals usuals-remove">Remove from list <span class="accessibility">Gourmet Garden Thai Herbs 80g</span></a>			
			</div>
			
				<div class="list">
					<a href="#" class="action-addToList action-list-add">Add to list <span class="accessibility">Gourmet Garden Thai Herbs 80g</span></a> 
				</div>
				<div class="member-list-add">
					<a href="#" class="action-addToList action-list-add">Add to another list <span class="accessibility">Gourmet Garden Thai Herbs 80g</span></a>
				</div>
			
			<div class="member-list-remove">
				 <a href="#" class="action-removeFromList">Remove from list <span class="accessibility">Gourmet Garden Thai Herbs 80g</span></a> 
			</div>
			
				<div class="compareProd" role="presentation" aria-hidden="true">
					<a href="#" class="compare compare-add">Compare</a>
				</div>
			
				<a href="http://shop.coles.com.au/online/national/gourmet-garden-thai" class="product-url accessibility">More details for Gourmet Garden&nbsp;Thai Herbs</a>
			
		</div>  
      

       	
		    <div role="presentation" aria-hidden="true" id="share" class="share" data-social="{productImgUrl:'http://shop.coles.com.au:27900/wcsstore/Coles-CAS/images/6/9/7/6979911-th.jpg'
	                                               ,productDisplayUrl:'http://shop.coles.com.au/online/national/gourmet-garden-thai'
	                                               ,title:'Gourmet Garden Thai Herbs  '
	                                               ,description:'Gourmet Garden Thai Seasoning is the perfect blend of lemongrass, ginger, coriander, garlic and chilli that keeps fresh for weeks. Stir fry with chicken or beef and vegetables.'}">
		 	</div>
 		
	</div>
</div>


	</form>
</div>


<span class="available hidden"></span>


<div class="outer-prod prodtile" data-refresh="{
					catalogId: &quot;10576&quot;,
					doInventory: &quot;N&quot;,
					fulfillmentCenterId: &quot;11576&quot;,
					forStoreId: &quot;10401&quot;,
					
					productDisplayURL: &quot;http://shop.coles.com.au/online/national/gourmet-garden-lemongrass&quot;				
			}">
	<form id="catEntryForm_72881" name="catEntryForm_72881" action="AjaxOrderChangeServiceItemAdd">
		
<div class=" " data-catentry="catEntry_72881" data-refresh="{
				addCalculationUsage: &quot;-1&quot;,
				langId: &quot;-1&quot;,
				storeId: &quot;10601&quot;, 
				catEntryId: &quot;72881&quot;, 
				catEntryName: &quot;Lemongrass&quot;, 
				productView: &quot;list&quot;,
				productId: &quot;72881&quot;,
				itemId: &quot;137480&quot;,
				hideMultibuy: &quot;false&quot;,
                ticketType: &quot;&quot;,
                partNumber: &quot;6603440&quot;,
                offerCode: &quot;20150116&quot;
		}">
   	<div class="wrapper clearfix">   	
		

<h4 class="accessibility" id="heading_72881" tabindex="-1">
		Gourmet Garden&nbsp;Lemongrass&nbsp;
		115g&nbsp;
		 
</h4> 

<div class="offer-icon"></div>
<a role="presentation" aria-hidden="true" class="product-url" href="http://shop.coles.com.au/online/national/gourmet-garden-lemongrass">
	    <img role="presentation" aria-hidden="true" class="photo" src="/wcsstore/Coles-CAS/images/6/6/0/6603440-th.jpg" onerror="this.src='/wcsstore/ColesStorefrontAssetStore/dist/e0a775baf05f/images/spacer.gif'" alt="Lemongrass" width="110" height="110">
	</a>

<div class="detail">	
    <span role="presentation" aria-hidden="true" class="brand">Gourmet Garden</span>
    <span class="item" role="presentation" aria-hidden="true">
        <a role="presentation" aria-hidden="true" class="product-url" href="http://shop.coles.com.au/online/national/gourmet-garden-lemongrass">
        	Lemongrass&nbsp;
        	115g
        </a>
    </span>
	<span class="size">
			
 	</span>
</div>


	<div class="purchasing">	    
	    <div class="saving">
	    	
	    </div>
	   	
	    		<div class="price"><span class="accessibility">Purchase price </span><small>$</small>3.98</div>
	    	
	    <div class="unit-price"><span class="accessibility">Unit price </span>$0.35 per 10G</div>
	    <div class="special-offer">	    	
	    	
	    </div> 
	    <div class="availability">Temporarily unavailable</div>
	    <div class="purchase">
		
			<input type="number" title="Add Quantity for Gourmet Garden Lemongrass 115g" name="quantity" id="catEntry_72881_qty" value="1" maxlength="2" size="2" class="v-mandatory v-numeric v-minval-1">
	        <button role="button" type="submit" title="Add to trolley&nbsp;Gourmet Garden Lemongrass 115g" class="btn-red action-addToTrolley"><span role="presentation" aria-hidden="true">Add to trolley</span></button>
		
		</div>
	</div>
	<div class="lists">
		
	</div>


	    <div class="actions">
	        			
			   <div class="MUItemForTrolleyDiv MUItemForTrolley_137480" data-catentry="137480">
		         <div class="MUul_137480"><div class="MUli_137480 hidden" aria-hidden="true"><span class="inTrolley"><span class="MUSpan_137480">0</span> in trolley</span></div></div>
		       </div>
		        <p class="clear"></p>
			 
			<div class="member-usuals-remove">
				<a href="#" class="action-removeFromUsuals usuals-remove">Remove from list <span class="accessibility">Gourmet Garden Lemongrass 115g</span></a>			
			</div>
			
				<div class="list">
					<a href="#" class="action-addToList action-list-add">Add to list <span class="accessibility">Gourmet Garden Lemongrass 115g</span></a> 
				</div>
				<div class="member-list-add">
					<a href="#" class="action-addToList action-list-add">Add to another list <span class="accessibility">Gourmet Garden Lemongrass 115g</span></a>
				</div>
			
			<div class="member-list-remove">
				 <a href="#" class="action-removeFromList">Remove from list <span class="accessibility">Gourmet Garden Lemongrass 115g</span></a> 
			</div>
			
				<div class="compareProd" role="presentation" aria-hidden="true">
					<a href="#" class="compare compare-add">Compare</a>
				</div>
			
				<a href="http://shop.coles.com.au/online/national/gourmet-garden-lemongrass" class="product-url accessibility">More details for Gourmet Garden&nbsp;Lemongrass</a>
			
		</div>  
      

       	
		    <div role="presentation" aria-hidden="true" id="share" class="share" data-social="{productImgUrl:'http://shop.coles.com.au:27900/wcsstore/Coles-CAS/images/6/6/0/6603440-th.jpg'
	                                               ,productDisplayUrl:'http://shop.coles.com.au/online/national/gourmet-garden-lemongrass'
	                                               ,title:'Gourmet Garden Lemongrass  '
	                                               ,description:'Each Gourmet Garden Lemongrass tube contains 6 stalks of organic, Australian grown lemongrass that keeps fresh for weeks. Adds amazing fresh flavour to Thai curries, stir fries and marinades and pairs perfectly with shallots, turmeric, pork, coconut milk, '}">
		 	</div>
 		
	</div>
</div>


	</form>
</div>


<span class="available hidden"></span>


<div class="outer-prod prodtile" data-refresh="{
					catalogId: &quot;10576&quot;,
					doInventory: &quot;N&quot;,
					fulfillmentCenterId: &quot;11576&quot;,
					forStoreId: &quot;10401&quot;,
					
					productDisplayURL: &quot;http://shop.coles.com.au/online/national/gourmet-garden-chilli-hot&quot;				
			}">
	<form id="catEntryForm_74868" name="catEntryForm_74868" action="AjaxOrderChangeServiceItemAdd">
		
<div class=" " data-catentry="catEntry_74868" data-refresh="{
				addCalculationUsage: &quot;-1&quot;,
				langId: &quot;-1&quot;,
				storeId: &quot;10601&quot;, 
				catEntryId: &quot;74868&quot;, 
				catEntryName: &quot;Hot Chilli&quot;, 
				productView: &quot;list&quot;,
				productId: &quot;74868&quot;,
				itemId: &quot;132975&quot;,
				hideMultibuy: &quot;false&quot;,
                ticketType: &quot;&quot;,
                partNumber: &quot;6604828&quot;,
                offerCode: &quot;20150116&quot;
		}">
   	<div class="wrapper clearfix">   	
		

<h4 class="accessibility" id="heading_74868" tabindex="-1">
		Gourmet Garden&nbsp;Hot Chilli&nbsp;
		115g&nbsp;
		 
</h4> 

<div class="offer-icon"></div>
<a role="presentation" aria-hidden="true" class="product-url" href="http://shop.coles.com.au/online/national/gourmet-garden-chilli-hot">
	    <img role="presentation" aria-hidden="true" class="photo" src="/wcsstore/Coles-CAS/images/6/6/0/6604828-th.jpg" onerror="this.src='/wcsstore/ColesStorefrontAssetStore/dist/e0a775baf05f/images/spacer.gif'" alt="Hot Chilli" width="110" height="110">
	</a>

<div class="detail">	
    <span role="presentation" aria-hidden="true" class="brand">Gourmet Garden</span>
    <span class="item" role="presentation" aria-hidden="true">
        <a role="presentation" aria-hidden="true" class="product-url" href="http://shop.coles.com.au/online/national/gourmet-garden-chilli-hot">
        	Hot Chilli&nbsp;
        	115g
        </a>
    </span>
	<span class="size">
			
 	</span>
</div>


	<div class="purchasing">	    
	    <div class="saving">
	    	
	    </div>
	   	
	    		<div class="price"><span class="accessibility">Purchase price </span><small>$</small>3.98</div>
	    	
	    <div class="unit-price"><span class="accessibility">Unit price </span>$0.35 per 10G</div>
	    <div class="special-offer">	    	
	    	
	    </div> 
	    <div class="availability">Temporarily unavailable</div>
	    <div class="purchase">
		
			<input type="number" title="Add Quantity for Gourmet Garden Hot Chilli 115g" name="quantity" id="catEntry_74868_qty" value="1" maxlength="2" size="2" class="v-mandatory v-numeric v-minval-1">
	        <button role="button" type="submit" title="Add to trolley&nbsp;Gourmet Garden Hot Chilli 115g" class="btn-red action-addToTrolley"><span role="presentation" aria-hidden="true">Add to trolley</span></button>
		
		</div>
	</div>
	<div class="lists">
		
	</div>


	    <div class="actions">
	        			
			   <div class="MUItemForTrolleyDiv MUItemForTrolley_132975" data-catentry="132975">
		         <div class="MUul_132975"><div class="MUli_132975 hidden" aria-hidden="true"><span class="inTrolley"><span class="MUSpan_132975">0</span> in trolley</span></div></div>
		       </div>
		        <p class="clear"></p>
			 
			<div class="member-usuals-remove">
				<a href="#" class="action-removeFromUsuals usuals-remove">Remove from list <span class="accessibility">Gourmet Garden Hot Chilli 115g</span></a>			
			</div>
			
				<div class="list">
					<a href="#" class="action-addToList action-list-add">Add to list <span class="accessibility">Gourmet Garden Hot Chilli 115g</span></a> 
				</div>
				<div class="member-list-add">
					<a href="#" class="action-addToList action-list-add">Add to another list <span class="accessibility">Gourmet Garden Hot Chilli 115g</span></a>
				</div>
			
			<div class="member-list-remove">
				 <a href="#" class="action-removeFromList">Remove from list <span class="accessibility">Gourmet Garden Hot Chilli 115g</span></a> 
			</div>
			
				<div class="compareProd" role="presentation" aria-hidden="true">
					<a href="#" class="compare compare-add">Compare</a>
				</div>
			
				<a href="http://shop.coles.com.au/online/national/gourmet-garden-chilli-hot" class="product-url accessibility">More details for Gourmet Garden&nbsp;Hot Chilli</a>
			
		</div>  
      

       	
		    <div role="presentation" aria-hidden="true" id="share" class="share" data-social="{productImgUrl:'http://shop.coles.com.au:27900/wcsstore/Coles-CAS/images/6/6/0/6604828-th.jpg'
	                                               ,productDisplayUrl:'http://shop.coles.com.au/online/national/gourmet-garden-chilli-hot'
	                                               ,title:'Gourmet Garden Hot Chilli  '
	                                               ,description:'Loves... every cuisine: marinades, pasta, stirfries, dressings &amp;amp; noodles'}">
		 	</div>
 		
	</div>
</div>


	</form>
</div>


<span class="available hidden"></span>


<div class="outer-prod prodtile" data-refresh="{
					catalogId: &quot;10576&quot;,
					doInventory: &quot;N&quot;,
					fulfillmentCenterId: &quot;11576&quot;,
					forStoreId: &quot;10401&quot;,
					
					productDisplayURL: &quot;http://shop.coles.com.au/online/national/gourmet-garden-dill&quot;				
			}">
	<form id="catEntryForm_103751" name="catEntryForm_103751" action="AjaxOrderChangeServiceItemAdd">
		
<div class=" " data-catentry="catEntry_103751" data-refresh="{
				addCalculationUsage: &quot;-1&quot;,
				langId: &quot;-1&quot;,
				storeId: &quot;10601&quot;, 
				catEntryId: &quot;103751&quot;, 
				catEntryName: &quot;Dill&quot;, 
				productView: &quot;list&quot;,
				productId: &quot;103751&quot;,
				itemId: &quot;115742&quot;,
				hideMultibuy: &quot;false&quot;,
                ticketType: &quot;&quot;,
                partNumber: &quot;8549414&quot;,
                offerCode: &quot;20141210&quot;
		}">
   	<div class="wrapper clearfix">   	
		

<h4 class="accessibility" id="heading_103751" tabindex="-1">
		Gourmet Garden&nbsp;Dill&nbsp;
		80g&nbsp;
		 
</h4> 

<div class="offer-icon"></div>
<a role="presentation" aria-hidden="true" class="product-url" href="http://shop.coles.com.au/online/national/gourmet-garden-dill">
	    <img role="presentation" aria-hidden="true" class="photo" src="/wcsstore/Coles-CAS/images/8/5/4/8549414-th.jpg" onerror="this.src='/wcsstore/ColesStorefrontAssetStore/dist/e0a775baf05f/images/spacer.gif'" alt="Dill" width="110" height="110">
	</a>

<div class="detail">	
    <span role="presentation" aria-hidden="true" class="brand">Gourmet Garden</span>
    <span class="item" role="presentation" aria-hidden="true">
        <a role="presentation" aria-hidden="true" class="product-url" href="http://shop.coles.com.au/online/national/gourmet-garden-dill">
        	Dill&nbsp;
        	80g
        </a>
    </span>
	<span class="size">
			
 	</span>
</div>


	<div class="purchasing">	    
	    <div class="saving">
	    	
	    </div>
	   	
	    		<div class="price"><span class="accessibility">Purchase price </span><small>$</small>3.90</div>
	    	
	    <div class="unit-price"><span class="accessibility">Unit price </span>$0.49 per 10G</div>
	    <div class="special-offer">	    	
	    	
	    </div> 
	    <div class="availability">Temporarily unavailable</div>
	    <div class="purchase">
		
			<input type="number" title="Add Quantity for Gourmet Garden Dill 80g" name="quantity" id="catEntry_103751_qty" value="1" maxlength="2" size="2" class="v-mandatory v-numeric v-minval-1">
	        <button role="button" type="submit" title="Add to trolley&nbsp;Gourmet Garden Dill 80g" class="btn-red action-addToTrolley"><span role="presentation" aria-hidden="true">Add to trolley</span></button>
		
		</div>
	</div>
	<div class="lists">
		
	</div>


	    <div class="actions">
	        			
			   <div class="MUItemForTrolleyDiv MUItemForTrolley_115742" data-catentry="115742">
		         <div class="MUul_115742"><div class="MUli_115742 hidden" aria-hidden="true"><span class="inTrolley"><span class="MUSpan_115742">0</span> in trolley</span></div></div>
		       </div>
		        <p class="clear"></p>
			 
			<div class="member-usuals-remove">
				<a href="#" class="action-removeFromUsuals usuals-remove">Remove from list <span class="accessibility">Gourmet Garden Dill 80g</span></a>			
			</div>
			
				<div class="list">
					<a href="#" class="action-addToList action-list-add">Add to list <span class="accessibility">Gourmet Garden Dill 80g</span></a> 
				</div>
				<div class="member-list-add">
					<a href="#" class="action-addToList action-list-add">Add to another list <span class="accessibility">Gourmet Garden Dill 80g</span></a>
				</div>
			
			<div class="member-list-remove">
				 <a href="#" class="action-removeFromList">Remove from list <span class="accessibility">Gourmet Garden Dill 80g</span></a> 
			</div>
			
				<div class="compareProd" role="presentation" aria-hidden="true">
					<a href="#" class="compare compare-add">Compare</a>
				</div>
			
				<a href="http://shop.coles.com.au/online/national/gourmet-garden-dill" class="product-url accessibility">More details for Gourmet Garden&nbsp;Dill</a>
			
		</div>  
      

       	
		    <div role="presentation" aria-hidden="true" id="share" class="share" data-social="{productImgUrl:'http://shop.coles.com.au:27900/wcsstore/Coles-CAS/images/8/5/4/8549414-th.jpg'
	                                               ,productDisplayUrl:'http://shop.coles.com.au/online/national/gourmet-garden-dill'
	                                               ,title:'Gourmet Garden Dill  '
	                                               ,description:'Each Gourmet Garden Dill tube contains 2 bunches of organic, Australian grown dill that keeps fresh for weeks. Adds amazing fresh flavour to seafood, dressings and Moroccan dishes and pairs perfectly with salmon, cream cheese, potatoes and cucumber.'}">
		 	</div>
 		
	</div>
</div>


	</form>
</div>


<span class="available hidden"></span>


<div class="outer-prod prodtile" data-refresh="{
					catalogId: &quot;10576&quot;,
					doInventory: &quot;N&quot;,
					fulfillmentCenterId: &quot;11576&quot;,
					forStoreId: &quot;10401&quot;,
					
					productDisplayURL: &quot;http://shop.coles.com.au/online/national/gourmet-garden-lightly-dried-chilli&quot;				
			}">
	<form id="catEntryForm_389506" name="catEntryForm_389506" action="AjaxOrderChangeServiceItemAdd">
		
<div class=" " data-catentry="catEntry_389506" data-refresh="{
				addCalculationUsage: &quot;-1&quot;,
				langId: &quot;-1&quot;,
				storeId: &quot;10601&quot;, 
				catEntryId: &quot;389506&quot;, 
				catEntryName: &quot;Lightly Dried Chilli&quot;, 
				productView: &quot;list&quot;,
				productId: &quot;389506&quot;,
				itemId: &quot;389517&quot;,
				hideMultibuy: &quot;false&quot;,
                ticketType: &quot;&quot;,
                partNumber: &quot;2008193&quot;,
                offerCode: &quot;20141224&quot;
		}">
   	<div class="wrapper clearfix">   	
		

<h4 class="accessibility" id="heading_389506" tabindex="-1">
		Gourmet Garden&nbsp;Lightly Dried Chilli&nbsp;
		22g&nbsp;
		 
</h4> 

<div class="offer-icon"></div>
<a role="presentation" aria-hidden="true" class="product-url" href="http://shop.coles.com.au/online/national/gourmet-garden-lightly-dried-chilli">
	    <img role="presentation" aria-hidden="true" class="photo" src="/wcsstore/Coles-CAS/images/2/0/0/2008193-th.jpg" onerror="this.src='/wcsstore/ColesStorefrontAssetStore/dist/e0a775baf05f/images/spacer.gif'" alt="Lightly Dried Chilli" width="110" height="110">
	</a>

<div class="detail">	
    <span role="presentation" aria-hidden="true" class="brand">Gourmet Garden</span>
    <span class="item" role="presentation" aria-hidden="true">
        <a role="presentation" aria-hidden="true" class="product-url" href="http://shop.coles.com.au/online/national/gourmet-garden-lightly-dried-chilli">
        	Lightly Dried Chilli&nbsp;
        	22g
        </a>
    </span>
	<span class="size">
			
 	</span>
</div>


	<div class="purchasing">	    
	    <div class="saving">
	    	
	    </div>
	   	
	    		<div class="price"><span class="accessibility">Purchase price </span><small>$</small>4.90</div>
	    	
	    <div class="unit-price"><span class="accessibility">Unit price </span>$22.27 per 100G</div>
	    <div class="special-offer">	    	
	    	
	    </div> 
	    <div class="availability">Temporarily unavailable</div>
	    <div class="purchase">
		
			<input type="number" title="Add Quantity for Gourmet Garden Lightly Dried Chilli 22g" name="quantity" id="catEntry_389506_qty" value="1" maxlength="2" size="2" class="v-mandatory v-numeric v-minval-1">
	        <button role="button" type="submit" title="Add to trolley&nbsp;Gourmet Garden Lightly Dried Chilli 22g" class="btn-red action-addToTrolley"><span role="presentation" aria-hidden="true">Add to trolley</span></button>
		
		</div>
	</div>
	<div class="lists">
		
	</div>


	    <div class="actions">
	        			
			   <div class="MUItemForTrolleyDiv MUItemForTrolley_389517" data-catentry="389517">
		         <div class="MUul_389517"><div class="MUli_389517 hidden" aria-hidden="true"><span class="inTrolley"><span class="MUSpan_389517">0</span> in trolley</span></div></div>
		       </div>
		        <p class="clear"></p>
			 
			<div class="member-usuals-remove">
				<a href="#" class="action-removeFromUsuals usuals-remove">Remove from list <span class="accessibility">Gourmet Garden Lightly Dried Chilli 22g</span></a>			
			</div>
			
				<div class="list">
					<a href="#" class="action-addToList action-list-add">Add to list <span class="accessibility">Gourmet Garden Lightly Dried Chilli 22g</span></a> 
				</div>
				<div class="member-list-add">
					<a href="#" class="action-addToList action-list-add">Add to another list <span class="accessibility">Gourmet Garden Lightly Dried Chilli 22g</span></a>
				</div>
			
			<div class="member-list-remove">
				 <a href="#" class="action-removeFromList">Remove from list <span class="accessibility">Gourmet Garden Lightly Dried Chilli 22g</span></a> 
			</div>
			
				<div class="compareProd" role="presentation" aria-hidden="true">
					<a href="#" class="compare compare-add">Compare</a>
				</div>
			
				<a href="http://shop.coles.com.au/online/national/gourmet-garden-lightly-dried-chilli" class="product-url accessibility">More details for Gourmet Garden&nbsp;Lightly Dried Chilli</a>
			
		</div>  
      

       	
		    <div role="presentation" aria-hidden="true" id="share" class="share" data-social="{productImgUrl:'http://shop.coles.com.au:27900/wcsstore/Coles-CAS/images/2/0/0/2008193-th.jpg'
	                                               ,productDisplayUrl:'http://shop.coles.com.au/online/national/gourmet-garden-lightly-dried-chilli'
	                                               ,title:'Gourmet Garden Lightly Dried Chilli '
	                                               ,description:'Lively Australian grown, organic chillies, roughly cut and lightly dried (just enough) to keep fresh for 4 weeks once opened and refresh in cooking. Sprinkle, garnish or rub into dressings, marinades and noodles. Pairs perfectly with basil, garlic, coriand'}">
		 	</div>
 		
	</div>
</div>


	</form>
</div>


<span class="available hidden"></span>


<div class="outer-prod prodtile" data-refresh="{
					catalogId: &quot;10576&quot;,
					doInventory: &quot;N&quot;,
					fulfillmentCenterId: &quot;11576&quot;,
					forStoreId: &quot;10401&quot;,
					
					productDisplayURL: &quot;http://shop.coles.com.au/online/national/seasonal-salad-box&quot;				
			}">
	<form id="catEntryForm_70206" name="catEntryForm_70206" action="AjaxOrderChangeServiceItemAdd">
		
<div class=" " data-catentry="catEntry_70206" data-refresh="{
				addCalculationUsage: &quot;-1&quot;,
				langId: &quot;-1&quot;,
				storeId: &quot;10601&quot;, 
				catEntryId: &quot;70206&quot;, 
				catEntryName: &quot;Salad Box&quot;, 
				productView: &quot;grid&quot;,
				productId: &quot;70206&quot;,
				itemId: &quot;136175&quot;,
				hideMultibuy: &quot;false&quot;,
                ticketType: &quot;&quot;,
                partNumber: &quot;6686480&quot;,
                offerCode: &quot;20141120&quot;
		}">
   	<div class="wrapper clearfix">   	
		

<h4 class="accessibility" id="heading_70206" tabindex="-1">
		Seasonal&nbsp;Salad Box&nbsp;
		1 each&nbsp;
		 
</h4> 

<div class="offer-icon"></div>
<a role="presentation" aria-hidden="true" class="product-url" href="http://shop.coles.com.au/online/national/seasonal-salad-box">
	    <img role="presentation" aria-hidden="true" class="photo" src="/wcsstore/Coles-CAS/images/6/6/8/6686480-th.jpg" onerror="this.src='/wcsstore/ColesStorefrontAssetStore/dist/e0a775baf05f/images/spacer.gif'" alt="Salad Box" width="110" height="110">
	</a>

<div class="detail">	
    <span role="presentation" aria-hidden="true" class="brand">Seasonal</span>
    <span class="item" role="presentation" aria-hidden="true">
        <a role="presentation" aria-hidden="true" class="product-url" href="http://shop.coles.com.au/online/national/seasonal-salad-box">
        	Salad Box&nbsp;
        	1 each
        </a>
    </span>
	<span class="size">
		A selection of seasonal salad ingredients. Contents may vary.	
 	</span>
</div>


	<div class="purchasing">	    
	    <div class="saving">
	    	
	    </div>
	   	
	    		<div class="price"><span class="accessibility">Purchase price </span><small>$</small>30.00</div>
	    	
	    <div class="unit-price"><span class="accessibility">Unit price </span>$30.00 per 1Ea</div>
	    <div class="special-offer">	    	
	    	
	    </div> 
	    <div class="availability">Temporarily unavailable</div>
	    <div class="purchase">
		
			<input type="number" title="Add Quantity for Seasonal Salad Box 1 each" name="quantity" id="catEntry_70206_qty" value="1" maxlength="2" size="2" class="v-mandatory v-numeric v-minval-1">
	        <button role="button" type="submit" title="Add to trolley&nbsp;Seasonal Salad Box 1 each" class="btn-red action-addToTrolley"><span role="presentation" aria-hidden="true">Add to trolley</span></button>
		
		</div>
	</div>
	<div class="lists">
		
	</div>


	    <div class="actions">
	        			
			   <div class="MUItemForTrolleyDiv MUItemForTrolley_136175" data-catentry="136175">
		         <div class="MUul_136175"><div class="MUli_136175 hidden" aria-hidden="true"><span class="inTrolley"><span class="MUSpan_136175">0</span> in trolley</span></div></div>
		       </div>
		        <p class="clear"></p>
			 
			<div class="member-usuals-remove">
				<a href="#" class="action-removeFromUsuals usuals-remove">Remove from list <span class="accessibility">Seasonal Salad Box 1 each</span></a>			
			</div>
			
				<div class="list">
					<a href="#" class="action-addToList action-list-add">Add to list <span class="accessibility">Seasonal Salad Box 1 each</span></a> 
				</div>
				<div class="member-list-add">
					<a href="#" class="action-addToList action-list-add">Add to another list <span class="accessibility">Seasonal Salad Box 1 each</span></a>
				</div>
			
			<div class="member-list-remove">
				 <a href="#" class="action-removeFromList">Remove from list <span class="accessibility">Seasonal Salad Box 1 each</span></a> 
			</div>
			
				<div class="compareProd" role="presentation" aria-hidden="true">
					<a href="#" class="compare compare-add">Compare</a>
				</div>
			
		</div>  
      

       	
		    <div role="presentation" aria-hidden="true" id="share" class="share" data-social="{productImgUrl:'http://shop.coles.com.au:27900/wcsstore/Coles-CAS/images/6/6/8/6686480-th.jpg'
	                                               ,productDisplayUrl:'http://shop.coles.com.au/online/national/seasonal-salad-box'
	                                               ,title:'Seasonal Salad Box A selection of seasonal salad ingredients. Contents may vary.'
	                                               ,description:'The best ingredients at the best prices, hand picked and delivered to you in boxes designed to protect from bruising&amp;lt;br&amp;gt;&amp;lt;/br&amp;gt;Perfect for a healthy meal or an accompaniment to something else, these fruit and veg are always hand picked at the right time.&amp;lt;br&amp;gt;&amp;lt;/br&amp;gt;And all orders have a Freshness guarantee, so if you?re not happy, we?ll give you your money back&amp;lt;br&amp;gt;&amp;lt;/br&amp;gt; Selected ingredients may include:&amp;lt;ul&amp;gt;&amp;lt;li&amp;gt;Lettuce&amp;lt;/li&amp;gt;&amp;lt;li&amp;gt;Tomatoes&amp;lt;/li&amp;gt;&amp;lt;li&amp;gt;Capsicum&amp;lt;/li&amp;gt;&amp;lt;li&amp;gt;Celery&amp;lt;/li&amp;gt;&amp;lt;li&amp;gt;Cucumber&amp;lt;/li&amp;gt;&amp;lt;li&amp;gt;Red Onion&amp;lt;/ul&amp;gt;'}">
		 	</div>
 		
	</div>
</div>


	</form>
</div>


<span class="available hidden"></span>


<div class="outer-prod prodtile" data-refresh="{
					catalogId: &quot;10576&quot;,
					doInventory: &quot;N&quot;,
					fulfillmentCenterId: &quot;11576&quot;,
					forStoreId: &quot;10401&quot;,
					
					productDisplayURL: &quot;http://shop.coles.com.au/online/national/buderim-ginger-chrystallised-naked&quot;				
			}">
	<form id="catEntryForm_63330" name="catEntryForm_63330" action="AjaxOrderChangeServiceItemAdd">
		
<div class=" " data-catentry="catEntry_63330" data-refresh="{
				addCalculationUsage: &quot;-1&quot;,
				langId: &quot;-1&quot;,
				storeId: &quot;10601&quot;, 
				catEntryId: &quot;63330&quot;, 
				catEntryName: &quot;Naked Crystallised Ginger&quot;, 
				productView: &quot;list&quot;,
				productId: &quot;63330&quot;,
				itemId: &quot;122750&quot;,
				hideMultibuy: &quot;false&quot;,
                ticketType: &quot;&quot;,
                partNumber: &quot;7841487&quot;,
                offerCode: &quot;20141224&quot;
		}">
   	<div class="wrapper clearfix">   	
		

<h4 class="accessibility" id="heading_63330" tabindex="-1">
		Buderim&nbsp;Naked Crystallised Ginger&nbsp;
		350g&nbsp;
		 
</h4> 

<div class="offer-icon"></div>
<a role="presentation" aria-hidden="true" class="product-url" href="http://shop.coles.com.au/online/national/buderim-ginger-chrystallised-naked">
	    <img role="presentation" aria-hidden="true" class="photo" src="/wcsstore/Coles-CAS/images/7/8/4/7841487-th.jpg" onerror="this.src='/wcsstore/ColesStorefrontAssetStore/dist/e0a775baf05f/images/spacer.gif'" alt="Naked Crystallised Ginger" width="110" height="110">
	</a>

<div class="detail">	
    <span role="presentation" aria-hidden="true" class="brand">Buderim</span>
    <span class="item" role="presentation" aria-hidden="true">
        <a role="presentation" aria-hidden="true" class="product-url" href="http://shop.coles.com.au/online/national/buderim-ginger-chrystallised-naked">
        	Naked Crystallised Ginger&nbsp;
        	350g
        </a>
    </span>
	<span class="size">
			
 	</span>
</div>


	<div class="purchasing">	    
	    <div class="saving">
	    	
	    </div>
	   	
	    		<div class="price"><span class="accessibility">Purchase price </span><small>$</small>8.48</div>
	    	
	    <div class="unit-price"><span class="accessibility">Unit price </span>$24.23 per 1Kg</div>
	    <div class="special-offer">	    	
	    	
	    </div> 
	    <div class="availability">Temporarily unavailable</div>
	    <div class="purchase">
		
			<input type="number" title="Add Quantity for Buderim Naked Crystallised Ginger 350g" name="quantity" id="catEntry_63330_qty" value="1" maxlength="2" size="2" class="v-mandatory v-numeric v-minval-1">
	        <button role="button" type="submit" title="Add to trolley&nbsp;Buderim Naked Crystallised Ginger 350g" class="btn-red action-addToTrolley"><span role="presentation" aria-hidden="true">Add to trolley</span></button>
		
		</div>
	</div>
	<div class="lists">
		
	</div>


	    <div class="actions">
	        			
			   <div class="MUItemForTrolleyDiv MUItemForTrolley_122750" data-catentry="122750">
		         <div class="MUul_122750"><div class="MUli_122750 hidden" aria-hidden="true"><span class="inTrolley"><span class="MUSpan_122750">0</span> in trolley</span></div></div>
		       </div>
		        <p class="clear"></p>
			 
			<div class="member-usuals-remove">
				<a href="#" class="action-removeFromUsuals usuals-remove">Remove from list <span class="accessibility">Buderim Naked Crystallised Ginger 350g</span></a>			
			</div>
			
				<div class="list">
					<a href="#" class="action-addToList action-list-add">Add to list <span class="accessibility">Buderim Naked Crystallised Ginger 350g</span></a> 
				</div>
				<div class="member-list-add">
					<a href="#" class="action-addToList action-list-add">Add to another list <span class="accessibility">Buderim Naked Crystallised Ginger 350g</span></a>
				</div>
			
			<div class="member-list-remove">
				 <a href="#" class="action-removeFromList">Remove from list <span class="accessibility">Buderim Naked Crystallised Ginger 350g</span></a> 
			</div>
			
				<div class="compareProd" role="presentation" aria-hidden="true">
					<a href="#" class="compare compare-add">Compare</a>
				</div>
			
				<a href="http://shop.coles.com.au/online/national/buderim-ginger-chrystallised-naked" class="product-url accessibility">More details for Buderim&nbsp;Naked Crystallised Ginger</a>
			
		</div>  
      

       	
		    <div role="presentation" aria-hidden="true" id="share" class="share" data-social="{productImgUrl:'http://shop.coles.com.au:27900/wcsstore/Coles-CAS/images/7/8/4/7841487-th.jpg'
	                                               ,productDisplayUrl:'http://shop.coles.com.au/online/national/buderim-ginger-chrystallised-naked'
	                                               ,title:'Buderim Naked Crystallised Ginger  '
	                                               ,description:''}">
		 	</div>
 		
	</div>
</div>


	</form>
</div>


<span class="available hidden"></span>


<div class="outer-prod prodtile" data-refresh="{
					catalogId: &quot;10576&quot;,
					doInventory: &quot;N&quot;,
					fulfillmentCenterId: &quot;11576&quot;,
					forStoreId: &quot;10401&quot;,
					
					productDisplayURL: &quot;http://shop.coles.com.au/online/national/casa-di-noci-beer-nuts&quot;				
			}">
	<form id="catEntryForm_55346" name="catEntryForm_55346" action="AjaxOrderChangeServiceItemAdd">
		
<div class=" " data-catentry="catEntry_55346" data-refresh="{
				addCalculationUsage: &quot;-1&quot;,
				langId: &quot;-1&quot;,
				storeId: &quot;10601&quot;, 
				catEntryId: &quot;55346&quot;, 
				catEntryName: &quot;Beer Nuts&quot;, 
				productView: &quot;list&quot;,
				productId: &quot;55346&quot;,
				itemId: &quot;118268&quot;,
				hideMultibuy: &quot;false&quot;,
                ticketType: &quot;&quot;,
                partNumber: &quot;8099442&quot;,
                offerCode: &quot;20150131&quot;
		}">
   	<div class="wrapper clearfix">   	
		

<h4 class="accessibility" id="heading_55346" tabindex="-1">
		Casa Di Noci&nbsp;Beer Nuts&nbsp;
		220g&nbsp;
		 
</h4> 

<div class="offer-icon"></div>
<a role="presentation" aria-hidden="true" class="product-url" href="http://shop.coles.com.au/online/national/casa-di-noci-beer-nuts">
	    <img role="presentation" aria-hidden="true" class="photo" src="/wcsstore/Coles-CAS/images/8/0/9/8099442-th.jpg" onerror="this.src='/wcsstore/ColesStorefrontAssetStore/dist/e0a775baf05f/images/spacer.gif'" alt="Beer Nuts" width="110" height="110">
	</a>

<div class="detail">	
    <span role="presentation" aria-hidden="true" class="brand">Casa Di Noci</span>
    <span class="item" role="presentation" aria-hidden="true">
        <a role="presentation" aria-hidden="true" class="product-url" href="http://shop.coles.com.au/online/national/casa-di-noci-beer-nuts">
        	Beer Nuts&nbsp;
        	220g
        </a>
    </span>
	<span class="size">
			
 	</span>
</div>


	<div class="purchasing">	    
	    <div class="saving">
	    	
	    </div>
	   	
	    		<div class="price"><span class="accessibility">Purchase price </span><small>$</small>3.00</div>
	    	
	    <div class="unit-price"><span class="accessibility">Unit price </span>$13.64 per 1Kg</div>
	    <div class="special-offer">	    	
	    	
	    </div> 
	    <div class="availability">Temporarily unavailable</div>
	    <div class="purchase">
		
			<input type="number" title="Add Quantity for Casa Di Noci Beer Nuts 220g" name="quantity" id="catEntry_55346_qty" value="1" maxlength="2" size="2" class="v-mandatory v-numeric v-minval-1">
	        <button role="button" type="submit" title="Add to trolley&nbsp;Casa Di Noci Beer Nuts 220g" class="btn-red action-addToTrolley"><span role="presentation" aria-hidden="true">Add to trolley</span></button>
		
		</div>
	</div>
	<div class="lists">
		
	</div>


	    <div class="actions">
	        			
			   <div class="MUItemForTrolleyDiv MUItemForTrolley_118268" data-catentry="118268">
		         <div class="MUul_118268"><div class="MUli_118268 hidden" aria-hidden="true"><span class="inTrolley"><span class="MUSpan_118268">0</span> in trolley</span></div></div>
		       </div>
		        <p class="clear"></p>
			 
			<div class="member-usuals-remove">
				<a href="#" class="action-removeFromUsuals usuals-remove">Remove from list <span class="accessibility">Casa Di Noci Beer Nuts 220g</span></a>			
			</div>
			
				<div class="list">
					<a href="#" class="action-addToList action-list-add">Add to list <span class="accessibility">Casa Di Noci Beer Nuts 220g</span></a> 
				</div>
				<div class="member-list-add">
					<a href="#" class="action-addToList action-list-add">Add to another list <span class="accessibility">Casa Di Noci Beer Nuts 220g</span></a>
				</div>
			
			<div class="member-list-remove">
				 <a href="#" class="action-removeFromList">Remove from list <span class="accessibility">Casa Di Noci Beer Nuts 220g</span></a> 
			</div>
			
				<div class="compareProd" role="presentation" aria-hidden="true">
					<a href="#" class="compare compare-add">Compare</a>
				</div>
			
				<a href="http://shop.coles.com.au/online/national/casa-di-noci-beer-nuts" class="product-url accessibility">More details for Casa Di Noci&nbsp;Beer Nuts</a>
			
		</div>  
      

       	
		    <div role="presentation" aria-hidden="true" id="share" class="share" data-social="{productImgUrl:'http://shop.coles.com.au:27900/wcsstore/Coles-CAS/images/8/0/9/8099442-th.jpg'
	                                               ,productDisplayUrl:'http://shop.coles.com.au/online/national/casa-di-noci-beer-nuts'
	                                               ,title:'Casa Di Noci Beer Nuts  '
	                                               ,description:'Roasted and Salted Beer Nuts'}">
		 	</div>
 		
	</div>
</div>


	</form>
</div>


<span class="available hidden"></span>


<div class="outer-prod prodtile" data-refresh="{
					catalogId: &quot;10576&quot;,
					doInventory: &quot;N&quot;,
					fulfillmentCenterId: &quot;11576&quot;,
					forStoreId: &quot;10401&quot;,
					
					productDisplayURL: &quot;http://shop.coles.com.au/online/national/casa-di-noci-peanut-snacks-natural&quot;				
			}">
	<form id="catEntryForm_56171" name="catEntryForm_56171" action="AjaxOrderChangeServiceItemAdd">
		
<div class=" " data-catentry="catEntry_56171" data-refresh="{
				addCalculationUsage: &quot;-1&quot;,
				langId: &quot;-1&quot;,
				storeId: &quot;10601&quot;, 
				catEntryId: &quot;56171&quot;, 
				catEntryName: &quot;Spiced Peanut Crunch&quot;, 
				productView: &quot;list&quot;,
				productId: &quot;56171&quot;,
				itemId: &quot;118267&quot;,
				hideMultibuy: &quot;false&quot;,
                ticketType: &quot;&quot;,
                partNumber: &quot;8099500&quot;,
                offerCode: &quot;20150131&quot;
		}">
   	<div class="wrapper clearfix">   	
		

<h4 class="accessibility" id="heading_56171" tabindex="-1">
		Casa Di Noci&nbsp;Spiced Peanut Crunch&nbsp;
		125g&nbsp;
		 
</h4> 

<div class="offer-icon"></div>
<a role="presentation" aria-hidden="true" class="product-url" href="http://shop.coles.com.au/online/national/casa-di-noci-peanut-snacks-natural">
	    <img role="presentation" aria-hidden="true" class="photo" src="/wcsstore/Coles-CAS/images/8/0/9/8099500-th.jpg" onerror="this.src='/wcsstore/ColesStorefrontAssetStore/dist/e0a775baf05f/images/spacer.gif'" alt="Spiced Peanut Crunch" width="110" height="110">
	</a>

<div class="detail">	
    <span role="presentation" aria-hidden="true" class="brand">Casa Di Noci</span>
    <span class="item" role="presentation" aria-hidden="true">
        <a role="presentation" aria-hidden="true" class="product-url" href="http://shop.coles.com.au/online/national/casa-di-noci-peanut-snacks-natural">
        	Spiced Peanut Crunch&nbsp;
        	125g
        </a>
    </span>
	<span class="size">
			
 	</span>
</div>


	<div class="purchasing">	    
	    <div class="saving">
	    	
	    </div>
	   	
	    		<div class="price"><span class="accessibility">Purchase price </span><small>$</small>3.00</div>
	    	
	    <div class="unit-price"><span class="accessibility">Unit price </span>$24.00 per 1Kg</div>
	    <div class="special-offer">	    	
	    	
	    </div> 
	    <div class="availability">Temporarily unavailable</div>
	    <div class="purchase">
		
			<input type="number" title="Add Quantity for Casa Di Noci Spiced Peanut Crunch 125g" name="quantity" id="catEntry_56171_qty" value="1" maxlength="2" size="2" class="v-mandatory v-numeric v-minval-1">
	        <button role="button" type="submit" title="Add to trolley&nbsp;Casa Di Noci Spiced Peanut Crunch 125g" class="btn-red action-addToTrolley"><span role="presentation" aria-hidden="true">Add to trolley</span></button>
		
		</div>
	</div>
	<div class="lists">
		
	</div>


	    <div class="actions">
	        			
			   <div class="MUItemForTrolleyDiv MUItemForTrolley_118267" data-catentry="118267">
		         <div class="MUul_118267"><div class="MUli_118267 hidden" aria-hidden="true"><span class="inTrolley"><span class="MUSpan_118267">0</span> in trolley</span></div></div>
		       </div>
		        <p class="clear"></p>
			 
			<div class="member-usuals-remove">
				<a href="#" class="action-removeFromUsuals usuals-remove">Remove from list <span class="accessibility">Casa Di Noci Spiced Peanut Crunch 125g</span></a>			
			</div>
			
				<div class="list">
					<a href="#" class="action-addToList action-list-add">Add to list <span class="accessibility">Casa Di Noci Spiced Peanut Crunch 125g</span></a> 
				</div>
				<div class="member-list-add">
					<a href="#" class="action-addToList action-list-add">Add to another list <span class="accessibility">Casa Di Noci Spiced Peanut Crunch 125g</span></a>
				</div>
			
			<div class="member-list-remove">
				 <a href="#" class="action-removeFromList">Remove from list <span class="accessibility">Casa Di Noci Spiced Peanut Crunch 125g</span></a> 
			</div>
			
				<div class="compareProd" role="presentation" aria-hidden="true">
					<a href="#" class="compare compare-add">Compare</a>
				</div>
			
				<a href="http://shop.coles.com.au/online/national/casa-di-noci-peanut-snacks-natural" class="product-url accessibility">More details for Casa Di Noci&nbsp;Spiced Peanut Crunch</a>
			
		</div>  
      

       	
		    <div role="presentation" aria-hidden="true" id="share" class="share" data-social="{productImgUrl:'http://shop.coles.com.au:27900/wcsstore/Coles-CAS/images/8/0/9/8099500-th.jpg'
	                                               ,productDisplayUrl:'http://shop.coles.com.au/online/national/casa-di-noci-peanut-snacks-natural'
	                                               ,title:'Casa Di Noci Spiced Peanut Crunch  '
	                                               ,description:'Peanut Snacks'}">
		 	</div>
 		
	</div>
</div>


	</form>
</div>


<span class="available hidden"></span>


<div class="outer-prod prodtile" data-refresh="{
					catalogId: &quot;10576&quot;,
					doInventory: &quot;N&quot;,
					fulfillmentCenterId: &quot;11576&quot;,
					forStoreId: &quot;10401&quot;,
					
					productDisplayURL: &quot;http://shop.coles.com.au/online/national/casa-di-noci-macadamias-chocolate-coated-yoghurt-cranberries&quot;				
			}">
	<form id="catEntryForm_56172" name="catEntryForm_56172" action="AjaxOrderChangeServiceItemAdd">
		
<div class=" " data-catentry="catEntry_56172" data-refresh="{
				addCalculationUsage: &quot;-1&quot;,
				langId: &quot;-1&quot;,
				storeId: &quot;10601&quot;, 
				catEntryId: &quot;56172&quot;, 
				catEntryName: &quot;Chocolate Macadamias &amp; Yoghurt Cranberries&quot;, 
				productView: &quot;list&quot;,
				productId: &quot;56172&quot;,
				itemId: &quot;120398&quot;,
				hideMultibuy: &quot;false&quot;,
                ticketType: &quot;&quot;,
                partNumber: &quot;8099340&quot;,
                offerCode: &quot;20150130&quot;
		}">
   	<div class="wrapper clearfix">   	
		

<h4 class="accessibility" id="heading_56172" tabindex="-1">
		Casa Di Noci&nbsp;Chocolate Macadamias &amp; Yoghurt Cranberries&nbsp;
		175g&nbsp;
		 
</h4> 

<div class="offer-icon"></div>
<a role="presentation" aria-hidden="true" class="product-url" href="http://shop.coles.com.au/online/national/casa-di-noci-macadamias-chocolate-coated-yoghurt-cranberries">
	    <img role="presentation" aria-hidden="true" class="photo" src="/wcsstore/Coles-CAS/images/8/0/9/8099340-th.jpg" onerror="this.src='/wcsstore/ColesStorefrontAssetStore/dist/e0a775baf05f/images/spacer.gif'" alt="Chocolate Macadamias &amp; Yoghurt Cranberries" width="110" height="110">
	</a>

<div class="detail">	
    <span role="presentation" aria-hidden="true" class="brand">Casa Di Noci</span>
    <span class="item" role="presentation" aria-hidden="true">
        <a role="presentation" aria-hidden="true" class="product-url" href="http://shop.coles.com.au/online/national/casa-di-noci-macadamias-chocolate-coated-yoghurt-cranberries">
        	Chocolate Macadamias &amp; Yoghurt Cranberries&nbsp;
        	175g
        </a>
    </span>
	<span class="size">
			
 	</span>
</div>


	<div class="purchasing">	    
	    <div class="saving">
	    	
	    </div>
	   	
	    		<div class="price"><span class="accessibility">Purchase price </span><small>$</small>4.98</div>
	    	
	    <div class="unit-price"><span class="accessibility">Unit price </span>$28.46 per 1Kg</div>
	    <div class="special-offer">	    	
	    	
	    </div> 
	    <div class="availability">Temporarily unavailable</div>
	    <div class="purchase">
		
			<input type="number" title="Add Quantity for Casa Di Noci Chocolate Macadamias &amp; Yoghurt Cranberries 175g" name="quantity" id="catEntry_56172_qty" value="1" maxlength="2" size="2" class="v-mandatory v-numeric v-minval-1">
	        <button role="button" type="submit" title="Add to trolley&nbsp;Casa Di Noci Chocolate Macadamias &amp; Yoghurt Cranberries 175g" class="btn-red action-addToTrolley"><span role="presentation" aria-hidden="true">Add to trolley</span></button>
		
		</div>
	</div>
	<div class="lists">
		
	</div>


	    <div class="actions">
	        			
			   <div class="MUItemForTrolleyDiv MUItemForTrolley_120398" data-catentry="120398">
		         <div class="MUul_120398"><div class="MUli_120398 hidden" aria-hidden="true"><span class="inTrolley"><span class="MUSpan_120398">0</span> in trolley</span></div></div>
		       </div>
		        <p class="clear"></p>
			 
			<div class="member-usuals-remove">
				<a href="#" class="action-removeFromUsuals usuals-remove">Remove from list <span class="accessibility">Casa Di Noci Chocolate Macadamias &amp; Yoghurt Cranberries 175g</span></a>			
			</div>
			
				<div class="list">
					<a href="#" class="action-addToList action-list-add">Add to list <span class="accessibility">Casa Di Noci Chocolate Macadamias &amp; Yoghurt Cranberries 175g</span></a> 
				</div>
				<div class="member-list-add">
					<a href="#" class="action-addToList action-list-add">Add to another list <span class="accessibility">Casa Di Noci Chocolate Macadamias &amp; Yoghurt Cranberries 175g</span></a>
				</div>
			
			<div class="member-list-remove">
				 <a href="#" class="action-removeFromList">Remove from list <span class="accessibility">Casa Di Noci Chocolate Macadamias &amp; Yoghurt Cranberries 175g</span></a> 
			</div>
			
				<div class="compareProd" role="presentation" aria-hidden="true">
					<a href="#" class="compare compare-add">Compare</a>
				</div>
			
				<a href="http://shop.coles.com.au/online/national/casa-di-noci-macadamias-chocolate-coated-yoghurt-cranberries" class="product-url accessibility">More details for Casa Di Noci&nbsp;Chocolate Macadamias &amp; Yoghurt Cranberries</a>
			
		</div>  
      

       	
		    <div role="presentation" aria-hidden="true" id="share" class="share" data-social="{productImgUrl:'http://shop.coles.com.au:27900/wcsstore/Coles-CAS/images/8/0/9/8099340-th.jpg'
	                                               ,productDisplayUrl:'http://shop.coles.com.au/online/national/casa-di-noci-macadamias-chocolate-coated-yoghurt-cranberries'
	                                               ,title:'Casa Di Noci Chocolate Macadamias &amp; Yoghurt Cranberries  '
	                                               ,description:'Chocolate Macdamias and Yoghurt Cranberries'}">
		 	</div>
 		
	</div>
</div>


	</form>
</div>


<span class="available hidden"></span>


<div class="outer-prod prodtile" data-refresh="{
					catalogId: &quot;10576&quot;,
					doInventory: &quot;N&quot;,
					fulfillmentCenterId: &quot;11576&quot;,
					forStoreId: &quot;10401&quot;,
					
					productDisplayURL: &quot;http://shop.coles.com.au/online/national/casa-di-noci-cashews-honey&quot;				
			}">
	<form id="catEntryForm_105796" name="catEntryForm_105796" action="AjaxOrderChangeServiceItemAdd">
		
<div class=" " data-catentry="catEntry_105796" data-refresh="{
				addCalculationUsage: &quot;-1&quot;,
				langId: &quot;-1&quot;,
				storeId: &quot;10601&quot;, 
				catEntryId: &quot;105796&quot;, 
				catEntryName: &quot;Honey Cashews&quot;, 
				productView: &quot;list&quot;,
				productId: &quot;105796&quot;,
				itemId: &quot;110713&quot;,
				hideMultibuy: &quot;false&quot;,
                ticketType: &quot;&quot;,
                partNumber: &quot;9222577&quot;,
                offerCode: &quot;20150130&quot;
		}">
   	<div class="wrapper clearfix">   	
		

<h4 class="accessibility" id="heading_105796" tabindex="-1">
		Casa Di Noci&nbsp;Honey Cashews&nbsp;
		180g&nbsp;
		 
</h4> 

<div class="offer-icon"></div>
<a role="presentation" aria-hidden="true" class="product-url" href="http://shop.coles.com.au/online/national/casa-di-noci-cashews-honey">
	    <img role="presentation" aria-hidden="true" class="photo" src="/wcsstore/Coles-CAS/images/9/2/2/9222577-th.jpg" onerror="this.src='/wcsstore/ColesStorefrontAssetStore/dist/e0a775baf05f/images/spacer.gif'" alt="Honey Cashews" width="110" height="110">
	</a>

<div class="detail">	
    <span role="presentation" aria-hidden="true" class="brand">Casa Di Noci</span>
    <span class="item" role="presentation" aria-hidden="true">
        <a role="presentation" aria-hidden="true" class="product-url" href="http://shop.coles.com.au/online/national/casa-di-noci-cashews-honey">
        	Honey Cashews&nbsp;
        	180g
        </a>
    </span>
	<span class="size">
			
 	</span>
</div>


	<div class="purchasing">	    
	    <div class="saving">
	    	
	    </div>
	   	
	    		<div class="price"><span class="accessibility">Purchase price </span><small>$</small>4.98</div>
	    	
	    <div class="unit-price"><span class="accessibility">Unit price </span>$27.67 per 1Kg</div>
	    <div class="special-offer">	    	
	    	
	    </div> 
	    <div class="availability">Temporarily unavailable</div>
	    <div class="purchase">
		
			<input type="number" title="Add Quantity for Casa Di Noci Honey Cashews 180g" name="quantity" id="catEntry_105796_qty" value="1" maxlength="2" size="2" class="v-mandatory v-numeric v-minval-1">
	        <button role="button" type="submit" title="Add to trolley&nbsp;Casa Di Noci Honey Cashews 180g" class="btn-red action-addToTrolley"><span role="presentation" aria-hidden="true">Add to trolley</span></button>
		
		</div>
	</div>
	<div class="lists">
		
	</div>


	    <div class="actions">
	        			
			   <div class="MUItemForTrolleyDiv MUItemForTrolley_110713" data-catentry="110713">
		         <div class="MUul_110713"><div class="MUli_110713 hidden" aria-hidden="true"><span class="inTrolley"><span class="MUSpan_110713">0</span> in trolley</span></div></div>
		       </div>
		        <p class="clear"></p>
			 
			<div class="member-usuals-remove">
				<a href="#" class="action-removeFromUsuals usuals-remove">Remove from list <span class="accessibility">Casa Di Noci Honey Cashews 180g</span></a>			
			</div>
			
				<div class="list">
					<a href="#" class="action-addToList action-list-add">Add to list <span class="accessibility">Casa Di Noci Honey Cashews 180g</span></a> 
				</div>
				<div class="member-list-add">
					<a href="#" class="action-addToList action-list-add">Add to another list <span class="accessibility">Casa Di Noci Honey Cashews 180g</span></a>
				</div>
			
			<div class="member-list-remove">
				 <a href="#" class="action-removeFromList">Remove from list <span class="accessibility">Casa Di Noci Honey Cashews 180g</span></a> 
			</div>
			
				<div class="compareProd" role="presentation" aria-hidden="true">
					<a href="#" class="compare compare-add">Compare</a>
				</div>
			
				<a href="http://shop.coles.com.au/online/national/casa-di-noci-cashews-honey" class="product-url accessibility">More details for Casa Di Noci&nbsp;Honey Cashews</a>
			
		</div>  
      

       	
		    <div role="presentation" aria-hidden="true" id="share" class="share" data-social="{productImgUrl:'http://shop.coles.com.au:27900/wcsstore/Coles-CAS/images/9/2/2/9222577-th.jpg'
	                                               ,productDisplayUrl:'http://shop.coles.com.au/online/national/casa-di-noci-cashews-honey'
	                                               ,title:'Casa Di Noci Honey Cashews  '
	                                               ,description:'Honey Cashews'}">
		 	</div>
 		
	</div>
</div>


	</form>
</div>


<span class="available hidden"></span>


<div class="outer-prod prodtile" data-refresh="{
					catalogId: &quot;10576&quot;,
					doInventory: &quot;N&quot;,
					fulfillmentCenterId: &quot;11576&quot;,
					forStoreId: &quot;10401&quot;,
					
					productDisplayURL: &quot;http://shop.coles.com.au/online/national/casa-di-noci-cashews-peanuts&quot;				
			}">
	<form id="catEntryForm_323008" name="catEntryForm_323008" action="AjaxOrderChangeServiceItemAdd">
		
<div class=" " data-catentry="catEntry_323008" data-refresh="{
				addCalculationUsage: &quot;-1&quot;,
				langId: &quot;-1&quot;,
				storeId: &quot;10601&quot;, 
				catEntryId: &quot;323008&quot;, 
				catEntryName: &quot;Cashews &amp; Peanuts&quot;, 
				productView: &quot;list&quot;,
				productId: &quot;323008&quot;,
				itemId: &quot;323021&quot;,
				hideMultibuy: &quot;false&quot;,
                ticketType: &quot;&quot;,
                partNumber: &quot;1774591&quot;,
                offerCode: &quot;20150130&quot;
		}">
   	<div class="wrapper clearfix">   	
		

<h4 class="accessibility" id="heading_323008" tabindex="-1">
		Casa Di Noci&nbsp;Cashews &amp; Peanuts&nbsp;
		200g&nbsp;
		 
</h4> 

<div class="offer-icon"></div>
<a role="presentation" aria-hidden="true" class="product-url" href="http://shop.coles.com.au/online/national/casa-di-noci-cashews-peanuts">
	    <img role="presentation" aria-hidden="true" class="photo" src="/wcsstore/Coles-CAS/images/1/7/7/1774591-th.jpg" onerror="this.src='/wcsstore/ColesStorefrontAssetStore/dist/e0a775baf05f/images/spacer.gif'" alt="Cashews &amp; Peanuts" width="110" height="110">
	</a>

<div class="detail">	
    <span role="presentation" aria-hidden="true" class="brand">Casa Di Noci</span>
    <span class="item" role="presentation" aria-hidden="true">
        <a role="presentation" aria-hidden="true" class="product-url" href="http://shop.coles.com.au/online/national/casa-di-noci-cashews-peanuts">
        	Cashews &amp; Peanuts&nbsp;
        	200g
        </a>
    </span>
	<span class="size">
			
 	</span>
</div>


	<div class="purchasing">	    
	    <div class="saving">
	    	
	    </div>
	   	
	    		<div class="price"><span class="accessibility">Purchase price </span><small>$</small>4.98</div>
	    	
	    <div class="unit-price"><span class="accessibility">Unit price </span>$24.90 per 1Kg</div>
	    <div class="special-offer">	    	
	    	
	    </div> 
	    <div class="availability">Temporarily unavailable</div>
	    <div class="purchase">
		
			<input type="number" title="Add Quantity for Casa Di Noci Cashews &amp; Peanuts 200g" name="quantity" id="catEntry_323008_qty" value="1" maxlength="2" size="2" class="v-mandatory v-numeric v-minval-1">
	        <button role="button" type="submit" title="Add to trolley&nbsp;Casa Di Noci Cashews &amp; Peanuts 200g" class="btn-red action-addToTrolley"><span role="presentation" aria-hidden="true">Add to trolley</span></button>
		
		</div>
	</div>
	<div class="lists">
		
	</div>


	    <div class="actions">
	        			
			   <div class="MUItemForTrolleyDiv MUItemForTrolley_323021" data-catentry="323021">
		         <div class="MUul_323021"><div class="MUli_323021 hidden" aria-hidden="true"><span class="inTrolley"><span class="MUSpan_323021">0</span> in trolley</span></div></div>
		       </div>
		        <p class="clear"></p>
			 
			<div class="member-usuals-remove">
				<a href="#" class="action-removeFromUsuals usuals-remove">Remove from list <span class="accessibility">Casa Di Noci Cashews &amp; Peanuts 200g</span></a>			
			</div>
			
				<div class="list">
					<a href="#" class="action-addToList action-list-add">Add to list <span class="accessibility">Casa Di Noci Cashews &amp; Peanuts 200g</span></a> 
				</div>
				<div class="member-list-add">
					<a href="#" class="action-addToList action-list-add">Add to another list <span class="accessibility">Casa Di Noci Cashews &amp; Peanuts 200g</span></a>
				</div>
			
			<div class="member-list-remove">
				 <a href="#" class="action-removeFromList">Remove from list <span class="accessibility">Casa Di Noci Cashews &amp; Peanuts 200g</span></a> 
			</div>
			
				<div class="compareProd" role="presentation" aria-hidden="true">
					<a href="#" class="compare compare-add">Compare</a>
				</div>
			
				<a href="http://shop.coles.com.au/online/national/casa-di-noci-cashews-peanuts" class="product-url accessibility">More details for Casa Di Noci&nbsp;Cashews &amp; Peanuts</a>
			
		</div>  
      

       	
		    <div role="presentation" aria-hidden="true" id="share" class="share" data-social="{productImgUrl:'http://shop.coles.com.au:27900/wcsstore/Coles-CAS/images/1/7/7/1774591-th.jpg'
	                                               ,productDisplayUrl:'http://shop.coles.com.au/online/national/casa-di-noci-cashews-peanuts'
	                                               ,title:'Casa Di Noci Cashews &amp; Peanuts  '
	                                               ,description:''}">
		 	</div>
 		
	</div>
</div>


	</form>
</div>


<span class="available hidden"></span>


<div class="outer-prod prodtile" data-refresh="{
					catalogId: &quot;10576&quot;,
					doInventory: &quot;N&quot;,
					fulfillmentCenterId: &quot;11576&quot;,
					forStoreId: &quot;10401&quot;,
					
					productDisplayURL: &quot;http://shop.coles.com.au/online/national/casa-di-noci-chocolate-coated-peanuts-sultanas-prepacked&quot;				
			}">
	<form id="catEntryForm_337009" name="catEntryForm_337009" action="AjaxOrderChangeServiceItemAdd">
		
<div class=" " data-catentry="catEntry_337009" data-refresh="{
				addCalculationUsage: &quot;-1&quot;,
				langId: &quot;-1&quot;,
				storeId: &quot;10601&quot;, 
				catEntryId: &quot;337009&quot;, 
				catEntryName: &quot;Chocolate Coated Peanuts &amp; Sultanas&quot;, 
				productView: &quot;list&quot;,
				productId: &quot;337009&quot;,
				itemId: &quot;337056&quot;,
				hideMultibuy: &quot;false&quot;,
                ticketType: &quot;&quot;,
                partNumber: &quot;1777771&quot;,
                offerCode: &quot;20150131&quot;
		}">
   	<div class="wrapper clearfix">   	
		

<h4 class="accessibility" id="heading_337009" tabindex="-1">
		Casa Di Noci&nbsp;Chocolate Coated Peanuts &amp; Sultanas&nbsp;
		200g&nbsp;
		 
</h4> 

<div class="offer-icon"></div>
<a role="presentation" aria-hidden="true" class="product-url" href="http://shop.coles.com.au/online/national/casa-di-noci-chocolate-coated-peanuts-sultanas-prepacked">
	    <img role="presentation" aria-hidden="true" class="photo" src="/wcsstore/Coles-CAS/images/1/7/7/1777771-th.jpg" onerror="this.src='/wcsstore/ColesStorefrontAssetStore/dist/e0a775baf05f/images/spacer.gif'" alt="Chocolate Coated Peanuts &amp; Sultanas" width="110" height="110">
	</a>

<div class="detail">	
    <span role="presentation" aria-hidden="true" class="brand">Casa Di Noci</span>
    <span class="item" role="presentation" aria-hidden="true">
        <a role="presentation" aria-hidden="true" class="product-url" href="http://shop.coles.com.au/online/national/casa-di-noci-chocolate-coated-peanuts-sultanas-prepacked">
        	Chocolate Coated Peanuts &amp; Sultanas&nbsp;
        	200g
        </a>
    </span>
	<span class="size">
			
 	</span>
</div>


	<div class="purchasing">	    
	    <div class="saving">
	    	
	    </div>
	   	
	    		<div class="price"><span class="accessibility">Purchase price </span><small>$</small>3.00</div>
	    	
	    <div class="unit-price"><span class="accessibility">Unit price </span>$15.00 per 1Kg</div>
	    <div class="special-offer">	    	
	    	
	    </div> 
	    <div class="availability">Temporarily unavailable</div>
	    <div class="purchase">
		
			<input type="number" title="Add Quantity for Casa Di Noci Chocolate Coated Peanuts &amp; Sultanas 200g" name="quantity" id="catEntry_337009_qty" value="1" maxlength="2" size="2" class="v-mandatory v-numeric v-minval-1">
	        <button role="button" type="submit" title="Add to trolley&nbsp;Casa Di Noci Chocolate Coated Peanuts &amp; Sultanas 200g" class="btn-red action-addToTrolley"><span role="presentation" aria-hidden="true">Add to trolley</span></button>
		
		</div>
	</div>
	<div class="lists">
		
	</div>


	    <div class="actions">
	        			
			   <div class="MUItemForTrolleyDiv MUItemForTrolley_337056" data-catentry="337056">
		         <div class="MUul_337056"><div class="MUli_337056 hidden" aria-hidden="true"><span class="inTrolley"><span class="MUSpan_337056">0</span> in trolley</span></div></div>
		       </div>
		        <p class="clear"></p>
			 
			<div class="member-usuals-remove">
				<a href="#" class="action-removeFromUsuals usuals-remove">Remove from list <span class="accessibility">Casa Di Noci Chocolate Coated Peanuts &amp; Sultanas 200g</span></a>			
			</div>
			
				<div class="list">
					<a href="#" class="action-addToList action-list-add">Add to list <span class="accessibility">Casa Di Noci Chocolate Coated Peanuts &amp; Sultanas 200g</span></a> 
				</div>
				<div class="member-list-add">
					<a href="#" class="action-addToList action-list-add">Add to another list <span class="accessibility">Casa Di Noci Chocolate Coated Peanuts &amp; Sultanas 200g</span></a>
				</div>
			
			<div class="member-list-remove">
				 <a href="#" class="action-removeFromList">Remove from list <span class="accessibility">Casa Di Noci Chocolate Coated Peanuts &amp; Sultanas 200g</span></a> 
			</div>
			
				<div class="compareProd" role="presentation" aria-hidden="true">
					<a href="#" class="compare compare-add">Compare</a>
				</div>
			
				<a href="http://shop.coles.com.au/online/national/casa-di-noci-chocolate-coated-peanuts-sultanas-prepacked" class="product-url accessibility">More details for Casa Di Noci&nbsp;Chocolate Coated Peanuts &amp; Sultanas</a>
			
		</div>  
      

       	
		    <div role="presentation" aria-hidden="true" id="share" class="share" data-social="{productImgUrl:'http://shop.coles.com.au:27900/wcsstore/Coles-CAS/images/1/7/7/1777771-th.jpg'
	                                               ,productDisplayUrl:'http://shop.coles.com.au/online/national/casa-di-noci-chocolate-coated-peanuts-sultanas-prepacked'
	                                               ,title:'Casa Di Noci Chocolate Coated Peanuts &amp; Sultanas  '
	                                               ,description:''}">
		 	</div>
 		
	</div>
</div>


	</form>
</div>


<span class="available hidden"></span>


<div class="outer-prod prodtile" data-refresh="{
					catalogId: &quot;10576&quot;,
					doInventory: &quot;N&quot;,
					fulfillmentCenterId: &quot;11576&quot;,
					forStoreId: &quot;10401&quot;,
					
					productDisplayURL: &quot;http://shop.coles.com.au/online/national/coles-arrangement-cutie-cube-small&quot;				
			}">
	<form id="catEntryForm_12139" name="catEntryForm_12139" action="AjaxOrderChangeServiceItemAdd">
		
<div class=" " data-catentry="catEntry_12139" data-refresh="{
				addCalculationUsage: &quot;-1&quot;,
				langId: &quot;-1&quot;,
				storeId: &quot;10601&quot;, 
				catEntryId: &quot;12139&quot;, 
				catEntryName: &quot;Cutie Cube Floral Arrangement&quot;, 
				productView: &quot;list&quot;,
				productId: &quot;12139&quot;,
				itemId: &quot;30224&quot;,
				hideMultibuy: &quot;false&quot;,
                ticketType: &quot;&quot;,
                partNumber: &quot;5378600&quot;,
                offerCode: &quot;20141204&quot;
		}">
   	<div class="wrapper clearfix">   	
		

<h4 class="accessibility" id="heading_12139" tabindex="-1">
		Coles&nbsp;Cutie Cube Floral Arrangement&nbsp;
		1 each&nbsp;
		 
</h4> 

<div class="offer-icon"></div>
<a role="presentation" aria-hidden="true" class="product-url" href="http://shop.coles.com.au/online/national/coles-arrangement-cutie-cube-small">
	    <img role="presentation" aria-hidden="true" class="photo" src="/wcsstore/Coles-CAS/images/5/3/7/5378600-th.jpg" onerror="this.src='/wcsstore/ColesStorefrontAssetStore/dist/e0a775baf05f/images/spacer.gif'" alt="Cutie Cube Floral Arrangement" width="110" height="110">
	</a>

<div class="detail">	
    <span role="presentation" aria-hidden="true" class="brand">Coles</span>
    <span class="item" role="presentation" aria-hidden="true">
        <a role="presentation" aria-hidden="true" class="product-url" href="http://shop.coles.com.au/online/national/coles-arrangement-cutie-cube-small">
        	Cutie Cube Floral Arrangement&nbsp;
        	1 each
        </a>
    </span>
	<span class="size">
		Image is an example only. Colour of flowers &amp; wrapping will vary.	
 	</span>
</div>


	<div class="purchasing">	    
	    <div class="saving">
	    	
	    </div>
	   	
	    		<div class="price"><span class="accessibility">Purchase price </span><small>$</small>15.00</div>
	    	
	    <div class="unit-price"><span class="accessibility">Unit price </span>$15.00 per 1ea</div>
	    <div class="special-offer">	    	
	    	
	    </div> 
	    <div class="availability">Temporarily unavailable</div>
	    <div class="purchase">
		
			<input type="number" title="Add Quantity for Coles Cutie Cube Floral Arrangement 1 each" name="quantity" id="catEntry_12139_qty" value="1" maxlength="2" size="2" class="v-mandatory v-numeric v-minval-1">
	        <button role="button" type="submit" title="Add to trolley&nbsp;Coles Cutie Cube Floral Arrangement 1 each" class="btn-red action-addToTrolley"><span role="presentation" aria-hidden="true">Add to trolley</span></button>
		
		</div>
	</div>
	<div class="lists">
		
	</div>


	    <div class="actions">
	        			
			   <div class="MUItemForTrolleyDiv MUItemForTrolley_30224" data-catentry="30224">
		         <div class="MUul_30224"><div class="MUli_30224 hidden" aria-hidden="true"><span class="inTrolley"><span class="MUSpan_30224">0</span> in trolley</span></div></div>
		       </div>
		        <p class="clear"></p>
			 
			<div class="member-usuals-remove">
				<a href="#" class="action-removeFromUsuals usuals-remove">Remove from list <span class="accessibility">Coles Cutie Cube Floral Arrangement 1 each</span></a>			
			</div>
			
				<div class="list">
					<a href="#" class="action-addToList action-list-add">Add to list <span class="accessibility">Coles Cutie Cube Floral Arrangement 1 each</span></a> 
				</div>
				<div class="member-list-add">
					<a href="#" class="action-addToList action-list-add">Add to another list <span class="accessibility">Coles Cutie Cube Floral Arrangement 1 each</span></a>
				</div>
			
			<div class="member-list-remove">
				 <a href="#" class="action-removeFromList">Remove from list <span class="accessibility">Coles Cutie Cube Floral Arrangement 1 each</span></a> 
			</div>
			
				<div class="compareProd" role="presentation" aria-hidden="true">
					<a href="#" class="compare compare-add">Compare</a>
				</div>
			
				<a href="http://shop.coles.com.au/online/national/coles-arrangement-cutie-cube-small" class="product-url accessibility">More details for Coles&nbsp;Cutie Cube Floral Arrangement</a>
			
		</div>  
      

       	
		    <div role="presentation" aria-hidden="true" id="share" class="share" data-social="{productImgUrl:'http://shop.coles.com.au:27900/wcsstore/Coles-CAS/images/5/3/7/5378600-th.jpg'
	                                               ,productDisplayUrl:'http://shop.coles.com.au/online/national/coles-arrangement-cutie-cube-small'
	                                               ,title:'Coles Cutie Cube Floral Arrangement Image is an example only. Colour of flowers &amp; wrapping will vary.'
	                                               ,description:'Small Arrangement'}">
		 	</div>
 		
	</div>
</div>


	</form>
</div>


<span class="available hidden"></span>


<div class="outer-prod prodtile" data-refresh="{
					catalogId: &quot;10576&quot;,
					doInventory: &quot;N&quot;,
					fulfillmentCenterId: &quot;11576&quot;,
					forStoreId: &quot;10401&quot;,
					
					productDisplayURL: &quot;http://shop.coles.com.au/online/national/coles-fresh-flowers-5372818p&quot;				
			}">
	<form id="catEntryForm_13956" name="catEntryForm_13956" action="AjaxOrderChangeServiceItemAdd">
		
<div class=" " data-catentry="catEntry_13956" data-refresh="{
				addCalculationUsage: &quot;-1&quot;,
				langId: &quot;-1&quot;,
				storeId: &quot;10601&quot;, 
				catEntryId: &quot;13956&quot;, 
				catEntryName: &quot;Fresh Flowers&quot;, 
				productView: &quot;list&quot;,
				productId: &quot;13956&quot;,
				itemId: &quot;38537&quot;,
				hideMultibuy: &quot;false&quot;,
                ticketType: &quot;&quot;,
                partNumber: &quot;5372818&quot;,
                offerCode: &quot;20130126&quot;
		}">
   	<div class="wrapper clearfix">   	
		

<h4 class="accessibility" id="heading_13956" tabindex="-1">
		Coles&nbsp;Fresh Flowers&nbsp;
		1 each&nbsp;
		 
</h4> 

<div class="offer-icon"></div>
<a role="presentation" aria-hidden="true" class="product-url" href="http://shop.coles.com.au/online/national/coles-fresh-flowers-5372818p">
	    <img role="presentation" aria-hidden="true" class="photo" src="/wcsstore/Coles-CAS/images/5/3/7/5372818-th.jpg" onerror="this.src='/wcsstore/ColesStorefrontAssetStore/dist/e0a775baf05f/images/spacer.gif'" alt="Fresh Flowers" width="110" height="110">
	</a>

<div class="detail">	
    <span role="presentation" aria-hidden="true" class="brand">Coles</span>
    <span class="item" role="presentation" aria-hidden="true">
        <a role="presentation" aria-hidden="true" class="product-url" href="http://shop.coles.com.au/online/national/coles-fresh-flowers-5372818p">
        	Fresh Flowers&nbsp;
        	1 each
        </a>
    </span>
	<span class="size">
		A $15 bunch of flowers selected daily.	
 	</span>
</div>


	<div class="purchasing">	    
	    <div class="saving">
	    	
	    </div>
	   	
	    		<div class="price"><span class="accessibility">Purchase price </span><small>$</small>15.00</div>
	    	
	    <div class="unit-price"><span class="accessibility">Unit price </span>$15.00 per 1ea</div>
	    <div class="special-offer">	    	
	    	
	    </div> 
	    <div class="availability">Temporarily unavailable</div>
	    <div class="purchase">
		
			<input type="number" title="Add Quantity for Coles Fresh Flowers 1 each" name="quantity" id="catEntry_13956_qty" value="1" maxlength="2" size="2" class="v-mandatory v-numeric v-minval-1">
	        <button role="button" type="submit" title="Add to trolley&nbsp;Coles Fresh Flowers 1 each" class="btn-red action-addToTrolley"><span role="presentation" aria-hidden="true">Add to trolley</span></button>
		
		</div>
	</div>
	<div class="lists">
		
	</div>


	    <div class="actions">
	        			
			   <div class="MUItemForTrolleyDiv MUItemForTrolley_38537" data-catentry="38537">
		         <div class="MUul_38537"><div class="MUli_38537 hidden" aria-hidden="true"><span class="inTrolley"><span class="MUSpan_38537">0</span> in trolley</span></div></div>
		       </div>
		        <p class="clear"></p>
			 
			<div class="member-usuals-remove">
				<a href="#" class="action-removeFromUsuals usuals-remove">Remove from list <span class="accessibility">Coles Fresh Flowers 1 each</span></a>			
			</div>
			
				<div class="list">
					<a href="#" class="action-addToList action-list-add">Add to list <span class="accessibility">Coles Fresh Flowers 1 each</span></a> 
				</div>
				<div class="member-list-add">
					<a href="#" class="action-addToList action-list-add">Add to another list <span class="accessibility">Coles Fresh Flowers 1 each</span></a>
				</div>
			
			<div class="member-list-remove">
				 <a href="#" class="action-removeFromList">Remove from list <span class="accessibility">Coles Fresh Flowers 1 each</span></a> 
			</div>
			
				<div class="compareProd" role="presentation" aria-hidden="true">
					<a href="#" class="compare compare-add">Compare</a>
				</div>
			
				<a href="http://shop.coles.com.au/online/national/coles-fresh-flowers-5372818p" class="product-url accessibility">More details for Coles&nbsp;Fresh Flowers</a>
			
		</div>  
      

       	
		    <div role="presentation" aria-hidden="true" id="share" class="share" data-social="{productImgUrl:'http://shop.coles.com.au:27900/wcsstore/Coles-CAS/images/5/3/7/5372818-th.jpg'
	                                               ,productDisplayUrl:'http://shop.coles.com.au/online/national/coles-fresh-flowers-5372818p'
	                                               ,title:'Coles Fresh Flowers A $15 bunch of flowers selected daily.'
	                                               ,description:''}">
		 	</div>
 		
	</div>
</div>


	</form>
</div>


<span class="available hidden"></span>


<div class="outer-prod prodtile" data-refresh="{
					catalogId: &quot;10576&quot;,
					doInventory: &quot;N&quot;,
					fulfillmentCenterId: &quot;11576&quot;,
					forStoreId: &quot;10401&quot;,
					
					productDisplayURL: &quot;http://shop.coles.com.au/online/national/coles-outback-bouquet&quot;				
			}">
	<form id="catEntryForm_14304" name="catEntryForm_14304" action="AjaxOrderChangeServiceItemAdd">
		
<div class=" " data-catentry="catEntry_14304" data-refresh="{
				addCalculationUsage: &quot;-1&quot;,
				langId: &quot;-1&quot;,
				storeId: &quot;10601&quot;, 
				catEntryId: &quot;14304&quot;, 
				catEntryName: &quot;Outback Floral Bouquet&quot;, 
				productView: &quot;list&quot;,
				productId: &quot;14304&quot;,
				itemId: &quot;28982&quot;,
				hideMultibuy: &quot;false&quot;,
                ticketType: &quot;&quot;,
                partNumber: &quot;9529977&quot;,
                offerCode: &quot;20141030&quot;
		}">
   	<div class="wrapper clearfix">   	
		

<h4 class="accessibility" id="heading_14304" tabindex="-1">
		Coles&nbsp;Outback Floral Bouquet&nbsp;
		1 each&nbsp;
		 
</h4> 

<div class="offer-icon"></div>
<a role="presentation" aria-hidden="true" class="product-url" href="http://shop.coles.com.au/online/national/coles-outback-bouquet">
	    <img role="presentation" aria-hidden="true" class="photo" src="/wcsstore/Coles-CAS/images/9/5/2/9529977-th.jpg" onerror="this.src='/wcsstore/ColesStorefrontAssetStore/dist/e0a775baf05f/images/spacer.gif'" alt="Outback Floral Bouquet" width="110" height="110">
	</a>

<div class="detail">	
    <span role="presentation" aria-hidden="true" class="brand">Coles</span>
    <span class="item" role="presentation" aria-hidden="true">
        <a role="presentation" aria-hidden="true" class="product-url" href="http://shop.coles.com.au/online/national/coles-outback-bouquet">
        	Outback Floral Bouquet&nbsp;
        	1 each
        </a>
    </span>
	<span class="size">
		Image is an example only. Colour of flowers may vary. 	
 	</span>
</div>


	<div class="purchasing">	    
	    <div class="saving">
	    	
	    </div>
	   	
	    		<div class="price"><span class="accessibility">Purchase price </span><small>$</small>15.00</div>
	    	
	    <div class="unit-price"><span class="accessibility">Unit price </span>$15.00 per 1ea</div>
	    <div class="special-offer">	    	
	    	
	    </div> 
	    <div class="availability">Temporarily unavailable</div>
	    <div class="purchase">
		
			<input type="number" title="Add Quantity for Coles Outback Floral Bouquet 1 each" name="quantity" id="catEntry_14304_qty" value="1" maxlength="2" size="2" class="v-mandatory v-numeric v-minval-1">
	        <button role="button" type="submit" title="Add to trolley&nbsp;Coles Outback Floral Bouquet 1 each" class="btn-red action-addToTrolley"><span role="presentation" aria-hidden="true">Add to trolley</span></button>
		
		</div>
	</div>
	<div class="lists">
		
	</div>


	    <div class="actions">
	        			
			   <div class="MUItemForTrolleyDiv MUItemForTrolley_28982" data-catentry="28982">
		         <div class="MUul_28982"><div class="MUli_28982 hidden" aria-hidden="true"><span class="inTrolley"><span class="MUSpan_28982">0</span> in trolley</span></div></div>
		       </div>
		        <p class="clear"></p>
			 
			<div class="member-usuals-remove">
				<a href="#" class="action-removeFromUsuals usuals-remove">Remove from list <span class="accessibility">Coles Outback Floral Bouquet 1 each</span></a>			
			</div>
			
				<div class="list">
					<a href="#" class="action-addToList action-list-add">Add to list <span class="accessibility">Coles Outback Floral Bouquet 1 each</span></a> 
				</div>
				<div class="member-list-add">
					<a href="#" class="action-addToList action-list-add">Add to another list <span class="accessibility">Coles Outback Floral Bouquet 1 each</span></a>
				</div>
			
			<div class="member-list-remove">
				 <a href="#" class="action-removeFromList">Remove from list <span class="accessibility">Coles Outback Floral Bouquet 1 each</span></a> 
			</div>
			
				<div class="compareProd" role="presentation" aria-hidden="true">
					<a href="#" class="compare compare-add">Compare</a>
				</div>
			
				<a href="http://shop.coles.com.au/online/national/coles-outback-bouquet" class="product-url accessibility">More details for Coles&nbsp;Outback Floral Bouquet</a>
			
		</div>  
      

       	
		    <div role="presentation" aria-hidden="true" id="share" class="share" data-social="{productImgUrl:'http://shop.coles.com.au:27900/wcsstore/Coles-CAS/images/9/5/2/9529977-th.jpg'
	                                               ,productDisplayUrl:'http://shop.coles.com.au/online/national/coles-outback-bouquet'
	                                               ,title:'Coles Outback Floral Bouquet Image is an example only. Colour of flowers may vary. '
	                                               ,description:'INSPIRATIONS BOUQUET OUTBACK'}">
		 	</div>
 		
	</div>
</div>


	</form>
</div>


<span class="available hidden"></span>


<div class="outer-prod prodtile" data-refresh="{
					catalogId: &quot;10576&quot;,
					doInventory: &quot;N&quot;,
					fulfillmentCenterId: &quot;11576&quot;,
					forStoreId: &quot;10401&quot;,
					
					productDisplayURL: &quot;http://shop.coles.com.au/online/national/coles-oriental-lily-bunch-5382323p&quot;				
			}">
	<form id="catEntryForm_16541" name="catEntryForm_16541" action="AjaxOrderChangeServiceItemAdd">
		
<div class=" " data-catentry="catEntry_16541" data-refresh="{
				addCalculationUsage: &quot;-1&quot;,
				langId: &quot;-1&quot;,
				storeId: &quot;10601&quot;, 
				catEntryId: &quot;16541&quot;, 
				catEntryName: &quot;Oriental Lily Flower Bunch&quot;, 
				productView: &quot;list&quot;,
				productId: &quot;16541&quot;,
				itemId: &quot;32847&quot;,
				hideMultibuy: &quot;false&quot;,
                ticketType: &quot;&quot;,
                partNumber: &quot;5382323&quot;,
                offerCode: &quot;20150112&quot;
		}">
   	<div class="wrapper clearfix">   	
		

<h4 class="accessibility" id="heading_16541" tabindex="-1">
		Coles&nbsp;Oriental Lily Flower Bunch&nbsp;
		1 each&nbsp;
		 
</h4> 

<div class="offer-icon"></div>
<a role="presentation" aria-hidden="true" class="product-url" href="http://shop.coles.com.au/online/national/coles-oriental-lily-bunch-5382323p">
	    <img role="presentation" aria-hidden="true" class="photo" src="/wcsstore/Coles-CAS/images/5/3/8/5382323-th.jpg" onerror="this.src='/wcsstore/ColesStorefrontAssetStore/dist/e0a775baf05f/images/spacer.gif'" alt="Oriental Lily Flower Bunch" width="110" height="110">
	</a>

<div class="detail">	
    <span role="presentation" aria-hidden="true" class="brand">Coles</span>
    <span class="item" role="presentation" aria-hidden="true">
        <a role="presentation" aria-hidden="true" class="product-url" href="http://shop.coles.com.au/online/national/coles-oriental-lily-bunch-5382323p">
        	Oriental Lily Flower Bunch&nbsp;
        	1 each
        </a>
    </span>
	<span class="size">
		3 stems. Image is an example only.	
 	</span>
</div>


	<div class="purchasing">	    
	    <div class="saving">
	    	
	    </div>
	   	
	    		<div class="price"><span class="accessibility">Purchase price </span><small>$</small>15.00</div>
	    	
	    <div class="unit-price"><span class="accessibility">Unit price </span>$15.00 per 1ea</div>
	    <div class="special-offer">	    	
	    	
	    </div> 
	    <div class="availability">Temporarily unavailable</div>
	    <div class="purchase">
		
			<input type="number" title="Add Quantity for Coles Oriental Lily Flower Bunch 1 each" name="quantity" id="catEntry_16541_qty" value="1" maxlength="2" size="2" class="v-mandatory v-numeric v-minval-1">
	        <button role="button" type="submit" title="Add to trolley&nbsp;Coles Oriental Lily Flower Bunch 1 each" class="btn-red action-addToTrolley"><span role="presentation" aria-hidden="true">Add to trolley</span></button>
		
		</div>
	</div>
	<div class="lists">
		
	</div>


	    <div class="actions">
	        			
			   <div class="MUItemForTrolleyDiv MUItemForTrolley_32847" data-catentry="32847">
		         <div class="MUul_32847"><div class="MUli_32847 hidden" aria-hidden="true"><span class="inTrolley"><span class="MUSpan_32847">0</span> in trolley</span></div></div>
		       </div>
		        <p class="clear"></p>
			 
			<div class="member-usuals-remove">
				<a href="#" class="action-removeFromUsuals usuals-remove">Remove from list <span class="accessibility">Coles Oriental Lily Flower Bunch 1 each</span></a>			
			</div>
			
				<div class="list">
					<a href="#" class="action-addToList action-list-add">Add to list <span class="accessibility">Coles Oriental Lily Flower Bunch 1 each</span></a> 
				</div>
				<div class="member-list-add">
					<a href="#" class="action-addToList action-list-add">Add to another list <span class="accessibility">Coles Oriental Lily Flower Bunch 1 each</span></a>
				</div>
			
			<div class="member-list-remove">
				 <a href="#" class="action-removeFromList">Remove from list <span class="accessibility">Coles Oriental Lily Flower Bunch 1 each</span></a> 
			</div>
			
				<div class="compareProd" role="presentation" aria-hidden="true">
					<a href="#" class="compare compare-add">Compare</a>
				</div>
			
				<a href="http://shop.coles.com.au/online/national/coles-oriental-lily-bunch-5382323p" class="product-url accessibility">More details for Coles&nbsp;Oriental Lily Flower Bunch</a>
			
		</div>  
      

       	
		    <div role="presentation" aria-hidden="true" id="share" class="share" data-social="{productImgUrl:'http://shop.coles.com.au:27900/wcsstore/Coles-CAS/images/5/3/8/5382323-th.jpg'
	                                               ,productDisplayUrl:'http://shop.coles.com.au/online/national/coles-oriental-lily-bunch-5382323p'
	                                               ,title:'Coles Oriental Lily Flower Bunch 3 stems. Image is an example only.'
	                                               ,description:'INSPIRATIONS ORIENTAL LILY BUNCH'}">
		 	</div>
 		
	</div>
</div>


	</form>
</div>


<span class="available hidden"></span>


<div class="outer-prod prodtile" data-refresh="{
					catalogId: &quot;10576&quot;,
					doInventory: &quot;N&quot;,
					fulfillmentCenterId: &quot;11576&quot;,
					forStoreId: &quot;10401&quot;,
					
					productDisplayURL: &quot;http://shop.coles.com.au/online/national/fruit-salad-3-melon-mix-prepacked&quot;				
			}">
	<form id="catEntryForm_17327" name="catEntryForm_17327" action="AjaxOrderChangeServiceItemAdd">
		
<div class=" " data-catentry="catEntry_17327" data-refresh="{
				addCalculationUsage: &quot;-1&quot;,
				langId: &quot;-1&quot;,
				storeId: &quot;10601&quot;, 
				catEntryId: &quot;17327&quot;, 
				catEntryName: &quot;3 Melon Fruit Salad Tub&quot;, 
				productView: &quot;list&quot;,
				productId: &quot;17327&quot;,
				itemId: &quot;36542&quot;,
				hideMultibuy: &quot;false&quot;,
                ticketType: &quot;&quot;,
                partNumber: &quot;1257057&quot;,
                offerCode: &quot;20150102&quot;
		}">
   	<div class="wrapper clearfix">   	
		

<h4 class="accessibility" id="heading_17327" tabindex="-1">
		Coles&nbsp;3 Melon Fruit Salad Tub&nbsp;
		500g&nbsp;
		 
</h4> 

<div class="offer-icon"></div>
<a role="presentation" aria-hidden="true" class="product-url" href="http://shop.coles.com.au/online/national/fruit-salad-3-melon-mix-prepacked">
	    <img role="presentation" aria-hidden="true" class="photo" src="/wcsstore/Coles-CAS/images/1/2/5/1257057-th.jpg" onerror="this.src='/wcsstore/ColesStorefrontAssetStore/dist/e0a775baf05f/images/spacer.gif'" alt="3 Melon Fruit Salad Tub" width="110" height="110">
	</a>

<div class="detail">	
    <span role="presentation" aria-hidden="true" class="brand">Coles</span>
    <span class="item" role="presentation" aria-hidden="true">
        <a role="presentation" aria-hidden="true" class="product-url" href="http://shop.coles.com.au/online/national/fruit-salad-3-melon-mix-prepacked">
        	3 Melon Fruit Salad Tub&nbsp;
        	500g
        </a>
    </span>
	<span class="size">
			
 	</span>
</div>


	<div class="purchasing">	    
	    <div class="saving">
	    	
	    </div>
	   	
	    		<div class="price"><span class="accessibility">Purchase price </span><small>$</small>5.50</div>
	    	
	    <div class="unit-price"><span class="accessibility">Unit price </span>$11.00 per 1Kg</div>
	    <div class="special-offer">	    	
	    	
	    </div> 
	    <div class="availability">Temporarily unavailable</div>
	    <div class="purchase">
		
			<input type="number" title="Add Quantity for Coles 3 Melon Fruit Salad Tub 500g" name="quantity" id="catEntry_17327_qty" value="1" maxlength="2" size="2" class="v-mandatory v-numeric v-minval-1">
	        <button role="button" type="submit" title="Add to trolley&nbsp;Coles 3 Melon Fruit Salad Tub 500g" class="btn-red action-addToTrolley"><span role="presentation" aria-hidden="true">Add to trolley</span></button>
		
		</div>
	</div>
	<div class="lists">
		
	</div>


	    <div class="actions">
	        			
			   <div class="MUItemForTrolleyDiv MUItemForTrolley_36542" data-catentry="36542">
		         <div class="MUul_36542"><div class="MUli_36542 hidden" aria-hidden="true"><span class="inTrolley"><span class="MUSpan_36542">0</span> in trolley</span></div></div>
		       </div>
		        <p class="clear"></p>
			 
			<div class="member-usuals-remove">
				<a href="#" class="action-removeFromUsuals usuals-remove">Remove from list <span class="accessibility">Coles 3 Melon Fruit Salad Tub 500g</span></a>			
			</div>
			
				<div class="list">
					<a href="#" class="action-addToList action-list-add">Add to list <span class="accessibility">Coles 3 Melon Fruit Salad Tub 500g</span></a> 
				</div>
				<div class="member-list-add">
					<a href="#" class="action-addToList action-list-add">Add to another list <span class="accessibility">Coles 3 Melon Fruit Salad Tub 500g</span></a>
				</div>
			
			<div class="member-list-remove">
				 <a href="#" class="action-removeFromList">Remove from list <span class="accessibility">Coles 3 Melon Fruit Salad Tub 500g</span></a> 
			</div>
			
				<div class="compareProd" role="presentation" aria-hidden="true">
					<a href="#" class="compare compare-add">Compare</a>
				</div>
			
				<a href="http://shop.coles.com.au/online/national/fruit-salad-3-melon-mix-prepacked" class="product-url accessibility">More details for Coles&nbsp;3 Melon Fruit Salad Tub</a>
			
		</div>  
      

       	
		    <div role="presentation" aria-hidden="true" id="share" class="share" data-social="{productImgUrl:'http://shop.coles.com.au:27900/wcsstore/Coles-CAS/images/1/2/5/1257057-th.jpg'
	                                               ,productDisplayUrl:'http://shop.coles.com.au/online/national/fruit-salad-3-melon-mix-prepacked'
	                                               ,title:'Coles 3 Melon Fruit Salad Tub  '
	                                               ,description:'Rockmelon, Honey dew, Watermelon'}">
		 	</div>
 		
	</div>
</div>


	</form>
</div>


<span class="available hidden"></span>


<div class="outer-prod prodtile" data-refresh="{
					catalogId: &quot;10576&quot;,
					doInventory: &quot;N&quot;,
					fulfillmentCenterId: &quot;11576&quot;,
					forStoreId: &quot;10401&quot;,
					
					productDisplayURL: &quot;http://shop.coles.com.au/online/national/fruit-salad-3-melon-mix-prepacked-1257002p&quot;				
			}">
	<form id="catEntryForm_18267" name="catEntryForm_18267" action="AjaxOrderChangeServiceItemAdd">
		
<div class=" " data-catentry="catEntry_18267" data-refresh="{
				addCalculationUsage: &quot;-1&quot;,
				langId: &quot;-1&quot;,
				storeId: &quot;10601&quot;, 
				catEntryId: &quot;18267&quot;, 
				catEntryName: &quot;3 Melon Mix Fruit Salad Tub&quot;, 
				productView: &quot;billboard&quot;,
				productId: &quot;18267&quot;,
				itemId: &quot;37614&quot;,
				hideMultibuy: &quot;false&quot;,
                ticketType: &quot;&quot;,
                partNumber: &quot;1257002&quot;,
                offerCode: &quot;20140920&quot;
		}">
   	<div class="wrapper clearfix">   	
		

<h4 class="accessibility" id="heading_18267" tabindex="-1">
		Coles&nbsp;3 Melon Mix Fruit Salad Tub&nbsp;
		300g&nbsp;
		 
</h4> 

<div class="offer-icon"></div>
<a role="presentation" aria-hidden="true" class="product-url" href="http://shop.coles.com.au/online/national/fruit-salad-3-melon-mix-prepacked-1257002p">
	    <img role="presentation" aria-hidden="true" class="photo" src="/wcsstore/Coles-CAS/images/1/2/5/1257002-th.jpg" onerror="this.src='/wcsstore/ColesStorefrontAssetStore/dist/e0a775baf05f/images/spacer.gif'" alt="3 Melon Mix Fruit Salad Tub" width="110" height="110">
	</a>

<div class="detail">	
    <span role="presentation" aria-hidden="true" class="brand">Coles</span>
    <span class="item" role="presentation" aria-hidden="true">
        <a role="presentation" aria-hidden="true" class="product-url" href="http://shop.coles.com.au/online/national/fruit-salad-3-melon-mix-prepacked-1257002p">
        	3 Melon Mix Fruit Salad Tub&nbsp;
        	300g
        </a>
    </span>
	<span class="size">
			
 	</span>
</div>


	<div class="purchasing">	    
	    <div class="saving">
	    	
	    </div>
	   	
	    		<div class="price"><span class="accessibility">Purchase price </span><small>$</small>4.50</div>
	    	
	    <div class="unit-price"><span class="accessibility">Unit price </span>$15.00 per 1Kg</div>
	    <div class="special-offer">	    	
	    	
	    </div> 
	    <div class="availability">Temporarily unavailable</div>
	    <div class="purchase">
		
			<input type="number" title="Add Quantity for Coles 3 Melon Mix Fruit Salad Tub 300g" name="quantity" id="catEntry_18267_qty" value="1" maxlength="2" size="2" class="v-mandatory v-numeric v-minval-1">
	        <button role="button" type="submit" title="Add to trolley&nbsp;Coles 3 Melon Mix Fruit Salad Tub 300g" class="btn-red action-addToTrolley"><span role="presentation" aria-hidden="true">Add to trolley</span></button>
		
		</div>
	</div>
	<div class="lists">
		
	</div>


	    <div class="actions">
	        			
			   <div class="MUItemForTrolleyDiv MUItemForTrolley_37614" data-catentry="37614">
		         <div class="MUul_37614"><div class="MUli_37614 hidden" aria-hidden="true"><span class="inTrolley"><span class="MUSpan_37614">0</span> in trolley</span></div></div>
		       </div>
		        <p class="clear"></p>
			 
			<div class="member-usuals-remove">
				<a href="#" class="action-removeFromUsuals usuals-remove">Remove from list <span class="accessibility">Coles 3 Melon Mix Fruit Salad Tub 300g</span></a>			
			</div>
			
				<div class="list">
					<a href="#" class="action-addToList action-list-add">Add to list <span class="accessibility">Coles 3 Melon Mix Fruit Salad Tub 300g</span></a> 
				</div>
				<div class="member-list-add">
					<a href="#" class="action-addToList action-list-add">Add to another list <span class="accessibility">Coles 3 Melon Mix Fruit Salad Tub 300g</span></a>
				</div>
			
			<div class="member-list-remove">
				 <a href="#" class="action-removeFromList">Remove from list <span class="accessibility">Coles 3 Melon Mix Fruit Salad Tub 300g</span></a> 
			</div>
			
				<div class="compareProd" role="presentation" aria-hidden="true">
					<a href="#" class="compare compare-add">Compare</a>
				</div>
			
				<a href="http://shop.coles.com.au/online/national/fruit-salad-3-melon-mix-prepacked-1257002p" class="product-url accessibility">More details for Coles&nbsp;3 Melon Mix Fruit Salad Tub</a>
			
		</div>  
      

       	
		    <div role="presentation" aria-hidden="true" id="share" class="share" data-social="{productImgUrl:'http://shop.coles.com.au:27900/wcsstore/Coles-CAS/images/1/2/5/1257002-th.jpg'
	                                               ,productDisplayUrl:'http://shop.coles.com.au/online/national/fruit-salad-3-melon-mix-prepacked-1257002p'
	                                               ,title:'Coles 3 Melon Mix Fruit Salad Tub  '
	                                               ,description:'Rockmelon, Honey dew, Watermelon'}">
		 	</div>
 		
	</div>
</div>


	</form>
</div>


<span class="available hidden"></span>


<div class="outer-prod prodtile" data-refresh="{
					catalogId: &quot;10576&quot;,
					doInventory: &quot;N&quot;,
					fulfillmentCenterId: &quot;11576&quot;,
					forStoreId: &quot;10401&quot;,
					
					productDisplayURL: &quot;http://shop.coles.com.au/online/national/fruit-salad-2-melon-mix-prepacked&quot;				
			}">
	<form id="catEntryForm_19812" name="catEntryForm_19812" action="AjaxOrderChangeServiceItemAdd">
		
<div class=" " data-catentry="catEntry_19812" data-refresh="{
				addCalculationUsage: &quot;-1&quot;,
				langId: &quot;-1&quot;,
				storeId: &quot;10601&quot;, 
				catEntryId: &quot;19812&quot;, 
				catEntryName: &quot;2 Melon Fruit Salad Tub&quot;, 
				productView: &quot;list&quot;,
				productId: &quot;19812&quot;,
				itemId: &quot;34500&quot;,
				hideMultibuy: &quot;false&quot;,
                ticketType: &quot;&quot;,
                partNumber: &quot;1256994&quot;,
                offerCode: &quot;20140920&quot;
		}">
   	<div class="wrapper clearfix">   	
		

<h4 class="accessibility" id="heading_19812" tabindex="-1">
		Coles&nbsp;2 Melon Fruit Salad Tub&nbsp;
		300g&nbsp;
		 
</h4> 

<div class="offer-icon"></div>
<a role="presentation" aria-hidden="true" class="product-url" href="http://shop.coles.com.au/online/national/fruit-salad-2-melon-mix-prepacked">
	    <img role="presentation" aria-hidden="true" class="photo" src="/wcsstore/Coles-CAS/images/1/2/5/1256994-th.jpg" onerror="this.src='/wcsstore/ColesStorefrontAssetStore/dist/e0a775baf05f/images/spacer.gif'" alt="2 Melon Fruit Salad Tub" width="110" height="110">
	</a>

<div class="detail">	
    <span role="presentation" aria-hidden="true" class="brand">Coles</span>
    <span class="item" role="presentation" aria-hidden="true">
        <a role="presentation" aria-hidden="true" class="product-url" href="http://shop.coles.com.au/online/national/fruit-salad-2-melon-mix-prepacked">
        	2 Melon Fruit Salad Tub&nbsp;
        	300g
        </a>
    </span>
	<span class="size">
			
 	</span>
</div>


	<div class="purchasing">	    
	    <div class="saving">
	    	
	    </div>
	   	
	    		<div class="price"><span class="accessibility">Purchase price </span><small>$</small>4.50</div>
	    	
	    <div class="unit-price"><span class="accessibility">Unit price </span>$15.00 per 1Kg</div>
	    <div class="special-offer">	    	
	    	
	    </div> 
	    <div class="availability">Temporarily unavailable</div>
	    <div class="purchase">
		
			<input type="number" title="Add Quantity for Coles 2 Melon Fruit Salad Tub 300g" name="quantity" id="catEntry_19812_qty" value="1" maxlength="2" size="2" class="v-mandatory v-numeric v-minval-1">
	        <button role="button" type="submit" title="Add to trolley&nbsp;Coles 2 Melon Fruit Salad Tub 300g" class="btn-red action-addToTrolley"><span role="presentation" aria-hidden="true">Add to trolley</span></button>
		
		</div>
	</div>
	<div class="lists">
		
	</div>


	    <div class="actions">
	        			
			   <div class="MUItemForTrolleyDiv MUItemForTrolley_34500" data-catentry="34500">
		         <div class="MUul_34500"><div class="MUli_34500 hidden" aria-hidden="true"><span class="inTrolley"><span class="MUSpan_34500">0</span> in trolley</span></div></div>
		       </div>
		        <p class="clear"></p>
			 
			<div class="member-usuals-remove">
				<a href="#" class="action-removeFromUsuals usuals-remove">Remove from list <span class="accessibility">Coles 2 Melon Fruit Salad Tub 300g</span></a>			
			</div>
			
				<div class="list">
					<a href="#" class="action-addToList action-list-add">Add to list <span class="accessibility">Coles 2 Melon Fruit Salad Tub 300g</span></a> 
				</div>
				<div class="member-list-add">
					<a href="#" class="action-addToList action-list-add">Add to another list <span class="accessibility">Coles 2 Melon Fruit Salad Tub 300g</span></a>
				</div>
			
			<div class="member-list-remove">
				 <a href="#" class="action-removeFromList">Remove from list <span class="accessibility">Coles 2 Melon Fruit Salad Tub 300g</span></a> 
			</div>
			
				<div class="compareProd" role="presentation" aria-hidden="true">
					<a href="#" class="compare compare-add">Compare</a>
				</div>
			
				<a href="http://shop.coles.com.au/online/national/fruit-salad-2-melon-mix-prepacked" class="product-url accessibility">More details for Coles&nbsp;2 Melon Fruit Salad Tub</a>
			
		</div>  
      

       	
		    <div role="presentation" aria-hidden="true" id="share" class="share" data-social="{productImgUrl:'http://shop.coles.com.au:27900/wcsstore/Coles-CAS/images/1/2/5/1256994-th.jpg'
	                                               ,productDisplayUrl:'http://shop.coles.com.au/online/national/fruit-salad-2-melon-mix-prepacked'
	                                               ,title:'Coles 2 Melon Fruit Salad Tub  '
	                                               ,description:'Rockmelon, Honey dew'}">
		 	</div>
 		
	</div>
</div>


	</form>
</div>


<span class="available hidden"></span>


<div class="outer-prod prodtile" data-refresh="{
					catalogId: &quot;10576&quot;,
					doInventory: &quot;N&quot;,
					fulfillmentCenterId: &quot;11576&quot;,
					forStoreId: &quot;10401&quot;,
					
					productDisplayURL: &quot;http://shop.coles.com.au/online/national/coles-fresh-flowers-5338230p&quot;				
			}">
	<form id="catEntryForm_20336" name="catEntryForm_20336" action="AjaxOrderChangeServiceItemAdd">
		
<div class=" " data-catentry="catEntry_20336" data-refresh="{
				addCalculationUsage: &quot;-1&quot;,
				langId: &quot;-1&quot;,
				storeId: &quot;10601&quot;, 
				catEntryId: &quot;20336&quot;, 
				catEntryName: &quot;Fresh Flowers&quot;, 
				productView: &quot;list&quot;,
				productId: &quot;20336&quot;,
				itemId: &quot;32852&quot;,
				hideMultibuy: &quot;false&quot;,
                ticketType: &quot;&quot;,
                partNumber: &quot;5338230&quot;,
                offerCode: &quot;20120320&quot;
		}">
   	<div class="wrapper clearfix">   	
		

<h4 class="accessibility" id="heading_20336" tabindex="-1">
		Coles&nbsp;Fresh Flowers&nbsp;
		1 each&nbsp;
		 
</h4> 

<div class="offer-icon"></div>
<a role="presentation" aria-hidden="true" class="product-url" href="http://shop.coles.com.au/online/national/coles-fresh-flowers-5338230p">
	    <img role="presentation" aria-hidden="true" class="photo" src="/wcsstore/Coles-CAS/images/5/3/3/5338230-th.jpg" onerror="this.src='/wcsstore/ColesStorefrontAssetStore/dist/e0a775baf05f/images/spacer.gif'" alt="Fresh Flowers" width="110" height="110">
	</a>

<div class="detail">	
    <span role="presentation" aria-hidden="true" class="brand">Coles</span>
    <span class="item" role="presentation" aria-hidden="true">
        <a role="presentation" aria-hidden="true" class="product-url" href="http://shop.coles.com.au/online/national/coles-fresh-flowers-5338230p">
        	Fresh Flowers&nbsp;
        	1 each
        </a>
    </span>
	<span class="size">
		A $6 bunch of flowers selected daily.	
 	</span>
</div>


	<div class="purchasing">	    
	    <div class="saving">
	    	
	    </div>
	   	
	    		<div class="price"><span class="accessibility">Purchase price </span><small>$</small>6.00</div>
	    	
	    <div class="unit-price"><span class="accessibility">Unit price </span>$6.00 per 1ea</div>
	    <div class="special-offer">	    	
	    	
	    </div> 
	    <div class="availability">Temporarily unavailable</div>
	    <div class="purchase">
		
			<input type="number" title="Add Quantity for Coles Fresh Flowers 1 each" name="quantity" id="catEntry_20336_qty" value="1" maxlength="2" size="2" class="v-mandatory v-numeric v-minval-1">
	        <button role="button" type="submit" title="Add to trolley&nbsp;Coles Fresh Flowers 1 each" class="btn-red action-addToTrolley"><span role="presentation" aria-hidden="true">Add to trolley</span></button>
		
		</div>
	</div>
	<div class="lists">
		
	</div>


	    <div class="actions">
	        			
			   <div class="MUItemForTrolleyDiv MUItemForTrolley_32852" data-catentry="32852">
		         <div class="MUul_32852"><div class="MUli_32852 hidden" aria-hidden="true"><span class="inTrolley"><span class="MUSpan_32852">0</span> in trolley</span></div></div>
		       </div>
		        <p class="clear"></p>
			 
			<div class="member-usuals-remove">
				<a href="#" class="action-removeFromUsuals usuals-remove">Remove from list <span class="accessibility">Coles Fresh Flowers 1 each</span></a>			
			</div>
			
				<div class="list">
					<a href="#" class="action-addToList action-list-add">Add to list <span class="accessibility">Coles Fresh Flowers 1 each</span></a> 
				</div>
				<div class="member-list-add">
					<a href="#" class="action-addToList action-list-add">Add to another list <span class="accessibility">Coles Fresh Flowers 1 each</span></a>
				</div>
			
			<div class="member-list-remove">
				 <a href="#" class="action-removeFromList">Remove from list <span class="accessibility">Coles Fresh Flowers 1 each</span></a> 
			</div>
			
				<div class="compareProd" role="presentation" aria-hidden="true">
					<a href="#" class="compare compare-add">Compare</a>
				</div>
			
				<a href="http://shop.coles.com.au/online/national/coles-fresh-flowers-5338230p" class="product-url accessibility">More details for Coles&nbsp;Fresh Flowers</a>
			
		</div>  
      

       	
		    <div role="presentation" aria-hidden="true" id="share" class="share" data-social="{productImgUrl:'http://shop.coles.com.au:27900/wcsstore/Coles-CAS/images/5/3/3/5338230-th.jpg'
	                                               ,productDisplayUrl:'http://shop.coles.com.au/online/national/coles-fresh-flowers-5338230p'
	                                               ,title:'Coles Fresh Flowers A $6 bunch of flowers selected daily.'
	                                               ,description:''}">
		 	</div>
 		
	</div>
</div>


	</form>
</div>


<span class="available hidden"></span>


<div class="outer-prod prodtile" data-refresh="{
					catalogId: &quot;10576&quot;,
					doInventory: &quot;N&quot;,
					fulfillmentCenterId: &quot;11576&quot;,
					forStoreId: &quot;10401&quot;,
					
					productDisplayURL: &quot;http://shop.coles.com.au/online/national/coles-fresh-flowers-5338219p&quot;				
			}">
	<form id="catEntryForm_20337" name="catEntryForm_20337" action="AjaxOrderChangeServiceItemAdd">
		
<div class=" " data-catentry="catEntry_20337" data-refresh="{
				addCalculationUsage: &quot;-1&quot;,
				langId: &quot;-1&quot;,
				storeId: &quot;10601&quot;, 
				catEntryId: &quot;20337&quot;, 
				catEntryName: &quot;Fresh Flowers&quot;, 
				productView: &quot;list&quot;,
				productId: &quot;20337&quot;,
				itemId: &quot;32853&quot;,
				hideMultibuy: &quot;false&quot;,
                ticketType: &quot;&quot;,
                partNumber: &quot;5338219&quot;,
                offerCode: &quot;20140516&quot;
		}">
   	<div class="wrapper clearfix">   	
		

<h4 class="accessibility" id="heading_20337" tabindex="-1">
		Coles&nbsp;Fresh Flowers&nbsp;
		1 each&nbsp;
		 
</h4> 

<div class="offer-icon"></div>
<a role="presentation" aria-hidden="true" class="product-url" href="http://shop.coles.com.au/online/national/coles-fresh-flowers-5338219p">
	    <img role="presentation" aria-hidden="true" class="photo" src="/wcsstore/Coles-CAS/images/5/3/3/5338219-th.jpg" onerror="this.src='/wcsstore/ColesStorefrontAssetStore/dist/e0a775baf05f/images/spacer.gif'" alt="Fresh Flowers" width="110" height="110">
	</a>

<div class="detail">	
    <span role="presentation" aria-hidden="true" class="brand">Coles</span>
    <span class="item" role="presentation" aria-hidden="true">
        <a role="presentation" aria-hidden="true" class="product-url" href="http://shop.coles.com.au/online/national/coles-fresh-flowers-5338219p">
        	Fresh Flowers&nbsp;
        	1 each
        </a>
    </span>
	<span class="size">
		A $12 bunch of flowers selected daily.	
 	</span>
</div>


	<div class="purchasing">	    
	    <div class="saving">
	    	
	    </div>
	   	
	    		<div class="price"><span class="accessibility">Purchase price </span><small>$</small>12.00</div>
	    	
	    <div class="unit-price"><span class="accessibility">Unit price </span>$12.00 per 1ea</div>
	    <div class="special-offer">	    	
	    	
	    </div> 
	    <div class="availability">Temporarily unavailable</div>
	    <div class="purchase">
		
			<input type="number" title="Add Quantity for Coles Fresh Flowers 1 each" name="quantity" id="catEntry_20337_qty" value="1" maxlength="2" size="2" class="v-mandatory v-numeric v-minval-1">
	        <button role="button" type="submit" title="Add to trolley&nbsp;Coles Fresh Flowers 1 each" class="btn-red action-addToTrolley"><span role="presentation" aria-hidden="true">Add to trolley</span></button>
		
		</div>
	</div>
	<div class="lists">
		
	</div>


	    <div class="actions">
	        			
			   <div class="MUItemForTrolleyDiv MUItemForTrolley_32853" data-catentry="32853">
		         <div class="MUul_32853"><div class="MUli_32853 hidden" aria-hidden="true"><span class="inTrolley"><span class="MUSpan_32853">0</span> in trolley</span></div></div>
		       </div>
		        <p class="clear"></p>
			 
			<div class="member-usuals-remove">
				<a href="#" class="action-removeFromUsuals usuals-remove">Remove from list <span class="accessibility">Coles Fresh Flowers 1 each</span></a>			
			</div>
			
				<div class="list">
					<a href="#" class="action-addToList action-list-add">Add to list <span class="accessibility">Coles Fresh Flowers 1 each</span></a> 
				</div>
				<div class="member-list-add">
					<a href="#" class="action-addToList action-list-add">Add to another list <span class="accessibility">Coles Fresh Flowers 1 each</span></a>
				</div>
			
			<div class="member-list-remove">
				 <a href="#" class="action-removeFromList">Remove from list <span class="accessibility">Coles Fresh Flowers 1 each</span></a> 
			</div>
			
				<div class="compareProd" role="presentation" aria-hidden="true">
					<a href="#" class="compare compare-add">Compare</a>
				</div>
			
				<a href="http://shop.coles.com.au/online/national/coles-fresh-flowers-5338219p" class="product-url accessibility">More details for Coles&nbsp;Fresh Flowers</a>
			
		</div>  
      

       	
		    <div role="presentation" aria-hidden="true" id="share" class="share" data-social="{productImgUrl:'http://shop.coles.com.au:27900/wcsstore/Coles-CAS/images/5/3/3/5338219-th.jpg'
	                                               ,productDisplayUrl:'http://shop.coles.com.au/online/national/coles-fresh-flowers-5338219p'
	                                               ,title:'Coles Fresh Flowers A $12 bunch of flowers selected daily.'
	                                               ,description:''}">
		 	</div>
 		
	</div>
</div>


	</form>
</div>


<span class="available hidden"></span>


<div class="outer-prod prodtile" data-refresh="{
					catalogId: &quot;10576&quot;,
					doInventory: &quot;N&quot;,
					fulfillmentCenterId: &quot;11576&quot;,
					forStoreId: &quot;10401&quot;,
					
					productDisplayURL: &quot;http://shop.coles.com.au/online/national/fruit-salad-watermelon-prepacked-1257035p&quot;				
			}">
	<form id="catEntryForm_25069" name="catEntryForm_25069" action="AjaxOrderChangeServiceItemAdd">
		
<div class=" " data-catentry="catEntry_25069" data-refresh="{
				addCalculationUsage: &quot;-1&quot;,
				langId: &quot;-1&quot;,
				storeId: &quot;10601&quot;, 
				catEntryId: &quot;25069&quot;, 
				catEntryName: &quot;Watermelon Fruit Salad Tub&quot;, 
				productView: &quot;list&quot;,
				productId: &quot;25069&quot;,
				itemId: &quot;36543&quot;,
				hideMultibuy: &quot;false&quot;,
                ticketType: &quot;&quot;,
                partNumber: &quot;1257035&quot;,
                offerCode: &quot;20150124&quot;
		}">
   	<div class="wrapper clearfix">   	
		

<h4 class="accessibility" id="heading_25069" tabindex="-1">
		Coles&nbsp;Watermelon Fruit Salad Tub&nbsp;
		500g&nbsp;
		 
</h4> 

<div class="offer-icon"></div>
<a role="presentation" aria-hidden="true" class="product-url" href="http://shop.coles.com.au/online/national/fruit-salad-watermelon-prepacked-1257035p">
	    <img role="presentation" aria-hidden="true" class="photo" src="/wcsstore/Coles-CAS/images/1/2/5/1257035-th.jpg" onerror="this.src='/wcsstore/ColesStorefrontAssetStore/dist/e0a775baf05f/images/spacer.gif'" alt="Watermelon Fruit Salad Tub" width="110" height="110">
	</a>

<div class="detail">	
    <span role="presentation" aria-hidden="true" class="brand">Coles</span>
    <span class="item" role="presentation" aria-hidden="true">
        <a role="presentation" aria-hidden="true" class="product-url" href="http://shop.coles.com.au/online/national/fruit-salad-watermelon-prepacked-1257035p">
        	Watermelon Fruit Salad Tub&nbsp;
        	500g
        </a>
    </span>
	<span class="size">
			
 	</span>
</div>


	<div class="purchasing">	    
	    <div class="saving">
	    	
	    </div>
	   	
	    		<div class="price"><span class="accessibility">Purchase price </span><small>$</small>5.50</div>
	    	
	    <div class="unit-price"><span class="accessibility">Unit price </span>$11.00 per 1Kg</div>
	    <div class="special-offer">	    	
	    	
	    </div> 
	    <div class="availability">Temporarily unavailable</div>
	    <div class="purchase">
		
			<input type="number" title="Add Quantity for Coles Watermelon Fruit Salad Tub 500g" name="quantity" id="catEntry_25069_qty" value="1" maxlength="2" size="2" class="v-mandatory v-numeric v-minval-1">
	        <button role="button" type="submit" title="Add to trolley&nbsp;Coles Watermelon Fruit Salad Tub 500g" class="btn-red action-addToTrolley"><span role="presentation" aria-hidden="true">Add to trolley</span></button>
		
		</div>
	</div>
	<div class="lists">
		
	</div>


	    <div class="actions">
	        			
			   <div class="MUItemForTrolleyDiv MUItemForTrolley_36543" data-catentry="36543">
		         <div class="MUul_36543"><div class="MUli_36543 hidden" aria-hidden="true"><span class="inTrolley"><span class="MUSpan_36543">0</span> in trolley</span></div></div>
		       </div>
		        <p class="clear"></p>
			 
			<div class="member-usuals-remove">
				<a href="#" class="action-removeFromUsuals usuals-remove">Remove from list <span class="accessibility">Coles Watermelon Fruit Salad Tub 500g</span></a>			
			</div>
			
				<div class="list">
					<a href="#" class="action-addToList action-list-add">Add to list <span class="accessibility">Coles Watermelon Fruit Salad Tub 500g</span></a> 
				</div>
				<div class="member-list-add">
					<a href="#" class="action-addToList action-list-add">Add to another list <span class="accessibility">Coles Watermelon Fruit Salad Tub 500g</span></a>
				</div>
			
			<div class="member-list-remove">
				 <a href="#" class="action-removeFromList">Remove from list <span class="accessibility">Coles Watermelon Fruit Salad Tub 500g</span></a> 
			</div>
			
				<div class="compareProd" role="presentation" aria-hidden="true">
					<a href="#" class="compare compare-add">Compare</a>
				</div>
			
				<a href="http://shop.coles.com.au/online/national/fruit-salad-watermelon-prepacked-1257035p" class="product-url accessibility">More details for Coles&nbsp;Watermelon Fruit Salad Tub</a>
			
		</div>  
      

       	
		    <div role="presentation" aria-hidden="true" id="share" class="share" data-social="{productImgUrl:'http://shop.coles.com.au:27900/wcsstore/Coles-CAS/images/1/2/5/1257035-th.jpg'
	                                               ,productDisplayUrl:'http://shop.coles.com.au/online/national/fruit-salad-watermelon-prepacked-1257035p'
	                                               ,title:'Coles Watermelon Fruit Salad Tub  '
	                                               ,description:''}">
		 	</div>
 		
	</div>
</div>


	</form>
</div>


<span class="available hidden"></span>


<div class="outer-prod prodtile" data-refresh="{
					catalogId: &quot;10576&quot;,
					doInventory: &quot;N&quot;,
					fulfillmentCenterId: &quot;11576&quot;,
					forStoreId: &quot;10401&quot;,
					
					productDisplayURL: &quot;http://shop.coles.com.au/online/national/fruit-salad-pineapple-prepacked&quot;				
			}">
	<form id="catEntryForm_25532" name="catEntryForm_25532" action="AjaxOrderChangeServiceItemAdd">
		
<div class=" " data-catentry="catEntry_25532" data-refresh="{
				addCalculationUsage: &quot;-1&quot;,
				langId: &quot;-1&quot;,
				storeId: &quot;10601&quot;, 
				catEntryId: &quot;25532&quot;, 
				catEntryName: &quot;Pineapple Fruit Salad Tub&quot;, 
				productView: &quot;list&quot;,
				productId: &quot;25532&quot;,
				itemId: &quot;40401&quot;,
				hideMultibuy: &quot;false&quot;,
                ticketType: &quot;&quot;,
                partNumber: &quot;1257046&quot;,
                offerCode: &quot;20150109&quot;
		}">
   	<div class="wrapper clearfix">   	
		

<h4 class="accessibility" id="heading_25532" tabindex="-1">
		Coles&nbsp;Pineapple Fruit Salad Tub&nbsp;
		500g&nbsp;
		 
</h4> 

<div class="offer-icon"></div>
<a role="presentation" aria-hidden="true" class="product-url" href="http://shop.coles.com.au/online/national/fruit-salad-pineapple-prepacked">
	    <img role="presentation" aria-hidden="true" class="photo" src="/wcsstore/Coles-CAS/images/1/2/5/1257046-th.jpg" onerror="this.src='/wcsstore/ColesStorefrontAssetStore/dist/e0a775baf05f/images/spacer.gif'" alt="Pineapple Fruit Salad Tub" width="110" height="110">
	</a>

<div class="detail">	
    <span role="presentation" aria-hidden="true" class="brand">Coles</span>
    <span class="item" role="presentation" aria-hidden="true">
        <a role="presentation" aria-hidden="true" class="product-url" href="http://shop.coles.com.au/online/national/fruit-salad-pineapple-prepacked">
        	Pineapple Fruit Salad Tub&nbsp;
        	500g
        </a>
    </span>
	<span class="size">
			
 	</span>
</div>


	<div class="purchasing">	    
	    <div class="saving">
	    	
	    </div>
	   	
	    		<div class="price"><span class="accessibility">Purchase price </span><small>$</small>5.50</div>
	    	
	    <div class="unit-price"><span class="accessibility">Unit price </span>$11.00 per 1Kg</div>
	    <div class="special-offer">	    	
	    	
	    </div> 
	    <div class="availability">Temporarily unavailable</div>
	    <div class="purchase">
		
			<input type="number" title="Add Quantity for Coles Pineapple Fruit Salad Tub 500g" name="quantity" id="catEntry_25532_qty" value="1" maxlength="2" size="2" class="v-mandatory v-numeric v-minval-1">
	        <button role="button" type="submit" title="Add to trolley&nbsp;Coles Pineapple Fruit Salad Tub 500g" class="btn-red action-addToTrolley"><span role="presentation" aria-hidden="true">Add to trolley</span></button>
		
		</div>
	</div>
	<div class="lists">
		
	</div>


	    <div class="actions">
	        			
			   <div class="MUItemForTrolleyDiv MUItemForTrolley_40401" data-catentry="40401">
		         <div class="MUul_40401"><div class="MUli_40401 hidden" aria-hidden="true"><span class="inTrolley"><span class="MUSpan_40401">0</span> in trolley</span></div></div>
		       </div>
		        <p class="clear"></p>
			 
			<div class="member-usuals-remove">
				<a href="#" class="action-removeFromUsuals usuals-remove">Remove from list <span class="accessibility">Coles Pineapple Fruit Salad Tub 500g</span></a>			
			</div>
			
				<div class="list">
					<a href="#" class="action-addToList action-list-add">Add to list <span class="accessibility">Coles Pineapple Fruit Salad Tub 500g</span></a> 
				</div>
				<div class="member-list-add">
					<a href="#" class="action-addToList action-list-add">Add to another list <span class="accessibility">Coles Pineapple Fruit Salad Tub 500g</span></a>
				</div>
			
			<div class="member-list-remove">
				 <a href="#" class="action-removeFromList">Remove from list <span class="accessibility">Coles Pineapple Fruit Salad Tub 500g</span></a> 
			</div>
			
				<div class="compareProd" role="presentation" aria-hidden="true">
					<a href="#" class="compare compare-add">Compare</a>
				</div>
			
				<a href="http://shop.coles.com.au/online/national/fruit-salad-pineapple-prepacked" class="product-url accessibility">More details for Coles&nbsp;Pineapple Fruit Salad Tub</a>
			
		</div>  
      

       	
		    <div role="presentation" aria-hidden="true" id="share" class="share" data-social="{productImgUrl:'http://shop.coles.com.au:27900/wcsstore/Coles-CAS/images/1/2/5/1257046-th.jpg'
	                                               ,productDisplayUrl:'http://shop.coles.com.au/online/national/fruit-salad-pineapple-prepacked'
	                                               ,title:'Coles Pineapple Fruit Salad Tub  '
	                                               ,description:'Pineapple'}">
		 	</div>
 		
	</div>
</div>


	</form>
</div>


<span class="available hidden"></span>


<div class="outer-prod prodtile" data-refresh="{
					catalogId: &quot;10576&quot;,
					doInventory: &quot;N&quot;,
					fulfillmentCenterId: &quot;11576&quot;,
					forStoreId: &quot;10401&quot;,
					
					productDisplayURL: &quot;http://shop.coles.com.au/online/national/macadamias-coles-brand-prepacked&quot;				
			}">
	<form id="catEntryForm_58361" name="catEntryForm_58361" action="AjaxOrderChangeServiceItemAdd">
		
<div class=" " data-catentry="catEntry_58361" data-refresh="{
				addCalculationUsage: &quot;-1&quot;,
				langId: &quot;-1&quot;,
				storeId: &quot;10601&quot;, 
				catEntryId: &quot;58361&quot;, 
				catEntryName: &quot;Roasted Salted Macadamias&quot;, 
				productView: &quot;&quot;,
				productId: &quot;58361&quot;,
				itemId: &quot;118115&quot;,
				hideMultibuy: &quot;false&quot;,
                ticketType: &quot;&quot;,
                partNumber: &quot;7880977&quot;,
                offerCode: &quot;20150114&quot;
		}">
   	<div class="wrapper clearfix">   	
		

<h4 class="accessibility" id="heading_58361" tabindex="-1">
		Coles&nbsp;Roasted Salted Macadamias&nbsp;
		350g&nbsp;
		 
</h4> 

<div class="offer-icon"></div>
<a role="presentation" aria-hidden="true" class="product-url" href="http://shop.coles.com.au/online/national/macadamias-coles-brand-prepacked">
	    <img role="presentation" aria-hidden="true" class="photo" src="/wcsstore/Coles-CAS/images/7/8/8/7880977-th.jpg" onerror="this.src='/wcsstore/ColesStorefrontAssetStore/dist/e0a775baf05f/images/spacer.gif'" alt="Roasted Salted Macadamias" width="110" height="110">
	</a>

<div class="detail">	
    <span role="presentation" aria-hidden="true" class="brand">Coles</span>
    <span class="item" role="presentation" aria-hidden="true">
        <a role="presentation" aria-hidden="true" class="product-url" href="http://shop.coles.com.au/online/national/macadamias-coles-brand-prepacked">
        	Roasted Salted Macadamias&nbsp;
        	350g
        </a>
    </span>
	<span class="size">
			
 	</span>
</div>


	<div class="purchasing">	    
	    <div class="saving">
	    	
	    </div>
	   	
	    		<div class="price"><span class="accessibility">Purchase price </span><small>$</small>15.49</div>
	    	
	    <div class="unit-price"><span class="accessibility">Unit price </span>$44.26 per 1Kg</div>
	    <div class="special-offer">	    	
	    	
	    </div> 
	    <div class="availability">Temporarily unavailable</div>
	    <div class="purchase">
		
			<input type="number" title="Add Quantity for Coles Roasted Salted Macadamias 350g" name="quantity" id="catEntry_58361_qty" value="1" maxlength="2" size="2" class="v-mandatory v-numeric v-minval-1">
	        <button role="button" type="submit" title="Add to trolley&nbsp;Coles Roasted Salted Macadamias 350g" class="btn-red action-addToTrolley"><span role="presentation" aria-hidden="true">Add to trolley</span></button>
		
		</div>
	</div>
	<div class="lists">
		
	</div>


	    <div class="actions">
	        			
			   <div class="MUItemForTrolleyDiv MUItemForTrolley_118115" data-catentry="118115">
		         <div class="MUul_118115"><div class="MUli_118115 hidden" aria-hidden="true"><span class="inTrolley"><span class="MUSpan_118115">0</span> in trolley</span></div></div>
		       </div>
		        <p class="clear"></p>
			 
			<div class="member-usuals-remove">
				<a href="#" class="action-removeFromUsuals usuals-remove">Remove from list <span class="accessibility">Coles Roasted Salted Macadamias 350g</span></a>			
			</div>
			
				<div class="list">
					<a href="#" class="action-addToList action-list-add">Add to list <span class="accessibility">Coles Roasted Salted Macadamias 350g</span></a> 
				</div>
				<div class="member-list-add">
					<a href="#" class="action-addToList action-list-add">Add to another list <span class="accessibility">Coles Roasted Salted Macadamias 350g</span></a>
				</div>
			
			<div class="member-list-remove">
				 <a href="#" class="action-removeFromList">Remove from list <span class="accessibility">Coles Roasted Salted Macadamias 350g</span></a> 
			</div>
			
				<div class="compareProd" role="presentation" aria-hidden="true">
					<a href="#" class="compare compare-add">Compare</a>
				</div>
			
		</div>  
      

       	
		    <div role="presentation" aria-hidden="true" id="share" class="share" data-social="{productImgUrl:'http://shop.coles.com.au:27900/wcsstore/Coles-CAS/images/7/8/8/7880977-th.jpg'
	                                               ,productDisplayUrl:'http://shop.coles.com.au/online/ProductDisplay?storeId=10601&amp;productId=58361&amp;urlRequestType=Base&amp;langId=-1&amp;catalogId=10001'
	                                               ,title:'Coles Roasted Salted Macadamias  '
	                                               ,description:'Australian Macadamias are dry roasted and salted for a full flavour and have a crunchy texture.  Ideal for snacking.'}">
		 	</div>
 		
	</div>
</div>


	</form>
</div>


<span class="available hidden"></span>


<div class="outer-prod prodtile" data-refresh="{
					catalogId: &quot;10576&quot;,
					doInventory: &quot;N&quot;,
					fulfillmentCenterId: &quot;11576&quot;,
					forStoreId: &quot;10401&quot;,
					
					productDisplayURL: &quot;http://shop.coles.com.au/online/national/almonds-coles-brand-french-vanilla-prepacked&quot;				
			}">
	<form id="catEntryForm_61215" name="catEntryForm_61215" action="AjaxOrderChangeServiceItemAdd">
		
<div class=" " data-catentry="catEntry_61215" data-refresh="{
				addCalculationUsage: &quot;-1&quot;,
				langId: &quot;-1&quot;,
				storeId: &quot;10601&quot;, 
				catEntryId: &quot;61215&quot;, 
				catEntryName: &quot;French Vanilla Almonds&quot;, 
				productView: &quot;list&quot;,
				productId: &quot;61215&quot;,
				itemId: &quot;118726&quot;,
				hideMultibuy: &quot;false&quot;,
                ticketType: &quot;&quot;,
                partNumber: &quot;7827012&quot;,
                offerCode: &quot;20141224&quot;
		}">
   	<div class="wrapper clearfix">   	
		

<h4 class="accessibility" id="heading_61215" tabindex="-1">
		Coles&nbsp;French Vanilla Almonds&nbsp;
		400g&nbsp;
		 
</h4> 

<div class="offer-icon"></div>
<a role="presentation" aria-hidden="true" class="product-url" href="http://shop.coles.com.au/online/national/almonds-coles-brand-french-vanilla-prepacked">
	    <img role="presentation" aria-hidden="true" class="photo" src="/wcsstore/Coles-CAS/images/7/8/2/7827012-th.jpg" onerror="this.src='/wcsstore/ColesStorefrontAssetStore/dist/e0a775baf05f/images/spacer.gif'" alt="French Vanilla Almonds" width="110" height="110">
	</a>

<div class="detail">	
    <span role="presentation" aria-hidden="true" class="brand">Coles</span>
    <span class="item" role="presentation" aria-hidden="true">
        <a role="presentation" aria-hidden="true" class="product-url" href="http://shop.coles.com.au/online/national/almonds-coles-brand-french-vanilla-prepacked">
        	French Vanilla Almonds&nbsp;
        	400g
        </a>
    </span>
	<span class="size">
			
 	</span>
</div>


	<div class="purchasing">	    
	    <div class="saving">
	    	
	    </div>
	   	
	    		<div class="price"><span class="accessibility">Purchase price </span><small>$</small>10.70</div>
	    	
	    <div class="unit-price"><span class="accessibility">Unit price </span>$26.75 per 1Kg</div>
	    <div class="special-offer">	    	
	    	
	    </div> 
	    <div class="availability">Temporarily unavailable</div>
	    <div class="purchase">
		
			<input type="number" title="Add Quantity for Coles French Vanilla Almonds 400g" name="quantity" id="catEntry_61215_qty" value="1" maxlength="2" size="2" class="v-mandatory v-numeric v-minval-1">
	        <button role="button" type="submit" title="Add to trolley&nbsp;Coles French Vanilla Almonds 400g" class="btn-red action-addToTrolley"><span role="presentation" aria-hidden="true">Add to trolley</span></button>
		
		</div>
	</div>
	<div class="lists">
		
	</div>


	    <div class="actions">
	        			
			   <div class="MUItemForTrolleyDiv MUItemForTrolley_118726" data-catentry="118726">
		         <div class="MUul_118726"><div class="MUli_118726 hidden" aria-hidden="true"><span class="inTrolley"><span class="MUSpan_118726">0</span> in trolley</span></div></div>
		       </div>
		        <p class="clear"></p>
			 
			<div class="member-usuals-remove">
				<a href="#" class="action-removeFromUsuals usuals-remove">Remove from list <span class="accessibility">Coles French Vanilla Almonds 400g</span></a>			
			</div>
			
				<div class="list">
					<a href="#" class="action-addToList action-list-add">Add to list <span class="accessibility">Coles French Vanilla Almonds 400g</span></a> 
				</div>
				<div class="member-list-add">
					<a href="#" class="action-addToList action-list-add">Add to another list <span class="accessibility">Coles French Vanilla Almonds 400g</span></a>
				</div>
			
			<div class="member-list-remove">
				 <a href="#" class="action-removeFromList">Remove from list <span class="accessibility">Coles French Vanilla Almonds 400g</span></a> 
			</div>
			
				<div class="compareProd" role="presentation" aria-hidden="true">
					<a href="#" class="compare compare-add">Compare</a>
				</div>
			
				<a href="http://shop.coles.com.au/online/national/almonds-coles-brand-french-vanilla-prepacked" class="product-url accessibility">More details for Coles&nbsp;French Vanilla Almonds</a>
			
		</div>  
      

       	
		    <div role="presentation" aria-hidden="true" id="share" class="share" data-social="{productImgUrl:'http://shop.coles.com.au:27900/wcsstore/Coles-CAS/images/7/8/2/7827012-th.jpg'
	                                               ,productDisplayUrl:'http://shop.coles.com.au/online/national/almonds-coles-brand-french-vanilla-prepacked'
	                                               ,title:'Coles French Vanilla Almonds  '
	                                               ,description:''}">
		 	</div>
 		
	</div>
</div>


	</form>
</div>


<span class="available hidden"></span>


<div class="outer-prod prodtile" data-refresh="{
					catalogId: &quot;10576&quot;,
					doInventory: &quot;N&quot;,
					fulfillmentCenterId: &quot;11576&quot;,
					forStoreId: &quot;10401&quot;,
					
					productDisplayURL: &quot;http://shop.coles.com.au/online/national/sprouts-crunchy-combo-prepacked&quot;				
			}">
	<form id="catEntryForm_80302" name="catEntryForm_80302" action="AjaxOrderChangeServiceItemAdd">
		
<div class=" " data-catentry="catEntry_80302" data-refresh="{
				addCalculationUsage: &quot;-1&quot;,
				langId: &quot;-1&quot;,
				storeId: &quot;10601&quot;, 
				catEntryId: &quot;80302&quot;, 
				catEntryName: &quot;Crunchy Combo Sprouts Prepacked&quot;, 
				productView: &quot;list&quot;,
				productId: &quot;80302&quot;,
				itemId: &quot;142805&quot;,
				hideMultibuy: &quot;false&quot;,
                ticketType: &quot;&quot;,
                partNumber: &quot;4544849&quot;,
                offerCode: &quot;20140510&quot;
		}">
   	<div class="wrapper clearfix">   	
		

<h4 class="accessibility" id="heading_80302" tabindex="-1">
		Coles&nbsp;Crunchy Combo Sprouts Prepacked&nbsp;
		200g&nbsp;
		 
</h4> 

<div class="offer-icon"></div>
<a role="presentation" aria-hidden="true" class="product-url" href="http://shop.coles.com.au/online/national/sprouts-crunchy-combo-prepacked">
	    <img role="presentation" aria-hidden="true" class="photo" src="/wcsstore/Coles-CAS/images/4/5/4/4544849-th.jpg" onerror="this.src='/wcsstore/ColesStorefrontAssetStore/dist/e0a775baf05f/images/spacer.gif'" alt="Crunchy Combo Sprouts Prepacked" width="110" height="110">
	</a>

<div class="detail">	
    <span role="presentation" aria-hidden="true" class="brand">Coles</span>
    <span class="item" role="presentation" aria-hidden="true">
        <a role="presentation" aria-hidden="true" class="product-url" href="http://shop.coles.com.au/online/national/sprouts-crunchy-combo-prepacked">
        	Crunchy Combo Sprouts Prepacked&nbsp;
        	200g
        </a>
    </span>
	<span class="size">
		Product of Australia.	
 	</span>
</div>


	<div class="purchasing">	    
	    <div class="saving">
	    	
	    </div>
	   	
	    		<div class="price"><span class="accessibility">Purchase price </span><small>$</small>2.00</div>
	    	
	    <div class="unit-price"><span class="accessibility">Unit price </span>$10.00 per 1Kg</div>
	    <div class="special-offer">	    	
	    	
	    </div> 
	    <div class="availability">Temporarily unavailable</div>
	    <div class="purchase">
		
			<input type="number" title="Add Quantity for Coles Crunchy Combo Sprouts Prepacked 200g" name="quantity" id="catEntry_80302_qty" value="1" maxlength="2" size="2" class="v-mandatory v-numeric v-minval-1">
	        <button role="button" type="submit" title="Add to trolley&nbsp;Coles Crunchy Combo Sprouts Prepacked 200g" class="btn-red action-addToTrolley"><span role="presentation" aria-hidden="true">Add to trolley</span></button>
		
		</div>
	</div>
	<div class="lists">
		
	</div>


	    <div class="actions">
	        			
			   <div class="MUItemForTrolleyDiv MUItemForTrolley_142805" data-catentry="142805">
		         <div class="MUul_142805"><div class="MUli_142805 hidden" aria-hidden="true"><span class="inTrolley"><span class="MUSpan_142805">0</span> in trolley</span></div></div>
		       </div>
		        <p class="clear"></p>
			 
			<div class="member-usuals-remove">
				<a href="#" class="action-removeFromUsuals usuals-remove">Remove from list <span class="accessibility">Coles Crunchy Combo Sprouts Prepacked 200g</span></a>			
			</div>
			
				<div class="list">
					<a href="#" class="action-addToList action-list-add">Add to list <span class="accessibility">Coles Crunchy Combo Sprouts Prepacked 200g</span></a> 
				</div>
				<div class="member-list-add">
					<a href="#" class="action-addToList action-list-add">Add to another list <span class="accessibility">Coles Crunchy Combo Sprouts Prepacked 200g</span></a>
				</div>
			
			<div class="member-list-remove">
				 <a href="#" class="action-removeFromList">Remove from list <span class="accessibility">Coles Crunchy Combo Sprouts Prepacked 200g</span></a> 
			</div>
			
				<div class="compareProd" role="presentation" aria-hidden="true">
					<a href="#" class="compare compare-add">Compare</a>
				</div>
			
				<a href="http://shop.coles.com.au/online/national/sprouts-crunchy-combo-prepacked" class="product-url accessibility">More details for Coles&nbsp;Crunchy Combo Sprouts Prepacked</a>
			
		</div>  
      

       	
		    <div role="presentation" aria-hidden="true" id="share" class="share" data-social="{productImgUrl:'http://shop.coles.com.au:27900/wcsstore/Coles-CAS/images/4/5/4/4544849-th.jpg'
	                                               ,productDisplayUrl:'http://shop.coles.com.au/online/national/sprouts-crunchy-combo-prepacked'
	                                               ,title:'Coles Crunchy Combo Sprouts Prepacked Product of Australia.'
	                                               ,description:''}">
		 	</div>
 		
	</div>
</div>


	</form>
</div>


<span class="available hidden"></span>


<div class="outer-prod prodtile" data-refresh="{
					catalogId: &quot;10576&quot;,
					doInventory: &quot;N&quot;,
					fulfillmentCenterId: &quot;11576&quot;,
					forStoreId: &quot;10401&quot;,
					
					productDisplayURL: &quot;http://shop.coles.com.au/online/national/macadamias-coles-brand-honey-roasted-prepacked&quot;				
			}">
	<form id="catEntryForm_80401" name="catEntryForm_80401" action="AjaxOrderChangeServiceItemAdd">
		
<div class=" " data-catentry="catEntry_80401" data-refresh="{
				addCalculationUsage: &quot;-1&quot;,
				langId: &quot;-1&quot;,
				storeId: &quot;10601&quot;, 
				catEntryId: &quot;80401&quot;, 
				catEntryName: &quot;Honey Roasted Macadamias&quot;, 
				productView: &quot;list&quot;,
				productId: &quot;80401&quot;,
				itemId: &quot;145437&quot;,
				hideMultibuy: &quot;false&quot;,
                ticketType: &quot;&quot;,
                partNumber: &quot;4355416&quot;,
                offerCode: &quot;20141217&quot;
		}">
   	<div class="wrapper clearfix">   	
		

<h4 class="accessibility" id="heading_80401" tabindex="-1">
		Coles&nbsp;Honey Roasted Macadamias&nbsp;
		400g&nbsp;
		 
</h4> 

<div class="offer-icon"></div>
<a role="presentation" aria-hidden="true" class="product-url" href="http://shop.coles.com.au/online/national/macadamias-coles-brand-honey-roasted-prepacked">
	    <img role="presentation" aria-hidden="true" class="photo" src="/wcsstore/Coles-CAS/images/4/3/5/4355416-th.jpg" onerror="this.src='/wcsstore/ColesStorefrontAssetStore/dist/e0a775baf05f/images/spacer.gif'" alt="Honey Roasted Macadamias" width="110" height="110">
	</a>

<div class="detail">	
    <span role="presentation" aria-hidden="true" class="brand">Coles</span>
    <span class="item" role="presentation" aria-hidden="true">
        <a role="presentation" aria-hidden="true" class="product-url" href="http://shop.coles.com.au/online/national/macadamias-coles-brand-honey-roasted-prepacked">
        	Honey Roasted Macadamias&nbsp;
        	400g
        </a>
    </span>
	<span class="size">
			
 	</span>
</div>


	<div class="purchasing">	    
	    <div class="saving">
	    	
	    </div>
	   	
	    		<div class="price"><span class="accessibility">Purchase price </span><small>$</small>16.00</div>
	    	
	    <div class="unit-price"><span class="accessibility">Unit price </span>$40.00 per 1Kg</div>
	    <div class="special-offer">	    	
	    	
	    </div> 
	    <div class="availability">Temporarily unavailable</div>
	    <div class="purchase">
		
			<input type="number" title="Add Quantity for Coles Honey Roasted Macadamias 400g" name="quantity" id="catEntry_80401_qty" value="1" maxlength="2" size="2" class="v-mandatory v-numeric v-minval-1">
	        <button role="button" type="submit" title="Add to trolley&nbsp;Coles Honey Roasted Macadamias 400g" class="btn-red action-addToTrolley"><span role="presentation" aria-hidden="true">Add to trolley</span></button>
		
		</div>
	</div>
	<div class="lists">
		
	</div>


	    <div class="actions">
	        			
			   <div class="MUItemForTrolleyDiv MUItemForTrolley_145437" data-catentry="145437">
		         <div class="MUul_145437"><div class="MUli_145437 hidden" aria-hidden="true"><span class="inTrolley"><span class="MUSpan_145437">0</span> in trolley</span></div></div>
		       </div>
		        <p class="clear"></p>
			 
			<div class="member-usuals-remove">
				<a href="#" class="action-removeFromUsuals usuals-remove">Remove from list <span class="accessibility">Coles Honey Roasted Macadamias 400g</span></a>			
			</div>
			
				<div class="list">
					<a href="#" class="action-addToList action-list-add">Add to list <span class="accessibility">Coles Honey Roasted Macadamias 400g</span></a> 
				</div>
				<div class="member-list-add">
					<a href="#" class="action-addToList action-list-add">Add to another list <span class="accessibility">Coles Honey Roasted Macadamias 400g</span></a>
				</div>
			
			<div class="member-list-remove">
				 <a href="#" class="action-removeFromList">Remove from list <span class="accessibility">Coles Honey Roasted Macadamias 400g</span></a> 
			</div>
			
				<div class="compareProd" role="presentation" aria-hidden="true">
					<a href="#" class="compare compare-add">Compare</a>
				</div>
			
				<a href="http://shop.coles.com.au/online/national/macadamias-coles-brand-honey-roasted-prepacked" class="product-url accessibility">More details for Coles&nbsp;Honey Roasted Macadamias</a>
			
		</div>  
      

       	
		    <div role="presentation" aria-hidden="true" id="share" class="share" data-social="{productImgUrl:'http://shop.coles.com.au:27900/wcsstore/Coles-CAS/images/4/3/5/4355416-th.jpg'
	                                               ,productDisplayUrl:'http://shop.coles.com.au/online/national/macadamias-coles-brand-honey-roasted-prepacked'
	                                               ,title:'Coles Honey Roasted Macadamias  '
	                                               ,description:'Crunchy macadamia nuts, roasted and coated in honey.'}">
		 	</div>
 		
	</div>
</div>


	</form>
</div>


<span class="available hidden"></span>


<div class="outer-prod prodtile" data-refresh="{
					catalogId: &quot;10576&quot;,
					doInventory: &quot;N&quot;,
					fulfillmentCenterId: &quot;11576&quot;,
					forStoreId: &quot;10401&quot;,
					
					productDisplayURL: &quot;http://shop.coles.com.au/online/national/peanuts-coles-brand-roasted-salted-prepacked&quot;				
			}">
	<form id="catEntryForm_96040" name="catEntryForm_96040" action="AjaxOrderChangeServiceItemAdd">
		
<div class=" " data-catentry="catEntry_96040" data-refresh="{
				addCalculationUsage: &quot;-1&quot;,
				langId: &quot;-1&quot;,
				storeId: &quot;10601&quot;, 
				catEntryId: &quot;96040&quot;, 
				catEntryName: &quot;Salted Peanuts&quot;, 
				productView: &quot;list&quot;,
				productId: &quot;96040&quot;,
				itemId: &quot;161778&quot;,
				hideMultibuy: &quot;false&quot;,
                ticketType: &quot;&quot;,
                partNumber: &quot;9454153&quot;,
                offerCode: &quot;20141224&quot;
		}">
   	<div class="wrapper clearfix">   	
		

<h4 class="accessibility" id="heading_96040" tabindex="-1">
		Coles&nbsp;Salted Peanuts&nbsp;
		750g&nbsp;
		 
</h4> 

<div class="offer-icon"></div>
<a role="presentation" aria-hidden="true" class="product-url" href="http://shop.coles.com.au/online/national/peanuts-coles-brand-roasted-salted-prepacked">
	    <img role="presentation" aria-hidden="true" class="photo" src="/wcsstore/Coles-CAS/images/9/4/5/9454153-th.jpg" onerror="this.src='/wcsstore/ColesStorefrontAssetStore/dist/e0a775baf05f/images/spacer.gif'" alt="Salted Peanuts" width="110" height="110">
	</a>

<div class="detail">	
    <span role="presentation" aria-hidden="true" class="brand">Coles</span>
    <span class="item" role="presentation" aria-hidden="true">
        <a role="presentation" aria-hidden="true" class="product-url" href="http://shop.coles.com.au/online/national/peanuts-coles-brand-roasted-salted-prepacked">
        	Salted Peanuts&nbsp;
        	750g
        </a>
    </span>
	<span class="size">
			
 	</span>
</div>


	<div class="purchasing">	    
	    <div class="saving">
	    	
	    </div>
	   	
	    		<div class="price"><span class="accessibility">Purchase price </span><small>$</small>7.00</div>
	    	
	    <div class="unit-price"><span class="accessibility">Unit price </span>$9.33 per 1Kg</div>
	    <div class="special-offer">	    	
	    	
	    </div> 
	    <div class="availability">Temporarily unavailable</div>
	    <div class="purchase">
		
			<input type="number" title="Add Quantity for Coles Salted Peanuts 750g" name="quantity" id="catEntry_96040_qty" value="1" maxlength="2" size="2" class="v-mandatory v-numeric v-minval-1">
	        <button role="button" type="submit" title="Add to trolley&nbsp;Coles Salted Peanuts 750g" class="btn-red action-addToTrolley"><span role="presentation" aria-hidden="true">Add to trolley</span></button>
		
		</div>
	</div>
	<div class="lists">
		
	</div>


	    <div class="actions">
	        			
			   <div class="MUItemForTrolleyDiv MUItemForTrolley_161778" data-catentry="161778">
		         <div class="MUul_161778"><div class="MUli_161778 hidden" aria-hidden="true"><span class="inTrolley"><span class="MUSpan_161778">0</span> in trolley</span></div></div>
		       </div>
		        <p class="clear"></p>
			 
			<div class="member-usuals-remove">
				<a href="#" class="action-removeFromUsuals usuals-remove">Remove from list <span class="accessibility">Coles Salted Peanuts 750g</span></a>			
			</div>
			
				<div class="list">
					<a href="#" class="action-addToList action-list-add">Add to list <span class="accessibility">Coles Salted Peanuts 750g</span></a> 
				</div>
				<div class="member-list-add">
					<a href="#" class="action-addToList action-list-add">Add to another list <span class="accessibility">Coles Salted Peanuts 750g</span></a>
				</div>
			
			<div class="member-list-remove">
				 <a href="#" class="action-removeFromList">Remove from list <span class="accessibility">Coles Salted Peanuts 750g</span></a> 
			</div>
			
				<div class="compareProd" role="presentation" aria-hidden="true">
					<a href="#" class="compare compare-add">Compare</a>
				</div>
			
				<a href="http://shop.coles.com.au/online/national/peanuts-coles-brand-roasted-salted-prepacked" class="product-url accessibility">More details for Coles&nbsp;Salted Peanuts</a>
			
		</div>  
      

       	
		    <div role="presentation" aria-hidden="true" id="share" class="share" data-social="{productImgUrl:'http://shop.coles.com.au:27900/wcsstore/Coles-CAS/images/9/4/5/9454153-th.jpg'
	                                               ,productDisplayUrl:'http://shop.coles.com.au/online/national/peanuts-coles-brand-roasted-salted-prepacked'
	                                               ,title:'Coles Salted Peanuts  '
	                                               ,description:'Peanuts that have been roasted in canola oil and then salted'}">
		 	</div>
 		
	</div>
</div>


	</form>
</div>


<span class="available hidden"></span>


<div class="outer-prod prodtile" data-refresh="{
					catalogId: &quot;10576&quot;,
					doInventory: &quot;N&quot;,
					fulfillmentCenterId: &quot;11576&quot;,
					forStoreId: &quot;10401&quot;,
					
					productDisplayURL: &quot;http://shop.coles.com.au/online/national/coles-rockmelon-honeydew-fruit-salad-tub&quot;				
			}">
	<form id="catEntryForm_361010" name="catEntryForm_361010" action="AjaxOrderChangeServiceItemAdd">
		
<div class=" " data-catentry="catEntry_361010" data-refresh="{
				addCalculationUsage: &quot;-1&quot;,
				langId: &quot;-1&quot;,
				storeId: &quot;10601&quot;, 
				catEntryId: &quot;361010&quot;, 
				catEntryName: &quot;Rockmelon &amp; Honeydew Fruit Salad Tub&quot;, 
				productView: &quot;list&quot;,
				productId: &quot;361010&quot;,
				itemId: &quot;361017&quot;,
				hideMultibuy: &quot;false&quot;,
                ticketType: &quot;&quot;,
                partNumber: &quot;1864286&quot;,
                offerCode: &quot;20150201&quot;
		}">
   	<div class="wrapper clearfix">   	
		

<h4 class="accessibility" id="heading_361010" tabindex="-1">
		Coles&nbsp;Rockmelon &amp; Honeydew Fruit Salad Tub&nbsp;
		500g&nbsp;
		 
</h4> 

<div class="offer-icon"></div>
<a role="presentation" aria-hidden="true" class="product-url" href="http://shop.coles.com.au/online/national/coles-rockmelon-honeydew-fruit-salad-tub">
	    <img role="presentation" aria-hidden="true" class="photo" src="/wcsstore/Coles-CAS/images/1/8/6/1864286-th.jpg" onerror="this.src='/wcsstore/ColesStorefrontAssetStore/dist/e0a775baf05f/images/spacer.gif'" alt="Rockmelon &amp; Honeydew Fruit Salad Tub" width="110" height="110">
	</a>

<div class="detail">	
    <span role="presentation" aria-hidden="true" class="brand">Coles</span>
    <span class="item" role="presentation" aria-hidden="true">
        <a role="presentation" aria-hidden="true" class="product-url" href="http://shop.coles.com.au/online/national/coles-rockmelon-honeydew-fruit-salad-tub">
        	Rockmelon &amp; Honeydew Fruit Salad Tub&nbsp;
        	500g
        </a>
    </span>
	<span class="size">
			
 	</span>
</div>


	<div class="purchasing">	    
	    <div class="saving">
	    	
	    </div>
	   	
	    		<div class="price"><span class="accessibility">Purchase price </span><small>$</small>5.50</div>
	    	
	    <div class="unit-price"><span class="accessibility">Unit price </span>$11.00 per 1Kg</div>
	    <div class="special-offer">	    	
	    	
	    </div> 
	    <div class="availability">Temporarily unavailable</div>
	    <div class="purchase">
		
			<input type="number" title="Add Quantity for Coles Rockmelon &amp; Honeydew Fruit Salad Tub 500g" name="quantity" id="catEntry_361010_qty" value="1" maxlength="2" size="2" class="v-mandatory v-numeric v-minval-1">
	        <button role="button" type="submit" title="Add to trolley&nbsp;Coles Rockmelon &amp; Honeydew Fruit Salad Tub 500g" class="btn-red action-addToTrolley"><span role="presentation" aria-hidden="true">Add to trolley</span></button>
		
		</div>
	</div>
	<div class="lists">
		
	</div>


	    <div class="actions">
	        			
			   <div class="MUItemForTrolleyDiv MUItemForTrolley_361017" data-catentry="361017">
		         <div class="MUul_361017"><div class="MUli_361017 hidden" aria-hidden="true"><span class="inTrolley"><span class="MUSpan_361017">0</span> in trolley</span></div></div>
		       </div>
		        <p class="clear"></p>
			 
			<div class="member-usuals-remove">
				<a href="#" class="action-removeFromUsuals usuals-remove">Remove from list <span class="accessibility">Coles Rockmelon &amp; Honeydew Fruit Salad Tub 500g</span></a>			
			</div>
			
				<div class="list">
					<a href="#" class="action-addToList action-list-add">Add to list <span class="accessibility">Coles Rockmelon &amp; Honeydew Fruit Salad Tub 500g</span></a> 
				</div>
				<div class="member-list-add">
					<a href="#" class="action-addToList action-list-add">Add to another list <span class="accessibility">Coles Rockmelon &amp; Honeydew Fruit Salad Tub 500g</span></a>
				</div>
			
			<div class="member-list-remove">
				 <a href="#" class="action-removeFromList">Remove from list <span class="accessibility">Coles Rockmelon &amp; Honeydew Fruit Salad Tub 500g</span></a> 
			</div>
			
				<div class="compareProd" role="presentation" aria-hidden="true">
					<a href="#" class="compare compare-add">Compare</a>
				</div>
			
				<a href="http://shop.coles.com.au/online/national/coles-rockmelon-honeydew-fruit-salad-tub" class="product-url accessibility">More details for Coles&nbsp;Rockmelon &amp; Honeydew Fruit Salad Tub</a>
			
		</div>  
      

       	
		    <div role="presentation" aria-hidden="true" id="share" class="share" data-social="{productImgUrl:'http://shop.coles.com.au:27900/wcsstore/Coles-CAS/images/1/8/6/1864286-th.jpg'
	                                               ,productDisplayUrl:'http://shop.coles.com.au/online/national/coles-rockmelon-honeydew-fruit-salad-tub'
	                                               ,title:'Coles Rockmelon &amp; Honeydew Fruit Salad Tub  '
	                                               ,description:'Rockmelon, Honey dew'}">
		 	</div>
 		
	</div>
</div>


	</form>
</div>


<span class="available hidden"></span>


<div class="outer-prod prodtile" data-refresh="{
					catalogId: &quot;10576&quot;,
					doInventory: &quot;N&quot;,
					fulfillmentCenterId: &quot;11576&quot;,
					forStoreId: &quot;10401&quot;,
					
					productDisplayURL: &quot;http://shop.coles.com.au/online/national/coles-rockmelon-fruit-salad-tub&quot;				
			}">
	<form id="catEntryForm_361012" name="catEntryForm_361012" action="AjaxOrderChangeServiceItemAdd">
		
<div class=" " data-catentry="catEntry_361012" data-refresh="{
				addCalculationUsage: &quot;-1&quot;,
				langId: &quot;-1&quot;,
				storeId: &quot;10601&quot;, 
				catEntryId: &quot;361012&quot;, 
				catEntryName: &quot;Rockmelon Fruit Salad Tub&quot;, 
				productView: &quot;list&quot;,
				productId: &quot;361012&quot;,
				itemId: &quot;361019&quot;,
				hideMultibuy: &quot;false&quot;,
                ticketType: &quot;&quot;,
                partNumber: &quot;1864264&quot;,
                offerCode: &quot;20140920&quot;
		}">
   	<div class="wrapper clearfix">   	
		

<h4 class="accessibility" id="heading_361012" tabindex="-1">
		Coles&nbsp;Rockmelon Fruit Salad Tub&nbsp;
		500g&nbsp;
		 
</h4> 

<div class="offer-icon"></div>
<a role="presentation" aria-hidden="true" class="product-url" href="http://shop.coles.com.au/online/national/coles-rockmelon-fruit-salad-tub">
	    <img role="presentation" aria-hidden="true" class="photo" src="/wcsstore/Coles-CAS/images/1/8/6/1864264-th.jpg" onerror="this.src='/wcsstore/ColesStorefrontAssetStore/dist/e0a775baf05f/images/spacer.gif'" alt="Rockmelon Fruit Salad Tub" width="110" height="110">
	</a>

<div class="detail">	
    <span role="presentation" aria-hidden="true" class="brand">Coles</span>
    <span class="item" role="presentation" aria-hidden="true">
        <a role="presentation" aria-hidden="true" class="product-url" href="http://shop.coles.com.au/online/national/coles-rockmelon-fruit-salad-tub">
        	Rockmelon Fruit Salad Tub&nbsp;
        	500g
        </a>
    </span>
	<span class="size">
			
 	</span>
</div>


	<div class="purchasing">	    
	    <div class="saving">
	    	
	    </div>
	   	
	    		<div class="price"><span class="accessibility">Purchase price </span><small>$</small>5.50</div>
	    	
	    <div class="unit-price"><span class="accessibility">Unit price </span>$11.00 per 1Kg</div>
	    <div class="special-offer">	    	
	    	
	    </div> 
	    <div class="availability">Temporarily unavailable</div>
	    <div class="purchase">
		
			<input type="number" title="Add Quantity for Coles Rockmelon Fruit Salad Tub 500g" name="quantity" id="catEntry_361012_qty" value="1" maxlength="2" size="2" class="v-mandatory v-numeric v-minval-1">
	        <button role="button" type="submit" title="Add to trolley&nbsp;Coles Rockmelon Fruit Salad Tub 500g" class="btn-red action-addToTrolley"><span role="presentation" aria-hidden="true">Add to trolley</span></button>
		
		</div>
	</div>
	<div class="lists">
		
	</div>


	    <div class="actions">
	        			
			   <div class="MUItemForTrolleyDiv MUItemForTrolley_361019" data-catentry="361019">
		         <div class="MUul_361019"><div class="MUli_361019 hidden" aria-hidden="true"><span class="inTrolley"><span class="MUSpan_361019">0</span> in trolley</span></div></div>
		       </div>
		        <p class="clear"></p>
			 
			<div class="member-usuals-remove">
				<a href="#" class="action-removeFromUsuals usuals-remove">Remove from list <span class="accessibility">Coles Rockmelon Fruit Salad Tub 500g</span></a>			
			</div>
			
				<div class="list">
					<a href="#" class="action-addToList action-list-add">Add to list <span class="accessibility">Coles Rockmelon Fruit Salad Tub 500g</span></a> 
				</div>
				<div class="member-list-add">
					<a href="#" class="action-addToList action-list-add">Add to another list <span class="accessibility">Coles Rockmelon Fruit Salad Tub 500g</span></a>
				</div>
			
			<div class="member-list-remove">
				 <a href="#" class="action-removeFromList">Remove from list <span class="accessibility">Coles Rockmelon Fruit Salad Tub 500g</span></a> 
			</div>
			
				<div class="compareProd" role="presentation" aria-hidden="true">
					<a href="#" class="compare compare-add">Compare</a>
				</div>
			
				<a href="http://shop.coles.com.au/online/national/coles-rockmelon-fruit-salad-tub" class="product-url accessibility">More details for Coles&nbsp;Rockmelon Fruit Salad Tub</a>
			
		</div>  
      

       	
		    <div role="presentation" aria-hidden="true" id="share" class="share" data-social="{productImgUrl:'http://shop.coles.com.au:27900/wcsstore/Coles-CAS/images/1/8/6/1864264-th.jpg'
	                                               ,productDisplayUrl:'http://shop.coles.com.au/online/national/coles-rockmelon-fruit-salad-tub'
	                                               ,title:'Coles Rockmelon Fruit Salad Tub  '
	                                               ,description:'Pineapple'}">
		 	</div>
 		
	</div>
</div>


	</form>
</div>


<span class="available hidden"></span>


<div class="outer-prod prodtile" data-refresh="{
					catalogId: &quot;10576&quot;,
					doInventory: &quot;N&quot;,
					fulfillmentCenterId: &quot;11576&quot;,
					forStoreId: &quot;10401&quot;,
					
					productDisplayURL: &quot;http://shop.coles.com.au/online/national/coles-creamy-potato-salad&quot;				
			}">
	<form id="catEntryForm_394001" name="catEntryForm_394001" action="AjaxOrderChangeServiceItemAdd">
		
<div class=" " data-catentry="catEntry_394001" data-refresh="{
				addCalculationUsage: &quot;-1&quot;,
				langId: &quot;-1&quot;,
				storeId: &quot;10601&quot;, 
				catEntryId: &quot;394001&quot;, 
				catEntryName: &quot;Creamy Potato Salad&quot;, 
				productView: &quot;list&quot;,
				productId: &quot;394001&quot;,
				itemId: &quot;394015&quot;,
				hideMultibuy: &quot;false&quot;,
                ticketType: &quot;&quot;,
                partNumber: &quot;1988904&quot;,
                offerCode: &quot;20150128&quot;
		}">
   	<div class="wrapper clearfix">   	
		

<h4 class="accessibility" id="heading_394001" tabindex="-1">
		Coles&nbsp;Creamy Potato Salad&nbsp;
		800g&nbsp;
		 
</h4> 

<div class="offer-icon"></div>
<a role="presentation" aria-hidden="true" class="product-url" href="http://shop.coles.com.au/online/national/coles-creamy-potato-salad">
	    <img role="presentation" aria-hidden="true" class="photo" src="/wcsstore/Coles-CAS/images/1/9/8/1988904-th.jpg" onerror="this.src='/wcsstore/ColesStorefrontAssetStore/dist/e0a775baf05f/images/spacer.gif'" alt="Creamy Potato Salad" width="110" height="110">
	</a>

<div class="detail">	
    <span role="presentation" aria-hidden="true" class="brand">Coles</span>
    <span class="item" role="presentation" aria-hidden="true">
        <a role="presentation" aria-hidden="true" class="product-url" href="http://shop.coles.com.au/online/national/coles-creamy-potato-salad">
        	Creamy Potato Salad&nbsp;
        	800g
        </a>
    </span>
	<span class="size">
			
 	</span>
</div>


	<div class="purchasing">	    
	    <div class="saving">
	    	
	    </div>
	   	
	    		<div class="price"><span class="accessibility">Purchase price </span><small>$</small>7.50</div>
	    	
	    <div class="unit-price"><span class="accessibility">Unit price </span>$9.38 per 1Kg</div>
	    <div class="special-offer">	    	
	    	
	    </div> 
	    <div class="availability">Temporarily unavailable</div>
	    <div class="purchase">
		
			<input type="number" title="Add Quantity for Coles Creamy Potato Salad 800g" name="quantity" id="catEntry_394001_qty" value="1" maxlength="2" size="2" class="v-mandatory v-numeric v-minval-1">
	        <button role="button" type="submit" title="Add to trolley&nbsp;Coles Creamy Potato Salad 800g" class="btn-red action-addToTrolley"><span role="presentation" aria-hidden="true">Add to trolley</span></button>
		
		</div>
	</div>
	<div class="lists">
		
	</div>


	    <div class="actions">
	        			
			   <div class="MUItemForTrolleyDiv MUItemForTrolley_394015" data-catentry="394015">
		         <div class="MUul_394015"><div class="MUli_394015 hidden" aria-hidden="true"><span class="inTrolley"><span class="MUSpan_394015">0</span> in trolley</span></div></div>
		       </div>
		        <p class="clear"></p>
			 
			<div class="member-usuals-remove">
				<a href="#" class="action-removeFromUsuals usuals-remove">Remove from list <span class="accessibility">Coles Creamy Potato Salad 800g</span></a>			
			</div>
			
				<div class="list">
					<a href="#" class="action-addToList action-list-add">Add to list <span class="accessibility">Coles Creamy Potato Salad 800g</span></a> 
				</div>
				<div class="member-list-add">
					<a href="#" class="action-addToList action-list-add">Add to another list <span class="accessibility">Coles Creamy Potato Salad 800g</span></a>
				</div>
			
			<div class="member-list-remove">
				 <a href="#" class="action-removeFromList">Remove from list <span class="accessibility">Coles Creamy Potato Salad 800g</span></a> 
			</div>
			
				<div class="compareProd" role="presentation" aria-hidden="true">
					<a href="#" class="compare compare-add">Compare</a>
				</div>
			
				<a href="http://shop.coles.com.au/online/national/coles-creamy-potato-salad" class="product-url accessibility">More details for Coles&nbsp;Creamy Potato Salad</a>
			
		</div>  
      

       	
		    <div role="presentation" aria-hidden="true" id="share" class="share" data-social="{productImgUrl:'http://shop.coles.com.au:27900/wcsstore/Coles-CAS/images/1/9/8/1988904-th.jpg'
	                                               ,productDisplayUrl:'http://shop.coles.com.au/online/national/coles-creamy-potato-salad'
	                                               ,title:'Coles Creamy Potato Salad '
	                                               ,description:'Australian potatoes in a creamy mayonnaise with fresh parsley'}">
		 	</div>
 		
	</div>
</div>


	</form>
</div>


<span class="available hidden"></span>


<div class="outer-prod prodtile" data-refresh="{
					catalogId: &quot;10576&quot;,
					doInventory: &quot;N&quot;,
					fulfillmentCenterId: &quot;11576&quot;,
					forStoreId: &quot;10401&quot;,
					
					productDisplayURL: &quot;http://shop.coles.com.au/online/national/coles-australian-roasted-peanuts-in-shell&quot;				
			}">
	<form id="catEntryForm_399004" name="catEntryForm_399004" action="AjaxOrderChangeServiceItemAdd">
		
<div class=" " data-catentry="catEntry_399004" data-refresh="{
				addCalculationUsage: &quot;-1&quot;,
				langId: &quot;-1&quot;,
				storeId: &quot;10601&quot;, 
				catEntryId: &quot;399004&quot;, 
				catEntryName: &quot;Australian Roasted Peanuts In Shell&quot;, 
				productView: &quot;list&quot;,
				productId: &quot;399004&quot;,
				itemId: &quot;399041&quot;,
				hideMultibuy: &quot;false&quot;,
                ticketType: &quot;&quot;,
                partNumber: &quot;2102384&quot;,
                offerCode: &quot;20141217&quot;
		}">
   	<div class="wrapper clearfix">   	
		

<h4 class="accessibility" id="heading_399004" tabindex="-1">
		Coles&nbsp;Australian Roasted Peanuts In Shell&nbsp;
		500g&nbsp;
		 
</h4> 

<div class="offer-icon"></div>
<a role="presentation" aria-hidden="true" class="product-url" href="http://shop.coles.com.au/online/national/coles-australian-roasted-peanuts-in-shell">
	    <img role="presentation" aria-hidden="true" class="photo" src="/wcsstore/Coles-CAS/images/2/1/0/2102384-th.jpg" onerror="this.src='/wcsstore/ColesStorefrontAssetStore/dist/e0a775baf05f/images/spacer.gif'" alt="Australian Roasted Peanuts In Shell" width="110" height="110">
	</a>

<div class="detail">	
    <span role="presentation" aria-hidden="true" class="brand">Coles</span>
    <span class="item" role="presentation" aria-hidden="true">
        <a role="presentation" aria-hidden="true" class="product-url" href="http://shop.coles.com.au/online/national/coles-australian-roasted-peanuts-in-shell">
        	Australian Roasted Peanuts In Shell&nbsp;
        	500g
        </a>
    </span>
	<span class="size">
			
 	</span>
</div>


	<div class="purchasing">	    
	    <div class="saving">
	    	
	    </div>
	   	
	    		<div class="price"><span class="accessibility">Purchase price </span><small>$</small>6.00</div>
	    	
	    <div class="unit-price"><span class="accessibility">Unit price </span>$12.00 per 1Kg</div>
	    <div class="special-offer">	    	
	    	
	    </div> 
	    <div class="availability">Temporarily unavailable</div>
	    <div class="purchase">
		
			<input type="number" title="Add Quantity for Coles Australian Roasted Peanuts In Shell 500g" name="quantity" id="catEntry_399004_qty" value="1" maxlength="2" size="2" class="v-mandatory v-numeric v-minval-1">
	        <button role="button" type="submit" title="Add to trolley&nbsp;Coles Australian Roasted Peanuts In Shell 500g" class="btn-red action-addToTrolley"><span role="presentation" aria-hidden="true">Add to trolley</span></button>
		
		</div>
	</div>
	<div class="lists">
		
	</div>


	    <div class="actions">
	        			
			   <div class="MUItemForTrolleyDiv MUItemForTrolley_399041" data-catentry="399041">
		         <div class="MUul_399041"><div class="MUli_399041 hidden" aria-hidden="true"><span class="inTrolley"><span class="MUSpan_399041">0</span> in trolley</span></div></div>
		       </div>
		        <p class="clear"></p>
			 
			<div class="member-usuals-remove">
				<a href="#" class="action-removeFromUsuals usuals-remove">Remove from list <span class="accessibility">Coles Australian Roasted Peanuts In Shell 500g</span></a>			
			</div>
			
				<div class="list">
					<a href="#" class="action-addToList action-list-add">Add to list <span class="accessibility">Coles Australian Roasted Peanuts In Shell 500g</span></a> 
				</div>
				<div class="member-list-add">
					<a href="#" class="action-addToList action-list-add">Add to another list <span class="accessibility">Coles Australian Roasted Peanuts In Shell 500g</span></a>
				</div>
			
			<div class="member-list-remove">
				 <a href="#" class="action-removeFromList">Remove from list <span class="accessibility">Coles Australian Roasted Peanuts In Shell 500g</span></a> 
			</div>
			
				<div class="compareProd" role="presentation" aria-hidden="true">
					<a href="#" class="compare compare-add">Compare</a>
				</div>
			
				<a href="http://shop.coles.com.au/online/national/coles-australian-roasted-peanuts-in-shell" class="product-url accessibility">More details for Coles&nbsp;Australian Roasted Peanuts In Shell</a>
			
		</div>  
      

       	
		    <div role="presentation" aria-hidden="true" id="share" class="share" data-social="{productImgUrl:'http://shop.coles.com.au:27900/wcsstore/Coles-CAS/images/2/1/0/2102384-th.jpg'
	                                               ,productDisplayUrl:'http://shop.coles.com.au/online/national/coles-australian-roasted-peanuts-in-shell'
	                                               ,title:'Coles Australian Roasted Peanuts In Shell '
	                                               ,description:''}">
		 	</div>
 		
	</div>
</div>


	</form>
</div>


<span class="available hidden"></span>


<div class="outer-prod prodtile" data-refresh="{
					catalogId: &quot;10576&quot;,
					doInventory: &quot;N&quot;,
					fulfillmentCenterId: &quot;11576&quot;,
					forStoreId: &quot;10401&quot;,
					
					productDisplayURL: &quot;http://shop.coles.com.au/online/national/coles-australian-salted-peanuts-prepacked-2099279p&quot;				
			}">
	<form id="catEntryForm_399006" name="catEntryForm_399006" action="AjaxOrderChangeServiceItemAdd">
		
<div class=" " data-catentry="catEntry_399006" data-refresh="{
				addCalculationUsage: &quot;-1&quot;,
				langId: &quot;-1&quot;,
				storeId: &quot;10601&quot;, 
				catEntryId: &quot;399006&quot;, 
				catEntryName: &quot;Australian Salted Peanuts Prepacked&quot;, 
				productView: &quot;list&quot;,
				productId: &quot;399006&quot;,
				itemId: &quot;399044&quot;,
				hideMultibuy: &quot;false&quot;,
                ticketType: &quot;&quot;,
                partNumber: &quot;2099279&quot;,
                offerCode: &quot;20141224&quot;
		}">
   	<div class="wrapper clearfix">   	
		

<h4 class="accessibility" id="heading_399006" tabindex="-1">
		Coles&nbsp;Australian Salted Peanuts Prepacked&nbsp;
		400g&nbsp;
		 
</h4> 

<div class="offer-icon"></div>
<a role="presentation" aria-hidden="true" class="product-url" href="http://shop.coles.com.au/online/national/coles-australian-salted-peanuts-prepacked-2099279p">
	    <img role="presentation" aria-hidden="true" class="photo" src="/wcsstore/Coles-CAS/images/2/0/9/2099279-th.jpg" onerror="this.src='/wcsstore/ColesStorefrontAssetStore/dist/e0a775baf05f/images/spacer.gif'" alt="Australian Salted Peanuts Prepacked" width="110" height="110">
	</a>

<div class="detail">	
    <span role="presentation" aria-hidden="true" class="brand">Coles</span>
    <span class="item" role="presentation" aria-hidden="true">
        <a role="presentation" aria-hidden="true" class="product-url" href="http://shop.coles.com.au/online/national/coles-australian-salted-peanuts-prepacked-2099279p">
        	Australian Salted Peanuts Prepacked&nbsp;
        	400g
        </a>
    </span>
	<span class="size">
			
 	</span>
</div>


	<div class="purchasing">	    
	    <div class="saving">
	    	
	    </div>
	   	
	    		<div class="price"><span class="accessibility">Purchase price </span><small>$</small>4.60</div>
	    	
	    <div class="unit-price"><span class="accessibility">Unit price </span>$11.50 per 1Kg</div>
	    <div class="special-offer">	    	
	    	
	    </div> 
	    <div class="availability">Temporarily unavailable</div>
	    <div class="purchase">
		
			<input type="number" title="Add Quantity for Coles Australian Salted Peanuts Prepacked 400g" name="quantity" id="catEntry_399006_qty" value="1" maxlength="2" size="2" class="v-mandatory v-numeric v-minval-1">
	        <button role="button" type="submit" title="Add to trolley&nbsp;Coles Australian Salted Peanuts Prepacked 400g" class="btn-red action-addToTrolley"><span role="presentation" aria-hidden="true">Add to trolley</span></button>
		
		</div>
	</div>
	<div class="lists">
		
	</div>


	    <div class="actions">
	        			
			   <div class="MUItemForTrolleyDiv MUItemForTrolley_399044" data-catentry="399044">
		         <div class="MUul_399044"><div class="MUli_399044 hidden" aria-hidden="true"><span class="inTrolley"><span class="MUSpan_399044">0</span> in trolley</span></div></div>
		       </div>
		        <p class="clear"></p>
			 
			<div class="member-usuals-remove">
				<a href="#" class="action-removeFromUsuals usuals-remove">Remove from list <span class="accessibility">Coles Australian Salted Peanuts Prepacked 400g</span></a>			
			</div>
			
				<div class="list">
					<a href="#" class="action-addToList action-list-add">Add to list <span class="accessibility">Coles Australian Salted Peanuts Prepacked 400g</span></a> 
				</div>
				<div class="member-list-add">
					<a href="#" class="action-addToList action-list-add">Add to another list <span class="accessibility">Coles Australian Salted Peanuts Prepacked 400g</span></a>
				</div>
			
			<div class="member-list-remove">
				 <a href="#" class="action-removeFromList">Remove from list <span class="accessibility">Coles Australian Salted Peanuts Prepacked 400g</span></a> 
			</div>
			
				<div class="compareProd" role="presentation" aria-hidden="true">
					<a href="#" class="compare compare-add">Compare</a>
				</div>
			
				<a href="http://shop.coles.com.au/online/national/coles-australian-salted-peanuts-prepacked-2099279p" class="product-url accessibility">More details for Coles&nbsp;Australian Salted Peanuts Prepacked</a>
			
		</div>  
      

       	
		    <div role="presentation" aria-hidden="true" id="share" class="share" data-social="{productImgUrl:'http://shop.coles.com.au:27900/wcsstore/Coles-CAS/images/2/0/9/2099279-th.jpg'
	                                               ,productDisplayUrl:'http://shop.coles.com.au/online/national/coles-australian-salted-peanuts-prepacked-2099279p'
	                                               ,title:'Coles Australian Salted Peanuts Prepacked '
	                                               ,description:''}">
		 	</div>
 		
	</div>
</div>


	</form>
</div>


<span class="available hidden"></span>


<div class="outer-prod prodtile" data-refresh="{
					catalogId: &quot;10576&quot;,
					doInventory: &quot;N&quot;,
					fulfillmentCenterId: &quot;11576&quot;,
					forStoreId: &quot;10401&quot;,
					
					productDisplayURL: &quot;http://shop.coles.com.au/online/national/potatoes-sweet-hawaiian-loose&quot;				
			}">
	<form id="catEntryForm_19392" name="catEntryForm_19392" action="AjaxOrderChangeServiceItemAdd">
		
<div class=" " data-catentry="catEntry_19392" data-refresh="{
				addCalculationUsage: &quot;-1&quot;,
				langId: &quot;-1&quot;,
				storeId: &quot;10601&quot;, 
				catEntryId: &quot;19392&quot;, 
				catEntryName: &quot;Hawaiian Sweet Potatoes&quot;, 
				productView: &quot;list&quot;,
				productId: &quot;19392&quot;,
				itemId: &quot;31000&quot;,
				hideMultibuy: &quot;false&quot;,
                ticketType: &quot;&quot;,
                partNumber: &quot;7795630&quot;,
                offerCode: &quot;20140510&quot;
		}">
   	<div class="wrapper clearfix">   	
		

<h4 class="accessibility" id="heading_19392" tabindex="-1">
		Coles Fresh&nbsp;Hawaiian Sweet Potatoes&nbsp;
		1 each&nbsp;
		 
</h4> 

<div class="offer-icon"></div>
<a role="presentation" aria-hidden="true" class="product-url" href="http://shop.coles.com.au/online/national/potatoes-sweet-hawaiian-loose">
	    <img role="presentation" aria-hidden="true" class="photo" src="/wcsstore/Coles-CAS/images/7/7/9/7795630-th.jpg" onerror="this.src='/wcsstore/ColesStorefrontAssetStore/dist/e0a775baf05f/images/spacer.gif'" alt="Hawaiian Sweet Potatoes" width="110" height="110">
	</a>

<div class="detail">	
    <span role="presentation" aria-hidden="true" class="brand">Coles Fresh</span>
    <span class="item" role="presentation" aria-hidden="true">
        <a role="presentation" aria-hidden="true" class="product-url" href="http://shop.coles.com.au/online/national/potatoes-sweet-hawaiian-loose">
        	Hawaiian Sweet Potatoes&nbsp;
        	1 each
        </a>
    </span>
	<span class="size">
		Each potato approx. 300g; Product of Australia.	
 	</span>
</div>


	<div class="purchasing">	    
	    <div class="saving">
	    	
	    </div>
	   	
	    		<div class="price"><span class="accessibility">Purchase price </span><small>$</small>2.09</div>
	    	
	    <div class="unit-price"><span class="accessibility">Unit price </span>$6.98 per 1Kg</div>
	    <div class="special-offer">	    	
	    	
	    </div> 
	    <div class="availability">Temporarily unavailable</div>
	    <div class="purchase">
		
			<input type="number" title="Add Quantity for Coles Fresh Hawaiian Sweet Potatoes 1 each" name="quantity" id="catEntry_19392_qty" value="1" maxlength="2" size="2" class="v-mandatory v-numeric v-minval-1">
	        <button role="button" type="submit" title="Add to trolley&nbsp;Coles Fresh Hawaiian Sweet Potatoes 1 each" class="btn-red action-addToTrolley"><span role="presentation" aria-hidden="true">Add to trolley</span></button>
		
		</div>
	</div>
	<div class="lists">
		
	</div>


	    <div class="actions">
	        			
			   <div class="MUItemForTrolleyDiv MUItemForTrolley_31000" data-catentry="31000">
		         <div class="MUul_31000"><div class="MUli_31000 hidden" aria-hidden="true"><span class="inTrolley"><span class="MUSpan_31000">0</span> in trolley</span></div></div>
		       </div>
		        <p class="clear"></p>
			 
			<div class="member-usuals-remove">
				<a href="#" class="action-removeFromUsuals usuals-remove">Remove from list <span class="accessibility">Coles Fresh Hawaiian Sweet Potatoes 1 each</span></a>			
			</div>
			
				<div class="list">
					<a href="#" class="action-addToList action-list-add">Add to list <span class="accessibility">Coles Fresh Hawaiian Sweet Potatoes 1 each</span></a> 
				</div>
				<div class="member-list-add">
					<a href="#" class="action-addToList action-list-add">Add to another list <span class="accessibility">Coles Fresh Hawaiian Sweet Potatoes 1 each</span></a>
				</div>
			
			<div class="member-list-remove">
				 <a href="#" class="action-removeFromList">Remove from list <span class="accessibility">Coles Fresh Hawaiian Sweet Potatoes 1 each</span></a> 
			</div>
			
				<div class="compareProd" role="presentation" aria-hidden="true">
					<a href="#" class="compare compare-add">Compare</a>
				</div>
			
				<a href="http://shop.coles.com.au/online/national/potatoes-sweet-hawaiian-loose" class="product-url accessibility">More details for Coles Fresh&nbsp;Hawaiian Sweet Potatoes</a>
			
		</div>  
      

       	
		    <div role="presentation" aria-hidden="true" id="share" class="share" data-social="{productImgUrl:'http://shop.coles.com.au:27900/wcsstore/Coles-CAS/images/7/7/9/7795630-th.jpg'
	                                               ,productDisplayUrl:'http://shop.coles.com.au/online/national/potatoes-sweet-hawaiian-loose'
	                                               ,title:'Coles Fresh Hawaiian Sweet Potatoes Each potato approx. 300g; Product of Australia.'
	                                               ,description:''}">
		 	</div>
 		
	</div>
</div>


	</form>
</div>


<span class="available hidden"></span>


<div class="outer-prod prodtile" data-refresh="{
					catalogId: &quot;10576&quot;,
					doInventory: &quot;N&quot;,
					fulfillmentCenterId: &quot;11576&quot;,
					forStoreId: &quot;10401&quot;,
					
					productDisplayURL: &quot;http://shop.coles.com.au/online/national/pumpkin-kent--whole&quot;				
			}">
	<form id="catEntryForm_19757" name="catEntryForm_19757" action="AjaxOrderChangeServiceItemAdd">
		
<div class=" " data-catentry="catEntry_19757" data-refresh="{
				addCalculationUsage: &quot;-1&quot;,
				langId: &quot;-1&quot;,
				storeId: &quot;10601&quot;, 
				catEntryId: &quot;19757&quot;, 
				catEntryName: &quot;Kent Pumpkin Whole&quot;, 
				productView: &quot;list&quot;,
				productId: &quot;19757&quot;,
				itemId: &quot;37577&quot;,
				hideMultibuy: &quot;false&quot;,
                ticketType: &quot;&quot;,
                partNumber: &quot;4183558&quot;,
                offerCode: &quot;20150113&quot;
		}">
   	<div class="wrapper clearfix">   	
		

<h4 class="accessibility" id="heading_19757" tabindex="-1">
		Coles Fresh&nbsp;Kent Pumpkin Whole&nbsp;
		1 each&nbsp;
		 
</h4> 

<div class="offer-icon"></div>
<a role="presentation" aria-hidden="true" class="product-url" href="http://shop.coles.com.au/online/national/pumpkin-kent--whole">
	    <img role="presentation" aria-hidden="true" class="photo" src="/wcsstore/Coles-CAS/images/4/1/8/4183558-th.jpg" onerror="this.src='/wcsstore/ColesStorefrontAssetStore/dist/e0a775baf05f/images/spacer.gif'" alt="Kent Pumpkin Whole" width="110" height="110">
	</a>

<div class="detail">	
    <span role="presentation" aria-hidden="true" class="brand">Coles Fresh</span>
    <span class="item" role="presentation" aria-hidden="true">
        <a role="presentation" aria-hidden="true" class="product-url" href="http://shop.coles.com.au/online/national/pumpkin-kent--whole">
        	Kent Pumpkin Whole&nbsp;
        	1 each
        </a>
    </span>
	<span class="size">
		Each whole pumpkin approx. 4.3kg; Product of Australia.	
 	</span>
</div>


	<div class="purchasing">	    
	    <div class="saving">
	    	
	    </div>
	   	
	    		<div class="price"><span class="accessibility">Purchase price </span><small>$</small>14.96</div>
	    	
	    <div class="unit-price"><span class="accessibility">Unit price </span>$3.48 per 1Kg</div>
	    <div class="special-offer">	    	
	    	
	    </div> 
	    <div class="availability">Temporarily unavailable</div>
	    <div class="purchase">
		
			<input type="number" title="Add Quantity for Coles Fresh Kent Pumpkin Whole 1 each" name="quantity" id="catEntry_19757_qty" value="1" maxlength="2" size="2" class="v-mandatory v-numeric v-minval-1">
	        <button role="button" type="submit" title="Add to trolley&nbsp;Coles Fresh Kent Pumpkin Whole 1 each" class="btn-red action-addToTrolley"><span role="presentation" aria-hidden="true">Add to trolley</span></button>
		
		</div>
	</div>
	<div class="lists">
		
	</div>


	    <div class="actions">
	        			
			   <div class="MUItemForTrolleyDiv MUItemForTrolley_37577" data-catentry="37577">
		         <div class="MUul_37577"><div class="MUli_37577 hidden" aria-hidden="true"><span class="inTrolley"><span class="MUSpan_37577">0</span> in trolley</span></div></div>
		       </div>
		        <p class="clear"></p>
			 
			<div class="member-usuals-remove">
				<a href="#" class="action-removeFromUsuals usuals-remove">Remove from list <span class="accessibility">Coles Fresh Kent Pumpkin Whole 1 each</span></a>			
			</div>
			
				<div class="list">
					<a href="#" class="action-addToList action-list-add">Add to list <span class="accessibility">Coles Fresh Kent Pumpkin Whole 1 each</span></a> 
				</div>
				<div class="member-list-add">
					<a href="#" class="action-addToList action-list-add">Add to another list <span class="accessibility">Coles Fresh Kent Pumpkin Whole 1 each</span></a>
				</div>
			
			<div class="member-list-remove">
				 <a href="#" class="action-removeFromList">Remove from list <span class="accessibility">Coles Fresh Kent Pumpkin Whole 1 each</span></a> 
			</div>
			
				<div class="compareProd" role="presentation" aria-hidden="true">
					<a href="#" class="compare compare-add">Compare</a>
				</div>
			
				<a href="http://shop.coles.com.au/online/national/pumpkin-kent--whole" class="product-url accessibility">More details for Coles Fresh&nbsp;Kent Pumpkin Whole</a>
			
		</div>  
      

       	
		    <div role="presentation" aria-hidden="true" id="share" class="share" data-social="{productImgUrl:'http://shop.coles.com.au:27900/wcsstore/Coles-CAS/images/4/1/8/4183558-th.jpg'
	                                               ,productDisplayUrl:'http://shop.coles.com.au/online/national/pumpkin-kent--whole'
	                                               ,title:'Coles Fresh Kent Pumpkin Whole Each whole pumpkin approx. 4.3kg; Product of Australia.'
	                                               ,description:''}">
		 	</div>
 		
	</div>
</div>


	</form>
</div>


<span class="available hidden"></span>


<div class="outer-prod prodtile" data-refresh="{
					catalogId: &quot;10576&quot;,
					doInventory: &quot;N&quot;,
					fulfillmentCenterId: &quot;11576&quot;,
					forStoreId: &quot;10401&quot;,
					
					productDisplayURL: &quot;http://shop.coles.com.au/online/national/corn-bi-colour&quot;				
			}">
	<form id="catEntryForm_22679" name="catEntryForm_22679" action="AjaxOrderChangeServiceItemAdd">
		
<div class=" " data-catentry="catEntry_22679" data-refresh="{
				addCalculationUsage: &quot;-1&quot;,
				langId: &quot;-1&quot;,
				storeId: &quot;10601&quot;, 
				catEntryId: &quot;22679&quot;, 
				catEntryName: &quot;Bi-Colour Corn&quot;, 
				productView: &quot;list&quot;,
				productId: &quot;22679&quot;,
				itemId: &quot;43690&quot;,
				hideMultibuy: &quot;false&quot;,
                ticketType: &quot;&quot;,
                partNumber: &quot;1148743&quot;,
                offerCode: &quot;20150131&quot;
		}">
   	<div class="wrapper clearfix">   	
		

<h4 class="accessibility" id="heading_22679" tabindex="-1">
		Coles Fresh&nbsp;Bi-Colour Corn&nbsp;
		4 pack&nbsp;
		 
</h4> 

<div class="offer-icon"></div>
<a role="presentation" aria-hidden="true" class="product-url" href="http://shop.coles.com.au/online/national/corn-bi-colour">
	    <img role="presentation" aria-hidden="true" class="photo" src="/wcsstore/Coles-CAS/images/1/1/4/1148743-th.jpg" onerror="this.src='/wcsstore/ColesStorefrontAssetStore/dist/e0a775baf05f/images/spacer.gif'" alt="Bi-Colour Corn" width="110" height="110">
	</a>

<div class="detail">	
    <span role="presentation" aria-hidden="true" class="brand">Coles Fresh</span>
    <span class="item" role="presentation" aria-hidden="true">
        <a role="presentation" aria-hidden="true" class="product-url" href="http://shop.coles.com.au/online/national/corn-bi-colour">
        	Bi-Colour Corn&nbsp;
        	4 pack
        </a>
    </span>
	<span class="size">
		Product of Australia.	
 	</span>
</div>


	<div class="purchasing">	    
	    <div class="saving">
	    	
	    </div>
	   	
	    		<div class="price"><span class="accessibility">Purchase price </span><small>$</small>3.98</div>
	    	
	    <div class="unit-price"><span class="accessibility">Unit price </span>$1.00 per 1Ea</div>
	    <div class="special-offer">	    	
	    	
	    </div> 
	    <div class="availability">Temporarily unavailable</div>
	    <div class="purchase">
		
			<input type="number" title="Add Quantity for Coles Fresh Bi-Colour Corn 4 pack" name="quantity" id="catEntry_22679_qty" value="1" maxlength="2" size="2" class="v-mandatory v-numeric v-minval-1">
	        <button role="button" type="submit" title="Add to trolley&nbsp;Coles Fresh Bi-Colour Corn 4 pack" class="btn-red action-addToTrolley"><span role="presentation" aria-hidden="true">Add to trolley</span></button>
		
		</div>
	</div>
	<div class="lists">
		
	</div>


	    <div class="actions">
	        			
			   <div class="MUItemForTrolleyDiv MUItemForTrolley_43690" data-catentry="43690">
		         <div class="MUul_43690"><div class="MUli_43690 hidden" aria-hidden="true"><span class="inTrolley"><span class="MUSpan_43690">0</span> in trolley</span></div></div>
		       </div>
		        <p class="clear"></p>
			 
			<div class="member-usuals-remove">
				<a href="#" class="action-removeFromUsuals usuals-remove">Remove from list <span class="accessibility">Coles Fresh Bi-Colour Corn 4 pack</span></a>			
			</div>
			
				<div class="list">
					<a href="#" class="action-addToList action-list-add">Add to list <span class="accessibility">Coles Fresh Bi-Colour Corn 4 pack</span></a> 
				</div>
				<div class="member-list-add">
					<a href="#" class="action-addToList action-list-add">Add to another list <span class="accessibility">Coles Fresh Bi-Colour Corn 4 pack</span></a>
				</div>
			
			<div class="member-list-remove">
				 <a href="#" class="action-removeFromList">Remove from list <span class="accessibility">Coles Fresh Bi-Colour Corn 4 pack</span></a> 
			</div>
			
				<div class="compareProd" role="presentation" aria-hidden="true">
					<a href="#" class="compare compare-add">Compare</a>
				</div>
			
				<a href="http://shop.coles.com.au/online/national/corn-bi-colour" class="product-url accessibility">More details for Coles Fresh&nbsp;Bi-Colour Corn</a>
			
		</div>  
      

       	
		    <div role="presentation" aria-hidden="true" id="share" class="share" data-social="{productImgUrl:'http://shop.coles.com.au:27900/wcsstore/Coles-CAS/images/1/1/4/1148743-th.jpg'
	                                               ,productDisplayUrl:'http://shop.coles.com.au/online/national/corn-bi-colour'
	                                               ,title:'Coles Fresh Bi-Colour Corn Product of Australia.'
	                                               ,description:''}">
		 	</div>
 		
	</div>
</div>


	</form>
</div>


<span class="available hidden"></span>


<div class="outer-prod prodtile" data-refresh="{
					catalogId: &quot;10576&quot;,
					doInventory: &quot;N&quot;,
					fulfillmentCenterId: &quot;11576&quot;,
					forStoreId: &quot;10401&quot;,
					
					productDisplayURL: &quot;http://shop.coles.com.au/online/national/carrots-purple-prepacked&quot;				
			}">
	<form id="catEntryForm_48725" name="catEntryForm_48725" action="AjaxOrderChangeServiceItemAdd">
		
<div class=" " data-catentry="catEntry_48725" data-refresh="{
				addCalculationUsage: &quot;-1&quot;,
				langId: &quot;-1&quot;,
				storeId: &quot;10601&quot;, 
				catEntryId: &quot;48725&quot;, 
				catEntryName: &quot;Purple Carrots Prepacked&quot;, 
				productView: &quot;list&quot;,
				productId: &quot;48725&quot;,
				itemId: &quot;160491&quot;,
				hideMultibuy: &quot;false&quot;,
                ticketType: &quot;&quot;,
                partNumber: &quot;9018005&quot;,
                offerCode: &quot;20150130&quot;
		}">
   	<div class="wrapper clearfix">   	
		

<h4 class="accessibility" id="heading_48725" tabindex="-1">
		Coles Fresh&nbsp;Purple Carrots Prepacked&nbsp;
		500g&nbsp;
		 
</h4> 

<div class="offer-icon"></div>
<a role="presentation" aria-hidden="true" class="product-url" href="http://shop.coles.com.au/online/national/carrots-purple-prepacked">
	    <img role="presentation" aria-hidden="true" class="photo" src="/wcsstore/Coles-CAS/images/9/0/1/9018005-th.jpg" onerror="this.src='/wcsstore/ColesStorefrontAssetStore/dist/e0a775baf05f/images/spacer.gif'" alt="Purple Carrots Prepacked" width="110" height="110">
	</a>

<div class="detail">	
    <span role="presentation" aria-hidden="true" class="brand">Coles Fresh</span>
    <span class="item" role="presentation" aria-hidden="true">
        <a role="presentation" aria-hidden="true" class="product-url" href="http://shop.coles.com.au/online/national/carrots-purple-prepacked">
        	Purple Carrots Prepacked&nbsp;
        	500g
        </a>
    </span>
	<span class="size">
		Product of Australia.	
 	</span>
</div>


	<div class="purchasing">	    
	    <div class="saving">
	    	
	    </div>
	   	
	    		<div class="price"><span class="accessibility">Purchase price </span><small>$</small>2.48</div>
	    	
	    <div class="unit-price"><span class="accessibility">Unit price </span>$4.96 per 1Kg</div>
	    <div class="special-offer">	    	
	    	
	    </div> 
	    <div class="availability">Temporarily unavailable</div>
	    <div class="purchase">
		
			<input type="number" title="Add Quantity for Coles Fresh Purple Carrots Prepacked 500g" name="quantity" id="catEntry_48725_qty" value="1" maxlength="2" size="2" class="v-mandatory v-numeric v-minval-1">
	        <button role="button" type="submit" title="Add to trolley&nbsp;Coles Fresh Purple Carrots Prepacked 500g" class="btn-red action-addToTrolley"><span role="presentation" aria-hidden="true">Add to trolley</span></button>
		
		</div>
	</div>
	<div class="lists">
		
	</div>


	    <div class="actions">
	        			
			   <div class="MUItemForTrolleyDiv MUItemForTrolley_160491" data-catentry="160491">
		         <div class="MUul_160491"><div class="MUli_160491 hidden" aria-hidden="true"><span class="inTrolley"><span class="MUSpan_160491">0</span> in trolley</span></div></div>
		       </div>
		        <p class="clear"></p>
			 
			<div class="member-usuals-remove">
				<a href="#" class="action-removeFromUsuals usuals-remove">Remove from list <span class="accessibility">Coles Fresh Purple Carrots Prepacked 500g</span></a>			
			</div>
			
				<div class="list">
					<a href="#" class="action-addToList action-list-add">Add to list <span class="accessibility">Coles Fresh Purple Carrots Prepacked 500g</span></a> 
				</div>
				<div class="member-list-add">
					<a href="#" class="action-addToList action-list-add">Add to another list <span class="accessibility">Coles Fresh Purple Carrots Prepacked 500g</span></a>
				</div>
			
			<div class="member-list-remove">
				 <a href="#" class="action-removeFromList">Remove from list <span class="accessibility">Coles Fresh Purple Carrots Prepacked 500g</span></a> 
			</div>
			
				<div class="compareProd" role="presentation" aria-hidden="true">
					<a href="#" class="compare compare-add">Compare</a>
				</div>
			
				<a href="http://shop.coles.com.au/online/national/carrots-purple-prepacked" class="product-url accessibility">More details for Coles Fresh&nbsp;Purple Carrots Prepacked</a>
			
		</div>  
      

       	
		    <div role="presentation" aria-hidden="true" id="share" class="share" data-social="{productImgUrl:'http://shop.coles.com.au:27900/wcsstore/Coles-CAS/images/9/0/1/9018005-th.jpg'
	                                               ,productDisplayUrl:'http://shop.coles.com.au/online/national/carrots-purple-prepacked'
	                                               ,title:'Coles Fresh Purple Carrots Prepacked Product of Australia.'
	                                               ,description:''}">
		 	</div>
 		
	</div>
</div>


	</form>
</div>


<span class="available hidden"></span>


<div class="outer-prod prodtile" data-refresh="{
					catalogId: &quot;10576&quot;,
					doInventory: &quot;N&quot;,
					fulfillmentCenterId: &quot;11576&quot;,
					forStoreId: &quot;10401&quot;,
					
					productDisplayURL: &quot;http://shop.coles.com.au/online/national/coles-fresh-mushrooms---exotic-shiitake-prepacked&quot;				
			}">
	<form id="catEntryForm_75480" name="catEntryForm_75480" action="AjaxOrderChangeServiceItemAdd">
		
<div class=" " data-catentry="catEntry_75480" data-refresh="{
				addCalculationUsage: &quot;-1&quot;,
				langId: &quot;-1&quot;,
				storeId: &quot;10601&quot;, 
				catEntryId: &quot;75480&quot;, 
				catEntryName: &quot;Exotic Shiitake Mushrooms Prepacked&quot;, 
				productView: &quot;list&quot;,
				productId: &quot;75480&quot;,
				itemId: &quot;138764&quot;,
				hideMultibuy: &quot;false&quot;,
                ticketType: &quot;&quot;,
                partNumber: &quot;5431305&quot;,
                offerCode: &quot;20141030&quot;
		}">
   	<div class="wrapper clearfix">   	
		

<h4 class="accessibility" id="heading_75480" tabindex="-1">
		Coles Fresh&nbsp;Exotic Shiitake Mushrooms Prepacked&nbsp;
		100g&nbsp;
		 
</h4> 

<div class="offer-icon"></div>
<a role="presentation" aria-hidden="true" class="product-url" href="http://shop.coles.com.au/online/national/coles-fresh-mushrooms---exotic-shiitake-prepacked">
	    <img role="presentation" aria-hidden="true" class="photo" src="/wcsstore/Coles-CAS/images/5/4/3/5431305-th.jpg" onerror="this.src='/wcsstore/ColesStorefrontAssetStore/dist/e0a775baf05f/images/spacer.gif'" alt="Exotic Shiitake Mushrooms Prepacked" width="110" height="110">
	</a>

<div class="detail">	
    <span role="presentation" aria-hidden="true" class="brand">Coles Fresh</span>
    <span class="item" role="presentation" aria-hidden="true">
        <a role="presentation" aria-hidden="true" class="product-url" href="http://shop.coles.com.au/online/national/coles-fresh-mushrooms---exotic-shiitake-prepacked">
        	Exotic Shiitake Mushrooms Prepacked&nbsp;
        	100g
        </a>
    </span>
	<span class="size">
		Product of Australia.	
 	</span>
</div>


	<div class="purchasing">	    
	    <div class="saving">
	    	
	    </div>
	   	
	    		<div class="price"><span class="accessibility">Purchase price </span><small>$</small>4.98</div>
	    	
	    <div class="unit-price"><span class="accessibility">Unit price </span>$49.80 per 1Kg</div>
	    <div class="special-offer">	    	
	    	
	    </div> 
	    <div class="availability">Temporarily unavailable</div>
	    <div class="purchase">
		
			<input type="number" title="Add Quantity for Coles Fresh Exotic Shiitake Mushrooms Prepacked 100g" name="quantity" id="catEntry_75480_qty" value="1" maxlength="2" size="2" class="v-mandatory v-numeric v-minval-1">
	        <button role="button" type="submit" title="Add to trolley&nbsp;Coles Fresh Exotic Shiitake Mushrooms Prepacked 100g" class="btn-red action-addToTrolley"><span role="presentation" aria-hidden="true">Add to trolley</span></button>
		
		</div>
	</div>
	<div class="lists">
		
	</div>


	    <div class="actions">
	        			
			   <div class="MUItemForTrolleyDiv MUItemForTrolley_138764" data-catentry="138764">
		         <div class="MUul_138764"><div class="MUli_138764 hidden" aria-hidden="true"><span class="inTrolley"><span class="MUSpan_138764">0</span> in trolley</span></div></div>
		       </div>
		        <p class="clear"></p>
			 
			<div class="member-usuals-remove">
				<a href="#" class="action-removeFromUsuals usuals-remove">Remove from list <span class="accessibility">Coles Fresh Exotic Shiitake Mushrooms Prepacked 100g</span></a>			
			</div>
			
				<div class="list">
					<a href="#" class="action-addToList action-list-add">Add to list <span class="accessibility">Coles Fresh Exotic Shiitake Mushrooms Prepacked 100g</span></a> 
				</div>
				<div class="member-list-add">
					<a href="#" class="action-addToList action-list-add">Add to another list <span class="accessibility">Coles Fresh Exotic Shiitake Mushrooms Prepacked 100g</span></a>
				</div>
			
			<div class="member-list-remove">
				 <a href="#" class="action-removeFromList">Remove from list <span class="accessibility">Coles Fresh Exotic Shiitake Mushrooms Prepacked 100g</span></a> 
			</div>
			
				<div class="compareProd" role="presentation" aria-hidden="true">
					<a href="#" class="compare compare-add">Compare</a>
				</div>
			
				<a href="http://shop.coles.com.au/online/national/coles-fresh-mushrooms---exotic-shiitake-prepacked" class="product-url accessibility">More details for Coles Fresh&nbsp;Exotic Shiitake Mushrooms Prepacked</a>
			
		</div>  
      

       	
		    <div role="presentation" aria-hidden="true" id="share" class="share" data-social="{productImgUrl:'http://shop.coles.com.au:27900/wcsstore/Coles-CAS/images/5/4/3/5431305-th.jpg'
	                                               ,productDisplayUrl:'http://shop.coles.com.au/online/national/coles-fresh-mushrooms---exotic-shiitake-prepacked'
	                                               ,title:'Coles Fresh Exotic Shiitake Mushrooms Prepacked Product of Australia.'
	                                               ,description:'COLES MUSHROOM SHIITAKE 100g'}">
		 	</div>
 		
	</div>
</div>


	</form>
</div>


<span class="available hidden"></span>


<div class="outer-prod prodtile" data-refresh="{
					catalogId: &quot;10576&quot;,
					doInventory: &quot;N&quot;,
					fulfillmentCenterId: &quot;11576&quot;,
					forStoreId: &quot;10401&quot;,
					
					productDisplayURL: &quot;http://shop.coles.com.au/online/national/coles-fresh-mushrooms---exotic-oyster-prepacked&quot;				
			}">
	<form id="catEntryForm_78589" name="catEntryForm_78589" action="AjaxOrderChangeServiceItemAdd">
		
<div class=" " data-catentry="catEntry_78589" data-refresh="{
				addCalculationUsage: &quot;-1&quot;,
				langId: &quot;-1&quot;,
				storeId: &quot;10601&quot;, 
				catEntryId: &quot;78589&quot;, 
				catEntryName: &quot;Exotic Oyster Mushrooms Prepacked&quot;, 
				productView: &quot;list&quot;,
				productId: &quot;78589&quot;,
				itemId: &quot;140591&quot;,
				hideMultibuy: &quot;false&quot;,
                ticketType: &quot;&quot;,
                partNumber: &quot;5429358&quot;,
                offerCode: &quot;20141030&quot;
		}">
   	<div class="wrapper clearfix">   	
		

<h4 class="accessibility" id="heading_78589" tabindex="-1">
		Coles Fresh&nbsp;Exotic Oyster Mushrooms Prepacked&nbsp;
		150g&nbsp;
		 
</h4> 

<div class="offer-icon"></div>
<a role="presentation" aria-hidden="true" class="product-url" href="http://shop.coles.com.au/online/national/coles-fresh-mushrooms---exotic-oyster-prepacked">
	    <img role="presentation" aria-hidden="true" class="photo" src="/wcsstore/Coles-CAS/images/5/4/2/5429358-th.jpg" onerror="this.src='/wcsstore/ColesStorefrontAssetStore/dist/e0a775baf05f/images/spacer.gif'" alt="Exotic Oyster Mushrooms Prepacked" width="110" height="110">
	</a>

<div class="detail">	
    <span role="presentation" aria-hidden="true" class="brand">Coles Fresh</span>
    <span class="item" role="presentation" aria-hidden="true">
        <a role="presentation" aria-hidden="true" class="product-url" href="http://shop.coles.com.au/online/national/coles-fresh-mushrooms---exotic-oyster-prepacked">
        	Exotic Oyster Mushrooms Prepacked&nbsp;
        	150g
        </a>
    </span>
	<span class="size">
		Product of Australia.	
 	</span>
</div>


	<div class="purchasing">	    
	    <div class="saving">
	    	
	    </div>
	   	
	    		<div class="price"><span class="accessibility">Purchase price </span><small>$</small>5.68</div>
	    	
	    <div class="unit-price"><span class="accessibility">Unit price </span>$37.87 per 1Kg</div>
	    <div class="special-offer">	    	
	    	
	    </div> 
	    <div class="availability">Temporarily unavailable</div>
	    <div class="purchase">
		
			<input type="number" title="Add Quantity for Coles Fresh Exotic Oyster Mushrooms Prepacked 150g" name="quantity" id="catEntry_78589_qty" value="1" maxlength="2" size="2" class="v-mandatory v-numeric v-minval-1">
	        <button role="button" type="submit" title="Add to trolley&nbsp;Coles Fresh Exotic Oyster Mushrooms Prepacked 150g" class="btn-red action-addToTrolley"><span role="presentation" aria-hidden="true">Add to trolley</span></button>
		
		</div>
	</div>
	<div class="lists">
		
	</div>


	    <div class="actions">
	        			
			   <div class="MUItemForTrolleyDiv MUItemForTrolley_140591" data-catentry="140591">
		         <div class="MUul_140591"><div class="MUli_140591 hidden" aria-hidden="true"><span class="inTrolley"><span class="MUSpan_140591">0</span> in trolley</span></div></div>
		       </div>
		        <p class="clear"></p>
			 
			<div class="member-usuals-remove">
				<a href="#" class="action-removeFromUsuals usuals-remove">Remove from list <span class="accessibility">Coles Fresh Exotic Oyster Mushrooms Prepacked 150g</span></a>			
			</div>
			
				<div class="list">
					<a href="#" class="action-addToList action-list-add">Add to list <span class="accessibility">Coles Fresh Exotic Oyster Mushrooms Prepacked 150g</span></a> 
				</div>
				<div class="member-list-add">
					<a href="#" class="action-addToList action-list-add">Add to another list <span class="accessibility">Coles Fresh Exotic Oyster Mushrooms Prepacked 150g</span></a>
				</div>
			
			<div class="member-list-remove">
				 <a href="#" class="action-removeFromList">Remove from list <span class="accessibility">Coles Fresh Exotic Oyster Mushrooms Prepacked 150g</span></a> 
			</div>
			
				<div class="compareProd" role="presentation" aria-hidden="true">
					<a href="#" class="compare compare-add">Compare</a>
				</div>
			
				<a href="http://shop.coles.com.au/online/national/coles-fresh-mushrooms---exotic-oyster-prepacked" class="product-url accessibility">More details for Coles Fresh&nbsp;Exotic Oyster Mushrooms Prepacked</a>
			
		</div>  
      

       	
		    <div role="presentation" aria-hidden="true" id="share" class="share" data-social="{productImgUrl:'http://shop.coles.com.au:27900/wcsstore/Coles-CAS/images/5/4/2/5429358-th.jpg'
	                                               ,productDisplayUrl:'http://shop.coles.com.au/online/national/coles-fresh-mushrooms---exotic-oyster-prepacked'
	                                               ,title:'Coles Fresh Exotic Oyster Mushrooms Prepacked Product of Australia.'
	                                               ,description:'COLES MUSHROOM OYSTER 150g'}">
		 	</div>
 		
	</div>
</div>


	</form>
</div>


<span class="available hidden"></span>


<div class="outer-prod prodtile" data-refresh="{
					catalogId: &quot;10576&quot;,
					doInventory: &quot;N&quot;,
					fulfillmentCenterId: &quot;11576&quot;,
					forStoreId: &quot;10401&quot;,
					
					productDisplayURL: &quot;http://shop.coles.com.au/online/national/herbs-parsley-sleeved&quot;				
			}">
	<form id="catEntryForm_81464" name="catEntryForm_81464" action="AjaxOrderChangeServiceItemAdd">
		
<div class=" " data-catentry="catEntry_81464" data-refresh="{
				addCalculationUsage: &quot;-1&quot;,
				langId: &quot;-1&quot;,
				storeId: &quot;10601&quot;, 
				catEntryId: &quot;81464&quot;, 
				catEntryName: &quot;Parsley Sleeved&quot;, 
				productView: &quot;list&quot;,
				productId: &quot;81464&quot;,
				itemId: &quot;145878&quot;,
				hideMultibuy: &quot;false&quot;,
                ticketType: &quot;&quot;,
                partNumber: &quot;4575569&quot;,
                offerCode: &quot;&quot;
		}">
   	<div class="wrapper clearfix">   	
		

<h4 class="accessibility" id="heading_81464" tabindex="-1">
		Coles Fresh&nbsp;Parsley Sleeved&nbsp;
		1 bunch&nbsp;
		 
</h4> 

<div class="offer-icon"></div>
<a role="presentation" aria-hidden="true" class="product-url" href="http://shop.coles.com.au/online/national/herbs-parsley-sleeved">
	    <img role="presentation" aria-hidden="true" class="photo" src="/wcsstore/Coles-CAS/images/4/5/7/4575569-th.jpg" onerror="this.src='/wcsstore/ColesStorefrontAssetStore/dist/e0a775baf05f/images/spacer.gif'" alt="Parsley Sleeved" width="110" height="110">
	</a>

<div class="detail">	
    <span role="presentation" aria-hidden="true" class="brand">Coles Fresh</span>
    <span class="item" role="presentation" aria-hidden="true">
        <a role="presentation" aria-hidden="true" class="product-url" href="http://shop.coles.com.au/online/national/herbs-parsley-sleeved">
        	Parsley Sleeved&nbsp;
        	1 bunch
        </a>
    </span>
	<span class="size">
		Product of Australia.	
 	</span>
</div>


	<div class="purchasing">	    
	    <div class="saving">
	    	
	    </div>
	   	
	    		<div class="price no-price">Price unavailable</div>
	    	
	    <div class="unit-price"><span class="accessibility">Unit price </span>$0.00 per 1Ea</div>
	    <div class="special-offer">	    	
	    	
	    </div> 
	    <div class="availability">Temporarily unavailable</div>
	    <div class="purchase">
		
		</div>
	</div>
	<div class="lists">
		
	</div>


	    <div class="actions">
	         
			<div class="member-usuals-remove">
				<a href="#" class="action-removeFromUsuals usuals-remove">Remove from list <span class="accessibility">Coles Fresh Parsley Sleeved 1 bunch</span></a>			
			</div>
			
			<div class="member-list-remove">
				 <a href="#" class="action-removeFromList">Remove from list <span class="accessibility">Coles Fresh Parsley Sleeved 1 bunch</span></a> 
			</div>
			
				<a href="http://shop.coles.com.au/online/national/herbs-parsley-sleeved" class="product-url accessibility">More details for Coles Fresh&nbsp;Parsley Sleeved</a>
			
		</div>  
      

       	
		    <div role="presentation" aria-hidden="true" id="share" class="share" data-social="{productImgUrl:'http://shop.coles.com.au:27900/wcsstore/Coles-CAS/images/4/5/7/4575569-th.jpg'
	                                               ,productDisplayUrl:'http://shop.coles.com.au/online/national/herbs-parsley-sleeved'
	                                               ,title:'Coles Fresh Parsley Sleeved Product of Australia.'
	                                               ,description:''}">
		 	</div>
 		
	</div>
</div>


	</form>
</div>


<span class="available hidden"></span>


<div class="outer-prod prodtile" data-refresh="{
					catalogId: &quot;10576&quot;,
					doInventory: &quot;N&quot;,
					fulfillmentCenterId: &quot;11576&quot;,
					forStoreId: &quot;10401&quot;,
					
					productDisplayURL: &quot;http://shop.coles.com.au/online/national/herbs-parsley-continental-sleeved&quot;				
			}">
	<form id="catEntryForm_82770" name="catEntryForm_82770" action="AjaxOrderChangeServiceItemAdd">
		
<div class=" " data-catentry="catEntry_82770" data-refresh="{
				addCalculationUsage: &quot;-1&quot;,
				langId: &quot;-1&quot;,
				storeId: &quot;10601&quot;, 
				catEntryId: &quot;82770&quot;, 
				catEntryName: &quot;Continental Parsley Sleeved&quot;, 
				productView: &quot;list&quot;,
				productId: &quot;82770&quot;,
				itemId: &quot;142791&quot;,
				hideMultibuy: &quot;false&quot;,
                ticketType: &quot;&quot;,
                partNumber: &quot;4575161&quot;,
                offerCode: &quot;&quot;
		}">
   	<div class="wrapper clearfix">   	
		

<h4 class="accessibility" id="heading_82770" tabindex="-1">
		Coles Fresh&nbsp;Continental Parsley Sleeved&nbsp;
		1 bunch&nbsp;
		 
</h4> 

<div class="offer-icon"></div>
<a role="presentation" aria-hidden="true" class="product-url" href="http://shop.coles.com.au/online/national/herbs-parsley-continental-sleeved">
	    <img role="presentation" aria-hidden="true" class="photo" src="/wcsstore/Coles-CAS/images/4/5/7/4575161-th.jpg" onerror="this.src='/wcsstore/ColesStorefrontAssetStore/dist/e0a775baf05f/images/spacer.gif'" alt="Continental Parsley Sleeved" width="110" height="110">
	</a>

<div class="detail">	
    <span role="presentation" aria-hidden="true" class="brand">Coles Fresh</span>
    <span class="item" role="presentation" aria-hidden="true">
        <a role="presentation" aria-hidden="true" class="product-url" href="http://shop.coles.com.au/online/national/herbs-parsley-continental-sleeved">
        	Continental Parsley Sleeved&nbsp;
        	1 bunch
        </a>
    </span>
	<span class="size">
		Product of Australia.	
 	</span>
</div>


	<div class="purchasing">	    
	    <div class="saving">
	    	
	    </div>
	   	
	    		<div class="price no-price">Price unavailable</div>
	    	
	    <div class="unit-price"><span class="accessibility">Unit price </span>$0.00 per 1Ea</div>
	    <div class="special-offer">	    	
	    	
	    </div> 
	    <div class="availability">Temporarily unavailable</div>
	    <div class="purchase">
		
		</div>
	</div>
	<div class="lists">
		
	</div>


	    <div class="actions">
	         
			<div class="member-usuals-remove">
				<a href="#" class="action-removeFromUsuals usuals-remove">Remove from list <span class="accessibility">Coles Fresh Continental Parsley Sleeved 1 bunch</span></a>			
			</div>
			
			<div class="member-list-remove">
				 <a href="#" class="action-removeFromList">Remove from list <span class="accessibility">Coles Fresh Continental Parsley Sleeved 1 bunch</span></a> 
			</div>
			
				<a href="http://shop.coles.com.au/online/national/herbs-parsley-continental-sleeved" class="product-url accessibility">More details for Coles Fresh&nbsp;Continental Parsley Sleeved</a>
			
		</div>  
      

       	
		    <div role="presentation" aria-hidden="true" id="share" class="share" data-social="{productImgUrl:'http://shop.coles.com.au:27900/wcsstore/Coles-CAS/images/4/5/7/4575161-th.jpg'
	                                               ,productDisplayUrl:'http://shop.coles.com.au/online/national/herbs-parsley-continental-sleeved'
	                                               ,title:'Coles Fresh Continental Parsley Sleeved Product of Australia.'
	                                               ,description:''}">
		 	</div>
 		
	</div>
</div>


	</form>
</div>


<span class="available hidden"></span>


<div class="outer-prod prodtile" data-refresh="{
					catalogId: &quot;10576&quot;,
					doInventory: &quot;N&quot;,
					fulfillmentCenterId: &quot;11576&quot;,
					forStoreId: &quot;10401&quot;,
					
					productDisplayURL: &quot;http://shop.coles.com.au/online/national/celeriac-fresh&quot;				
			}">
	<form id="catEntryForm_83653" name="catEntryForm_83653" action="AjaxOrderChangeServiceItemAdd">
		
<div class=" " data-catentry="catEntry_83653" data-refresh="{
				addCalculationUsage: &quot;-1&quot;,
				langId: &quot;-1&quot;,
				storeId: &quot;10601&quot;, 
				catEntryId: &quot;83653&quot;, 
				catEntryName: &quot;Celeriac&quot;, 
				productView: &quot;billboard&quot;,
				productId: &quot;83653&quot;,
				itemId: &quot;145717&quot;,
				hideMultibuy: &quot;false&quot;,
                ticketType: &quot;&quot;,
                partNumber: &quot;4894352&quot;,
                offerCode: &quot;20141030&quot;
		}">
   	<div class="wrapper clearfix">   	
		

<h4 class="accessibility" id="heading_83653" tabindex="-1">
		Coles Fresh&nbsp;Celeriac&nbsp;
		1 bunch&nbsp;
		 
</h4> 

<div class="offer-icon"></div>
<a role="presentation" aria-hidden="true" class="product-url" href="http://shop.coles.com.au/online/national/celeriac-fresh">
	    <img role="presentation" aria-hidden="true" class="photo" src="/wcsstore/Coles-CAS/images/4/8/9/4894352-th.jpg" onerror="this.src='/wcsstore/ColesStorefrontAssetStore/dist/e0a775baf05f/images/spacer.gif'" alt="Celeriac" width="110" height="110">
	</a>

<div class="detail">	
    <span role="presentation" aria-hidden="true" class="brand">Coles Fresh</span>
    <span class="item" role="presentation" aria-hidden="true">
        <a role="presentation" aria-hidden="true" class="product-url" href="http://shop.coles.com.au/online/national/celeriac-fresh">
        	Celeriac&nbsp;
        	1 bunch
        </a>
    </span>
	<span class="size">
		Product of Australia.	
 	</span>
</div>


	<div class="purchasing">	    
	    <div class="saving">
	    	
	    </div>
	   	
	    		<div class="price"><span class="accessibility">Purchase price </span><small>$</small>5.98</div>
	    	
	    <div class="unit-price"><span class="accessibility">Unit price </span>$5.98 per 1Ea</div>
	    <div class="special-offer">	    	
	    	
	    </div> 
	    <div class="availability">Temporarily unavailable</div>
	    <div class="purchase">
		
			<input type="number" title="Add Quantity for Coles Fresh Celeriac 1 bunch" name="quantity" id="catEntry_83653_qty" value="1" maxlength="2" size="2" class="v-mandatory v-numeric v-minval-1">
	        <button role="button" type="submit" title="Add to trolley&nbsp;Coles Fresh Celeriac 1 bunch" class="btn-red action-addToTrolley"><span role="presentation" aria-hidden="true">Add to trolley</span></button>
		
		</div>
	</div>
	<div class="lists">
		
	</div>


	    <div class="actions">
	        			
			   <div class="MUItemForTrolleyDiv MUItemForTrolley_145717" data-catentry="145717">
		         <div class="MUul_145717"><div class="MUli_145717 hidden" aria-hidden="true"><span class="inTrolley"><span class="MUSpan_145717">0</span> in trolley</span></div></div>
		       </div>
		        <p class="clear"></p>
			 
			<div class="member-usuals-remove">
				<a href="#" class="action-removeFromUsuals usuals-remove">Remove from list <span class="accessibility">Coles Fresh Celeriac 1 bunch</span></a>			
			</div>
			
				<div class="list">
					<a href="#" class="action-addToList action-list-add">Add to list <span class="accessibility">Coles Fresh Celeriac 1 bunch</span></a> 
				</div>
				<div class="member-list-add">
					<a href="#" class="action-addToList action-list-add">Add to another list <span class="accessibility">Coles Fresh Celeriac 1 bunch</span></a>
				</div>
			
			<div class="member-list-remove">
				 <a href="#" class="action-removeFromList">Remove from list <span class="accessibility">Coles Fresh Celeriac 1 bunch</span></a> 
			</div>
			
				<div class="compareProd" role="presentation" aria-hidden="true">
					<a href="#" class="compare compare-add">Compare</a>
				</div>
			
				<a href="http://shop.coles.com.au/online/national/celeriac-fresh" class="product-url accessibility">More details for Coles Fresh&nbsp;Celeriac</a>
			
		</div>  
      

       	
		    <div role="presentation" aria-hidden="true" id="share" class="share" data-social="{productImgUrl:'http://shop.coles.com.au:27900/wcsstore/Coles-CAS/images/4/8/9/4894352-th.jpg'
	                                               ,productDisplayUrl:'http://shop.coles.com.au/online/national/celeriac-fresh'
	                                               ,title:'Coles Fresh Celeriac Product of Australia.'
	                                               ,description:''}">
		 	</div>
 		
	</div>
</div>


	</form>
</div>


<span class="available hidden"></span>


<div class="outer-prod prodtile" data-refresh="{
					catalogId: &quot;10576&quot;,
					doInventory: &quot;N&quot;,
					fulfillmentCenterId: &quot;11576&quot;,
					forStoreId: &quot;10401&quot;,
					
					productDisplayURL: &quot;http://shop.coles.com.au/online/national/coconut-whole-imported&quot;				
			}">
	<form id="catEntryForm_84584" name="catEntryForm_84584" action="AjaxOrderChangeServiceItemAdd">
		
<div class=" " data-catentry="catEntry_84584" data-refresh="{
				addCalculationUsage: &quot;-1&quot;,
				langId: &quot;-1&quot;,
				storeId: &quot;10601&quot;, 
				catEntryId: &quot;84584&quot;, 
				catEntryName: &quot;Coconut Whole&quot;, 
				productView: &quot;list&quot;,
				productId: &quot;84584&quot;,
				itemId: &quot;145507&quot;,
				hideMultibuy: &quot;false&quot;,
                ticketType: &quot;&quot;,
                partNumber: &quot;409557&quot;,
                offerCode: &quot;20141112&quot;
		}">
   	<div class="wrapper clearfix">   	
		

<h4 class="accessibility" id="heading_84584" tabindex="-1">
		Coles Fresh&nbsp;Coconut Whole&nbsp;
		1 each&nbsp;
		 
</h4> 

<div class="offer-icon"></div>
<a role="presentation" aria-hidden="true" class="product-url" href="http://shop.coles.com.au/online/national/coconut-whole-imported">
	    <img role="presentation" aria-hidden="true" class="photo" src="/wcsstore/Coles-CAS/images/4/0/9/409557-th.jpg" onerror="this.src='/wcsstore/ColesStorefrontAssetStore/dist/e0a775baf05f/images/spacer.gif'" alt="Coconut Whole" width="110" height="110">
	</a>

<div class="detail">	
    <span role="presentation" aria-hidden="true" class="brand">Coles Fresh</span>
    <span class="item" role="presentation" aria-hidden="true">
        <a role="presentation" aria-hidden="true" class="product-url" href="http://shop.coles.com.au/online/national/coconut-whole-imported">
        	Coconut Whole&nbsp;
        	1 each
        </a>
    </span>
	<span class="size">
			
 	</span>
</div>


	<div class="purchasing">	    
	    <div class="saving">
	    	
	    </div>
	   	
	    		<div class="price"><span class="accessibility">Purchase price </span><small>$</small>3.00</div>
	    	
	    <div class="unit-price"><span class="accessibility">Unit price </span>$3.00 per 1Ea</div>
	    <div class="special-offer">	    	
	    	
	    </div> 
	    <div class="availability">Temporarily unavailable</div>
	    <div class="purchase">
		
			<input type="number" title="Add Quantity for Coles Fresh Coconut Whole 1 each" name="quantity" id="catEntry_84584_qty" value="1" maxlength="2" size="2" class="v-mandatory v-numeric v-minval-1">
	        <button role="button" type="submit" title="Add to trolley&nbsp;Coles Fresh Coconut Whole 1 each" class="btn-red action-addToTrolley"><span role="presentation" aria-hidden="true">Add to trolley</span></button>
		
		</div>
	</div>
	<div class="lists">
		
	</div>


	    <div class="actions">
	        			
			   <div class="MUItemForTrolleyDiv MUItemForTrolley_145507" data-catentry="145507">
		         <div class="MUul_145507"><div class="MUli_145507 hidden" aria-hidden="true"><span class="inTrolley"><span class="MUSpan_145507">0</span> in trolley</span></div></div>
		       </div>
		        <p class="clear"></p>
			 
			<div class="member-usuals-remove">
				<a href="#" class="action-removeFromUsuals usuals-remove">Remove from list <span class="accessibility">Coles Fresh Coconut Whole 1 each</span></a>			
			</div>
			
				<div class="list">
					<a href="#" class="action-addToList action-list-add">Add to list <span class="accessibility">Coles Fresh Coconut Whole 1 each</span></a> 
				</div>
				<div class="member-list-add">
					<a href="#" class="action-addToList action-list-add">Add to another list <span class="accessibility">Coles Fresh Coconut Whole 1 each</span></a>
				</div>
			
			<div class="member-list-remove">
				 <a href="#" class="action-removeFromList">Remove from list <span class="accessibility">Coles Fresh Coconut Whole 1 each</span></a> 
			</div>
			
				<div class="compareProd" role="presentation" aria-hidden="true">
					<a href="#" class="compare compare-add">Compare</a>
				</div>
			
				<a href="http://shop.coles.com.au/online/national/coconut-whole-imported" class="product-url accessibility">More details for Coles Fresh&nbsp;Coconut Whole</a>
			
		</div>  
      

       	
		    <div role="presentation" aria-hidden="true" id="share" class="share" data-social="{productImgUrl:'http://shop.coles.com.au:27900/wcsstore/Coles-CAS/images/4/0/9/409557-th.jpg'
	                                               ,productDisplayUrl:'http://shop.coles.com.au/online/national/coconut-whole-imported'
	                                               ,title:'Coles Fresh Coconut Whole  '
	                                               ,description:''}">
		 	</div>
 		
	</div>
</div>


	</form>
</div>


<span class="available hidden"></span>


<div class="outer-prod prodtile" data-refresh="{
					catalogId: &quot;10576&quot;,
					doInventory: &quot;N&quot;,
					fulfillmentCenterId: &quot;11576&quot;,
					forStoreId: &quot;10401&quot;,
					
					productDisplayURL: &quot;http://shop.coles.com.au/online/national/coles-fresh-grapes---white-seedless-prepacked&quot;				
			}">
	<form id="catEntryForm_282505" name="catEntryForm_282505" action="AjaxOrderChangeServiceItemAdd">
		
<div class=" " data-catentry="catEntry_282505" data-refresh="{
				addCalculationUsage: &quot;-1&quot;,
				langId: &quot;-1&quot;,
				storeId: &quot;10601&quot;, 
				catEntryId: &quot;282505&quot;, 
				catEntryName: &quot;White Seedless Grapes Prepacked&quot;, 
				productView: &quot;list&quot;,
				productId: &quot;282505&quot;,
				itemId: &quot;282507&quot;,
				hideMultibuy: &quot;false&quot;,
                ticketType: &quot;&quot;,
                partNumber: &quot;1170152&quot;,
                offerCode: &quot;20150107&quot;
		}">
   	<div class="wrapper clearfix">   	
		

<h4 class="accessibility" id="heading_282505" tabindex="-1">
		Coles Fresh&nbsp;White Seedless Grapes Prepacked&nbsp;
		500g&nbsp;
		 
</h4> 

<div class="offer-icon"></div>
<a role="presentation" aria-hidden="true" class="product-url" href="http://shop.coles.com.au/online/national/coles-fresh-grapes---white-seedless-prepacked">
	    <img role="presentation" aria-hidden="true" class="photo" src="/wcsstore/Coles-CAS/images/1/1/7/1170152-th.jpg" onerror="this.src='/wcsstore/ColesStorefrontAssetStore/dist/e0a775baf05f/images/spacer.gif'" alt="White Seedless Grapes Prepacked" width="110" height="110">
	</a>

<div class="detail">	
    <span role="presentation" aria-hidden="true" class="brand">Coles Fresh</span>
    <span class="item" role="presentation" aria-hidden="true">
        <a role="presentation" aria-hidden="true" class="product-url" href="http://shop.coles.com.au/online/national/coles-fresh-grapes---white-seedless-prepacked">
        	White Seedless Grapes Prepacked&nbsp;
        	500g
        </a>
    </span>
	<span class="size">
		Product of Australia.	
 	</span>
</div>


	<div class="purchasing">	    
	    <div class="saving">
	    	
	    </div>
	   	
	    		<div class="price"><span class="accessibility">Purchase price </span><small>$</small>4.98</div>
	    	
	    <div class="unit-price"><span class="accessibility">Unit price </span>$9.96 per 1Ea</div>
	    <div class="special-offer">	    	
	    	
	    </div> 
	    <div class="availability">Temporarily unavailable</div>
	    <div class="purchase">
		
			<input type="number" title="Add Quantity for Coles Fresh White Seedless Grapes Prepacked 500g" name="quantity" id="catEntry_282505_qty" value="1" maxlength="2" size="2" class="v-mandatory v-numeric v-minval-1">
	        <button role="button" type="submit" title="Add to trolley&nbsp;Coles Fresh White Seedless Grapes Prepacked 500g" class="btn-red action-addToTrolley"><span role="presentation" aria-hidden="true">Add to trolley</span></button>
		
		</div>
	</div>
	<div class="lists">
		
	</div>


	    <div class="actions">
	        			
			   <div class="MUItemForTrolleyDiv MUItemForTrolley_282507" data-catentry="282507">
		         <div class="MUul_282507"><div class="MUli_282507 hidden" aria-hidden="true"><span class="inTrolley"><span class="MUSpan_282507">0</span> in trolley</span></div></div>
		       </div>
		        <p class="clear"></p>
			 
			<div class="member-usuals-remove">
				<a href="#" class="action-removeFromUsuals usuals-remove">Remove from list <span class="accessibility">Coles Fresh White Seedless Grapes Prepacked 500g</span></a>			
			</div>
			
				<div class="list">
					<a href="#" class="action-addToList action-list-add">Add to list <span class="accessibility">Coles Fresh White Seedless Grapes Prepacked 500g</span></a> 
				</div>
				<div class="member-list-add">
					<a href="#" class="action-addToList action-list-add">Add to another list <span class="accessibility">Coles Fresh White Seedless Grapes Prepacked 500g</span></a>
				</div>
			
			<div class="member-list-remove">
				 <a href="#" class="action-removeFromList">Remove from list <span class="accessibility">Coles Fresh White Seedless Grapes Prepacked 500g</span></a> 
			</div>
			
				<div class="compareProd" role="presentation" aria-hidden="true">
					<a href="#" class="compare compare-add">Compare</a>
				</div>
			
				<a href="http://shop.coles.com.au/online/national/coles-fresh-grapes---white-seedless-prepacked" class="product-url accessibility">More details for Coles Fresh&nbsp;White Seedless Grapes Prepacked</a>
			
		</div>  
      

       	
		    <div role="presentation" aria-hidden="true" id="share" class="share" data-social="{productImgUrl:'http://shop.coles.com.au:27900/wcsstore/Coles-CAS/images/1/1/7/1170152-th.jpg'
	                                               ,productDisplayUrl:'http://shop.coles.com.au/online/national/coles-fresh-grapes---white-seedless-prepacked'
	                                               ,title:'Coles Fresh White Seedless Grapes Prepacked Product of Australia.'
	                                               ,description:''}">
		 	</div>
 		
	</div>
</div>


	</form>
</div>


<span class="available hidden"></span>


<div class="outer-prod prodtile" data-refresh="{
					catalogId: &quot;10576&quot;,
					doInventory: &quot;N&quot;,
					fulfillmentCenterId: &quot;11576&quot;,
					forStoreId: &quot;10401&quot;,
					
					productDisplayURL: &quot;http://shop.coles.com.au/online/national/coles-fresh-garlic---prepacked&quot;				
			}">
	<form id="catEntryForm_287016" name="catEntryForm_287016" action="AjaxOrderChangeServiceItemAdd">
		
<div class=" " data-catentry="catEntry_287016" data-refresh="{
				addCalculationUsage: &quot;-1&quot;,
				langId: &quot;-1&quot;,
				storeId: &quot;10601&quot;, 
				catEntryId: &quot;287016&quot;, 
				catEntryName: &quot;Garlic Prepacked&quot;, 
				productView: &quot;list&quot;,
				productId: &quot;287016&quot;,
				itemId: &quot;287083&quot;,
				hideMultibuy: &quot;false&quot;,
                ticketType: &quot;&quot;,
                partNumber: &quot;7115747&quot;,
                offerCode: &quot;20150131&quot;
		}">
   	<div class="wrapper clearfix">   	
		

<h4 class="accessibility" id="heading_287016" tabindex="-1">
		Coles Fresh&nbsp;Garlic Prepacked&nbsp;
		190g&nbsp;
		 
</h4> 

<div class="offer-icon"></div>
<a role="presentation" aria-hidden="true" class="product-url" href="http://shop.coles.com.au/online/national/coles-fresh-garlic---prepacked">
	    <img role="presentation" aria-hidden="true" class="photo" src="/wcsstore/Coles-CAS/images/7/1/1/7115747-th.jpg" onerror="this.src='/wcsstore/ColesStorefrontAssetStore/dist/e0a775baf05f/images/spacer.gif'" alt="Garlic Prepacked" width="110" height="110">
	</a>

<div class="detail">	
    <span role="presentation" aria-hidden="true" class="brand">Coles Fresh</span>
    <span class="item" role="presentation" aria-hidden="true">
        <a role="presentation" aria-hidden="true" class="product-url" href="http://shop.coles.com.au/online/national/coles-fresh-garlic---prepacked">
        	Garlic Prepacked&nbsp;
        	190g
        </a>
    </span>
	<span class="size">
		Product of Australia	
 	</span>
</div>


	<div class="purchasing">	    
	    <div class="saving">
	    	
	    </div>
	   	
	    		<div class="price"><span class="accessibility">Purchase price </span><small>$</small>4.48</div>
	    	
	    <div class="unit-price"><span class="accessibility">Unit price </span>$23.58 per 1Kg</div>
	    <div class="special-offer">	    	
	    	
	    </div> 
	    <div class="availability">Temporarily unavailable</div>
	    <div class="purchase">
		
			<input type="number" title="Add Quantity for Coles Fresh Garlic Prepacked 190g" name="quantity" id="catEntry_287016_qty" value="1" maxlength="2" size="2" class="v-mandatory v-numeric v-minval-1">
	        <button role="button" type="submit" title="Add to trolley&nbsp;Coles Fresh Garlic Prepacked 190g" class="btn-red action-addToTrolley"><span role="presentation" aria-hidden="true">Add to trolley</span></button>
		
		</div>
	</div>
	<div class="lists">
		
	</div>


	    <div class="actions">
	        			
			   <div class="MUItemForTrolleyDiv MUItemForTrolley_287083" data-catentry="287083">
		         <div class="MUul_287083"><div class="MUli_287083 hidden" aria-hidden="true"><span class="inTrolley"><span class="MUSpan_287083">0</span> in trolley</span></div></div>
		       </div>
		        <p class="clear"></p>
			 
			<div class="member-usuals-remove">
				<a href="#" class="action-removeFromUsuals usuals-remove">Remove from list <span class="accessibility">Coles Fresh Garlic Prepacked 190g</span></a>			
			</div>
			
				<div class="list">
					<a href="#" class="action-addToList action-list-add">Add to list <span class="accessibility">Coles Fresh Garlic Prepacked 190g</span></a> 
				</div>
				<div class="member-list-add">
					<a href="#" class="action-addToList action-list-add">Add to another list <span class="accessibility">Coles Fresh Garlic Prepacked 190g</span></a>
				</div>
			
			<div class="member-list-remove">
				 <a href="#" class="action-removeFromList">Remove from list <span class="accessibility">Coles Fresh Garlic Prepacked 190g</span></a> 
			</div>
			
				<div class="compareProd" role="presentation" aria-hidden="true">
					<a href="#" class="compare compare-add">Compare</a>
				</div>
			
				<a href="http://shop.coles.com.au/online/national/coles-fresh-garlic---prepacked" class="product-url accessibility">More details for Coles Fresh&nbsp;Garlic Prepacked</a>
			
		</div>  
      

       	
		    <div role="presentation" aria-hidden="true" id="share" class="share" data-social="{productImgUrl:'http://shop.coles.com.au:27900/wcsstore/Coles-CAS/images/7/1/1/7115747-th.jpg'
	                                               ,productDisplayUrl:'http://shop.coles.com.au/online/national/coles-fresh-garlic---prepacked'
	                                               ,title:'Coles Fresh Garlic Prepacked Product of Australia'
	                                               ,description:''}">
		 	</div>
 		
	</div>
</div>


	</form>
</div>


<span class="available hidden"></span>


<div class="outer-prod prodtile" data-refresh="{
					catalogId: &quot;10576&quot;,
					doInventory: &quot;N&quot;,
					fulfillmentCenterId: &quot;11576&quot;,
					forStoreId: &quot;10401&quot;,
					
					productDisplayURL: &quot;http://shop.coles.com.au/online/national/coles-fresh-apricots---imported-loose&quot;				
			}">
	<form id="catEntryForm_298002" name="catEntryForm_298002" action="AjaxOrderChangeServiceItemAdd">
		
<div class=" " data-catentry="catEntry_298002" data-refresh="{
				addCalculationUsage: &quot;-1&quot;,
				langId: &quot;-1&quot;,
				storeId: &quot;10601&quot;, 
				catEntryId: &quot;298002&quot;, 
				catEntryName: &quot;Apricots&quot;, 
				productView: &quot;list&quot;,
				productId: &quot;298002&quot;,
				itemId: &quot;298147&quot;,
				hideMultibuy: &quot;false&quot;,
                ticketType: &quot;&quot;,
                partNumber: &quot;5138730&quot;,
                offerCode: &quot;20150128&quot;
		}">
   	<div class="wrapper clearfix">   	
		

<h4 class="accessibility" id="heading_298002" tabindex="-1">
		Coles Fresh&nbsp;Apricots&nbsp;
		1 each&nbsp;
		 
</h4> 

<div class="offer-icon"></div>
<a role="presentation" aria-hidden="true" class="product-url" href="http://shop.coles.com.au/online/national/coles-fresh-apricots---imported-loose">
	    <img role="presentation" aria-hidden="true" class="photo" src="/wcsstore/Coles-CAS/images/5/1/3/5138730-th.jpg" onerror="this.src='/wcsstore/ColesStorefrontAssetStore/dist/e0a775baf05f/images/spacer.gif'" alt="Apricots" width="110" height="110">
	</a>

<div class="detail">	
    <span role="presentation" aria-hidden="true" class="brand">Coles Fresh</span>
    <span class="item" role="presentation" aria-hidden="true">
        <a role="presentation" aria-hidden="true" class="product-url" href="http://shop.coles.com.au/online/national/coles-fresh-apricots---imported-loose">
        	Apricots&nbsp;
        	1 each
        </a>
    </span>
	<span class="size">
		Each apricot approx. 60g	
 	</span>
</div>


	<div class="purchasing">	    
	    <div class="saving">
	    	
	    </div>
	   	
	    		<div class="price"><span class="accessibility">Purchase price </span><small>$</small>0.60</div>
	    	
	    <div class="unit-price"><span class="accessibility">Unit price </span>$10.00 per 1Ea</div>
	    <div class="special-offer">	    	
	    	
	    </div> 
	    <div class="availability">Temporarily unavailable</div>
	    <div class="purchase">
		
			<input type="number" title="Add Quantity for Coles Fresh Apricots 1 each" name="quantity" id="catEntry_298002_qty" value="1" maxlength="2" size="2" class="v-mandatory v-numeric v-minval-1">
	        <button role="button" type="submit" title="Add to trolley&nbsp;Coles Fresh Apricots 1 each" class="btn-red action-addToTrolley"><span role="presentation" aria-hidden="true">Add to trolley</span></button>
		
		</div>
	</div>
	<div class="lists">
		
	</div>


	    <div class="actions">
	        			
			   <div class="MUItemForTrolleyDiv MUItemForTrolley_298147" data-catentry="298147">
		         <div class="MUul_298147"><div class="MUli_298147 hidden" aria-hidden="true"><span class="inTrolley"><span class="MUSpan_298147">0</span> in trolley</span></div></div>
		       </div>
		        <p class="clear"></p>
			 
			<div class="member-usuals-remove">
				<a href="#" class="action-removeFromUsuals usuals-remove">Remove from list <span class="accessibility">Coles Fresh Apricots 1 each</span></a>			
			</div>
			
				<div class="list">
					<a href="#" class="action-addToList action-list-add">Add to list <span class="accessibility">Coles Fresh Apricots 1 each</span></a> 
				</div>
				<div class="member-list-add">
					<a href="#" class="action-addToList action-list-add">Add to another list <span class="accessibility">Coles Fresh Apricots 1 each</span></a>
				</div>
			
			<div class="member-list-remove">
				 <a href="#" class="action-removeFromList">Remove from list <span class="accessibility">Coles Fresh Apricots 1 each</span></a> 
			</div>
			
				<div class="compareProd" role="presentation" aria-hidden="true">
					<a href="#" class="compare compare-add">Compare</a>
				</div>
			
				<a href="http://shop.coles.com.au/online/national/coles-fresh-apricots---imported-loose" class="product-url accessibility">More details for Coles Fresh&nbsp;Apricots</a>
			
		</div>  
      

       	
		    <div role="presentation" aria-hidden="true" id="share" class="share" data-social="{productImgUrl:'http://shop.coles.com.au:27900/wcsstore/Coles-CAS/images/5/1/3/5138730-th.jpg'
	                                               ,productDisplayUrl:'http://shop.coles.com.au/online/national/coles-fresh-apricots---imported-loose'
	                                               ,title:'Coles Fresh Apricots Each apricot approx. 60g'
	                                               ,description:''}">
		 	</div>
 		
	</div>
</div>


	</form>
</div>


<span class="unavailable hidden"></span>


<div class="outer-prod prodtile" data-refresh="{
					catalogId: &quot;10576&quot;,
					doInventory: &quot;N&quot;,
					fulfillmentCenterId: &quot;11576&quot;,
					forStoreId: &quot;10401&quot;,
					
					productDisplayURL: &quot;http://shop.coles.com.au/online/national/coles-fresh-amour-mandarins-prepacked&quot;				
			}">
	<form id="catEntryForm_433017" name="catEntryForm_433017" action="AjaxOrderChangeServiceItemAdd">
		
<div class=" " data-catentry="catEntry_433017" data-refresh="{
				addCalculationUsage: &quot;-1&quot;,
				langId: &quot;-1&quot;,
				storeId: &quot;10601&quot;, 
				catEntryId: &quot;433017&quot;, 
				catEntryName: &quot;Amour Mandarins Prepacked&quot;, 
				productView: &quot;list&quot;,
				productId: &quot;433017&quot;,
				itemId: &quot;433026&quot;,
				hideMultibuy: &quot;false&quot;,
                ticketType: &quot;&quot;,
                partNumber: &quot;1673018&quot;,
                offerCode: &quot;20150112&quot;
		}">
   	<div class="wrapper clearfix">   	
		

<h4 class="accessibility" id="heading_433017" tabindex="-1">
		Coles Fresh&nbsp;Amour Mandarins Prepacked&nbsp;
		700g&nbsp;
		 
</h4> 

<div class="offer-icon"></div>
<a role="presentation" aria-hidden="true" class="product-url" href="http://shop.coles.com.au/online/national/coles-fresh-amour-mandarins-prepacked">
	    <img role="presentation" aria-hidden="true" class="photo" src="/wcsstore/Coles-CAS/images/1/6/7/1673018-th.jpg" onerror="this.src='/wcsstore/ColesStorefrontAssetStore/dist/e0a775baf05f/images/spacer.gif'" alt="Amour Mandarins Prepacked" width="110" height="110">
	</a>

<div class="detail">	
    <span role="presentation" aria-hidden="true" class="brand">Coles Fresh</span>
    <span class="item" role="presentation" aria-hidden="true">
        <a role="presentation" aria-hidden="true" class="product-url" href="http://shop.coles.com.au/online/national/coles-fresh-amour-mandarins-prepacked">
        	Amour Mandarins Prepacked&nbsp;
        	700g
        </a>
    </span>
	<span class="size">
			
 	</span>
</div>


	<div class="purchasing">	    
	    <div class="saving">
	    	
	    </div>
	   	
	    		<div class="price"><span class="accessibility">Purchase price </span><small>$</small>7.98</div>
	    	
	    <div class="unit-price"><span class="accessibility">Unit price </span>$11.40 per 1Kg</div>
	    <div class="special-offer">	    	
	    	
	    </div> 
	    <div class="availability">Temporarily unavailable</div>
	    <div class="purchase">
		
			<input type="number" title="Add Quantity for Coles Fresh Amour Mandarins Prepacked 700g" name="quantity" id="catEntry_433017_qty" value="1" maxlength="2" size="2" class="v-mandatory v-numeric v-minval-1">
	        <button role="button" type="submit" title="Add to trolley&nbsp;Coles Fresh Amour Mandarins Prepacked 700g" class="btn-red action-addToTrolley"><span role="presentation" aria-hidden="true">Add to trolley</span></button>
		
		</div>
	</div>
	<div class="lists">
		
	</div>


	    <div class="actions">
	        			
			   <div class="MUItemForTrolleyDiv MUItemForTrolley_433026" data-catentry="433026">
		         <div class="MUul_433026"><div class="MUli_433026 hidden" aria-hidden="true"><span class="inTrolley"><span class="MUSpan_433026">0</span> in trolley</span></div></div>
		       </div>
		        <p class="clear"></p>
			 
			<div class="member-usuals-remove">
				<a href="#" class="action-removeFromUsuals usuals-remove">Remove from list <span class="accessibility">Coles Fresh Amour Mandarins Prepacked 700g</span></a>			
			</div>
			
				<div class="list">
					<a href="#" class="action-addToList action-list-add">Add to list <span class="accessibility">Coles Fresh Amour Mandarins Prepacked 700g</span></a> 
				</div>
				<div class="member-list-add">
					<a href="#" class="action-addToList action-list-add">Add to another list <span class="accessibility">Coles Fresh Amour Mandarins Prepacked 700g</span></a>
				</div>
			
			<div class="member-list-remove">
				 <a href="#" class="action-removeFromList">Remove from list <span class="accessibility">Coles Fresh Amour Mandarins Prepacked 700g</span></a> 
			</div>
			
				<div class="compareProd" role="presentation" aria-hidden="true">
					<a href="#" class="compare compare-add">Compare</a>
				</div>
			
				<a href="http://shop.coles.com.au/online/national/coles-fresh-amour-mandarins-prepacked" class="product-url accessibility">More details for Coles Fresh&nbsp;Amour Mandarins Prepacked</a>
			
		</div>  
      

       	
		    <div role="presentation" aria-hidden="true" id="share" class="share" data-social="{productImgUrl:'http://shop.coles.com.au:27900/wcsstore/Coles-CAS/images/1/6/7/1673018-th.jpg'
	                                               ,productDisplayUrl:'http://shop.coles.com.au/online/national/coles-fresh-amour-mandarins-prepacked'
	                                               ,title:'Coles Fresh Amour Mandarins Prepacked '
	                                               ,description:''}">
		 	</div>
 		
	</div>
</div>


	</form>
</div>


<span class="available hidden"></span>


<div class="outer-prod prodtile" data-refresh="{
					catalogId: &quot;10576&quot;,
					doInventory: &quot;N&quot;,
					fulfillmentCenterId: &quot;11576&quot;,
					forStoreId: &quot;10401&quot;,
					
					productDisplayURL: &quot;http://shop.coles.com.au/online/national/coles-fresh-organic-white-seedless-grapes-prepacked&quot;				
			}">
	<form id="catEntryForm_437036" name="catEntryForm_437036" action="AjaxOrderChangeServiceItemAdd">
		
<div class=" " data-catentry="catEntry_437036" data-refresh="{
				addCalculationUsage: &quot;-1&quot;,
				langId: &quot;-1&quot;,
				storeId: &quot;10601&quot;, 
				catEntryId: &quot;437036&quot;, 
				catEntryName: &quot;Organic White Seedless Grapes Prepacked&quot;, 
				productView: &quot;list&quot;,
				productId: &quot;437036&quot;,
				itemId: &quot;437180&quot;,
				hideMultibuy: &quot;false&quot;,
                ticketType: &quot;&quot;,
                partNumber: &quot;2248313&quot;,
                offerCode: &quot;20150128&quot;
		}">
   	<div class="wrapper clearfix">   	
		

<h4 class="accessibility" id="heading_437036" tabindex="-1">
		Coles Fresh&nbsp;Organic White Seedless Grapes Prepacked&nbsp;
		500g&nbsp;
		 
</h4> 

<div class="offer-icon"></div>
<a role="presentation" aria-hidden="true" class="product-url" href="http://shop.coles.com.au/online/national/coles-fresh-organic-white-seedless-grapes-prepacked">
	    <img role="presentation" aria-hidden="true" class="photo" src="/wcsstore/Coles-CAS/images/2/2/4/2248313-th.jpg" onerror="this.src='/wcsstore/ColesStorefrontAssetStore/dist/e0a775baf05f/images/spacer.gif'" alt="Organic White Seedless Grapes Prepacked" width="110" height="110">
	</a>

<div class="detail">	
    <span role="presentation" aria-hidden="true" class="brand">Coles Fresh</span>
    <span class="item" role="presentation" aria-hidden="true">
        <a role="presentation" aria-hidden="true" class="product-url" href="http://shop.coles.com.au/online/national/coles-fresh-organic-white-seedless-grapes-prepacked">
        	Organic White Seedless Grapes Prepacked&nbsp;
        	500g
        </a>
    </span>
	<span class="size">
			
 	</span>
</div>


	<div class="purchasing">	    
	    <div class="saving">
	    	
	    </div>
	   	
	    		<div class="price"><span class="accessibility">Purchase price </span><small>$</small>6.00</div>
	    	
	    <div class="unit-price"><span class="accessibility">Unit price </span>$12.00 per 1Kg</div>
	    <div class="special-offer">	    	
	    	
	    </div> 
	    <div class="availability">Temporarily unavailable</div>
	    <div class="purchase">
		
			<input type="number" title="Add Quantity for Coles Fresh Organic White Seedless Grapes Prepacked 500g" name="quantity" id="catEntry_437036_qty" value="1" maxlength="2" size="2" class="v-mandatory v-numeric v-minval-1">
	        <button role="button" type="submit" title="Add to trolley&nbsp;Coles Fresh Organic White Seedless Grapes Prepacked 500g" class="btn-red action-addToTrolley"><span role="presentation" aria-hidden="true">Add to trolley</span></button>
		
		</div>
	</div>
	<div class="lists">
		
	</div>


	    <div class="actions">
	        			
			   <div class="MUItemForTrolleyDiv MUItemForTrolley_437180" data-catentry="437180">
		         <div class="MUul_437180"><div class="MUli_437180 hidden" aria-hidden="true"><span class="inTrolley"><span class="MUSpan_437180">0</span> in trolley</span></div></div>
		       </div>
		        <p class="clear"></p>
			 
			<div class="member-usuals-remove">
				<a href="#" class="action-removeFromUsuals usuals-remove">Remove from list <span class="accessibility">Coles Fresh Organic White Seedless Grapes Prepacked 500g</span></a>			
			</div>
			
				<div class="list">
					<a href="#" class="action-addToList action-list-add">Add to list <span class="accessibility">Coles Fresh Organic White Seedless Grapes Prepacked 500g</span></a> 
				</div>
				<div class="member-list-add">
					<a href="#" class="action-addToList action-list-add">Add to another list <span class="accessibility">Coles Fresh Organic White Seedless Grapes Prepacked 500g</span></a>
				</div>
			
			<div class="member-list-remove">
				 <a href="#" class="action-removeFromList">Remove from list <span class="accessibility">Coles Fresh Organic White Seedless Grapes Prepacked 500g</span></a> 
			</div>
			
				<div class="compareProd" role="presentation" aria-hidden="true">
					<a href="#" class="compare compare-add">Compare</a>
				</div>
			
				<a href="http://shop.coles.com.au/online/national/coles-fresh-organic-white-seedless-grapes-prepacked" class="product-url accessibility">More details for Coles Fresh&nbsp;Organic White Seedless Grapes Prepacked</a>
			
		</div>  
      

       	
		    <div role="presentation" aria-hidden="true" id="share" class="share" data-social="{productImgUrl:'http://shop.coles.com.au:27900/wcsstore/Coles-CAS/images/2/2/4/2248313-th.jpg'
	                                               ,productDisplayUrl:'http://shop.coles.com.au/online/national/coles-fresh-organic-white-seedless-grapes-prepacked'
	                                               ,title:'Coles Fresh Organic White Seedless Grapes Prepacked '
	                                               ,description:''}">
		 	</div>
 		
	</div>
</div>


	</form>
</div>


<span class="available hidden"></span>


<div class="outer-prod prodtile" data-refresh="{
					catalogId: &quot;10576&quot;,
					doInventory: &quot;N&quot;,
					fulfillmentCenterId: &quot;11576&quot;,
					forStoreId: &quot;10401&quot;,
					
					productDisplayURL: &quot;http://shop.coles.com.au/online/national/gourmet-garden-chives&quot;				
			}">
	<form id="catEntryForm_52715" name="catEntryForm_52715" action="AjaxOrderChangeServiceItemAdd">
		
<div class=" " data-catentry="catEntry_52715" data-refresh="{
				addCalculationUsage: &quot;-1&quot;,
				langId: &quot;-1&quot;,
				storeId: &quot;10601&quot;, 
				catEntryId: &quot;52715&quot;, 
				catEntryName: &quot;Chives&quot;, 
				productView: &quot;list&quot;,
				productId: &quot;52715&quot;,
				itemId: &quot;165785&quot;,
				hideMultibuy: &quot;false&quot;,
                ticketType: &quot;&quot;,
                partNumber: &quot;8545480&quot;,
                offerCode: &quot;20141210&quot;
		}">
   	<div class="wrapper clearfix">   	
		

<h4 class="accessibility" id="heading_52715" tabindex="-1">
		Gourmet Garden&nbsp;Chives&nbsp;
		80g&nbsp;
		 
</h4> 

<div class="offer-icon"></div>
<a role="presentation" aria-hidden="true" class="product-url" href="http://shop.coles.com.au/online/national/gourmet-garden-chives">
	    <img role="presentation" aria-hidden="true" class="photo" src="/wcsstore/Coles-CAS/images/8/5/4/8545480-th.jpg" onerror="this.src='/wcsstore/ColesStorefrontAssetStore/dist/e0a775baf05f/images/spacer.gif'" alt="Chives" width="110" height="110">
	</a>

<div class="detail">	
    <span role="presentation" aria-hidden="true" class="brand">Gourmet Garden</span>
    <span class="item" role="presentation" aria-hidden="true">
        <a role="presentation" aria-hidden="true" class="product-url" href="http://shop.coles.com.au/online/national/gourmet-garden-chives">
        	Chives&nbsp;
        	80g
        </a>
    </span>
	<span class="size">
			
 	</span>
</div>


	<div class="purchasing">	    
	    <div class="saving">
	    	
	    </div>
	   	
	    		<div class="price"><span class="accessibility">Purchase price </span><small>$</small>3.90</div>
	    	
	    <div class="unit-price"><span class="accessibility">Unit price </span>$0.49 per 10G</div>
	    <div class="special-offer">	    	
	    	
	    </div> 
	    <div class="availability">Temporarily unavailable</div>
	    <div class="purchase">
		
			<input type="number" title="Add Quantity for Gourmet Garden Chives 80g" name="quantity" id="catEntry_52715_qty" value="1" maxlength="2" size="2" class="v-mandatory v-numeric v-minval-1">
	        <button role="button" type="submit" title="Add to trolley&nbsp;Gourmet Garden Chives 80g" class="btn-red action-addToTrolley"><span role="presentation" aria-hidden="true">Add to trolley</span></button>
		
		</div>
	</div>
	<div class="lists">
		
	</div>


	    <div class="actions">
	        			
			   <div class="MUItemForTrolleyDiv MUItemForTrolley_165785" data-catentry="165785">
		         <div class="MUul_165785"><div class="MUli_165785 hidden" aria-hidden="true"><span class="inTrolley"><span class="MUSpan_165785">0</span> in trolley</span></div></div>
		       </div>
		        <p class="clear"></p>
			 
			<div class="member-usuals-remove">
				<a href="#" class="action-removeFromUsuals usuals-remove">Remove from list <span class="accessibility">Gourmet Garden Chives 80g</span></a>			
			</div>
			
				<div class="list">
					<a href="#" class="action-addToList action-list-add">Add to list <span class="accessibility">Gourmet Garden Chives 80g</span></a> 
				</div>
				<div class="member-list-add">
					<a href="#" class="action-addToList action-list-add">Add to another list <span class="accessibility">Gourmet Garden Chives 80g</span></a>
				</div>
			
			<div class="member-list-remove">
				 <a href="#" class="action-removeFromList">Remove from list <span class="accessibility">Gourmet Garden Chives 80g</span></a> 
			</div>
			
				<div class="compareProd" role="presentation" aria-hidden="true">
					<a href="#" class="compare compare-add">Compare</a>
				</div>
			
				<a href="http://shop.coles.com.au/online/national/gourmet-garden-chives" class="product-url accessibility">More details for Gourmet Garden&nbsp;Chives</a>
			
		</div>  
      

       	
		    <div role="presentation" aria-hidden="true" id="share" class="share" data-social="{productImgUrl:'http://shop.coles.com.au:27900/wcsstore/Coles-CAS/images/8/5/4/8545480-th.jpg'
	                                               ,productDisplayUrl:'http://shop.coles.com.au/online/national/gourmet-garden-chives'
	                                               ,title:'Gourmet Garden Chives  '
	                                               ,description:'Each Gourmet Garden Chives tube contains 2 bunches of organic, Australian grown chives that keeps fresh for weeks. Adds amazing fresh flavour to French dressings, soups and quiches and pairs perfectly with potatoes, eggs, sour cream, garlic and chilli.'}">
		 	</div>
 		
	</div>
</div>


	</form>
</div>


<span class="available hidden"></span>


<div class="outer-prod prodtile" data-refresh="{
					catalogId: &quot;10576&quot;,
					doInventory: &quot;N&quot;,
					fulfillmentCenterId: &quot;11576&quot;,
					forStoreId: &quot;10401&quot;,
					
					productDisplayURL: &quot;http://shop.coles.com.au/online/national/gourmet-garden-chilli-mild&quot;				
			}">
	<form id="catEntryForm_71595" name="catEntryForm_71595" action="AjaxOrderChangeServiceItemAdd">
		
<div class=" " data-catentry="catEntry_71595" data-refresh="{
				addCalculationUsage: &quot;-1&quot;,
				langId: &quot;-1&quot;,
				storeId: &quot;10601&quot;, 
				catEntryId: &quot;71595&quot;, 
				catEntryName: &quot;Mild Chilli&quot;, 
				productView: &quot;list&quot;,
				productId: &quot;71595&quot;,
				itemId: &quot;137481&quot;,
				hideMultibuy: &quot;false&quot;,
                ticketType: &quot;&quot;,
                partNumber: &quot;6603188&quot;,
                offerCode: &quot;20150116&quot;
		}">
   	<div class="wrapper clearfix">   	
		

<h4 class="accessibility" id="heading_71595" tabindex="-1">
		Gourmet Garden&nbsp;Mild Chilli&nbsp;
		115g&nbsp;
		 
</h4> 

<div class="offer-icon"></div>
<a role="presentation" aria-hidden="true" class="product-url" href="http://shop.coles.com.au/online/national/gourmet-garden-chilli-mild">
	    <img role="presentation" aria-hidden="true" class="photo" src="/wcsstore/Coles-CAS/images/6/6/0/6603188-th.jpg" onerror="this.src='/wcsstore/ColesStorefrontAssetStore/dist/e0a775baf05f/images/spacer.gif'" alt="Mild Chilli" width="110" height="110">
	</a>

<div class="detail">	
    <span role="presentation" aria-hidden="true" class="brand">Gourmet Garden</span>
    <span class="item" role="presentation" aria-hidden="true">
        <a role="presentation" aria-hidden="true" class="product-url" href="http://shop.coles.com.au/online/national/gourmet-garden-chilli-mild">
        	Mild Chilli&nbsp;
        	115g
        </a>
    </span>
	<span class="size">
			
 	</span>
</div>


	<div class="purchasing">	    
	    <div class="saving">
	    	
	    </div>
	   	
	    		<div class="price"><span class="accessibility">Purchase price </span><small>$</small>3.98</div>
	    	
	    <div class="unit-price"><span class="accessibility">Unit price </span>$0.35 per 10G</div>
	    <div class="special-offer">	    	
	    	
	    </div> 
	    <div class="availability">Temporarily unavailable</div>
	    <div class="purchase">
		
			<input type="number" title="Add Quantity for Gourmet Garden Mild Chilli 115g" name="quantity" id="catEntry_71595_qty" value="1" maxlength="2" size="2" class="v-mandatory v-numeric v-minval-1">
	        <button role="button" type="submit" title="Add to trolley&nbsp;Gourmet Garden Mild Chilli 115g" class="btn-red action-addToTrolley"><span role="presentation" aria-hidden="true">Add to trolley</span></button>
		
		</div>
	</div>
	<div class="lists">
		
	</div>


	    <div class="actions">
	        			
			   <div class="MUItemForTrolleyDiv MUItemForTrolley_137481" data-catentry="137481">
		         <div class="MUul_137481"><div class="MUli_137481 hidden" aria-hidden="true"><span class="inTrolley"><span class="MUSpan_137481">0</span> in trolley</span></div></div>
		       </div>
		        <p class="clear"></p>
			 
			<div class="member-usuals-remove">
				<a href="#" class="action-removeFromUsuals usuals-remove">Remove from list <span class="accessibility">Gourmet Garden Mild Chilli 115g</span></a>			
			</div>
			
				<div class="list">
					<a href="#" class="action-addToList action-list-add">Add to list <span class="accessibility">Gourmet Garden Mild Chilli 115g</span></a> 
				</div>
				<div class="member-list-add">
					<a href="#" class="action-addToList action-list-add">Add to another list <span class="accessibility">Gourmet Garden Mild Chilli 115g</span></a>
				</div>
			
			<div class="member-list-remove">
				 <a href="#" class="action-removeFromList">Remove from list <span class="accessibility">Gourmet Garden Mild Chilli 115g</span></a> 
			</div>
			
				<div class="compareProd" role="presentation" aria-hidden="true">
					<a href="#" class="compare compare-add">Compare</a>
				</div>
			
				<a href="http://shop.coles.com.au/online/national/gourmet-garden-chilli-mild" class="product-url accessibility">More details for Gourmet Garden&nbsp;Mild Chilli</a>
			
		</div>  
      

       	
		    <div role="presentation" aria-hidden="true" id="share" class="share" data-social="{productImgUrl:'http://shop.coles.com.au:27900/wcsstore/Coles-CAS/images/6/6/0/6603188-th.jpg'
	                                               ,productDisplayUrl:'http://shop.coles.com.au/online/national/gourmet-garden-chilli-mild'
	                                               ,title:'Gourmet Garden Mild Chilli  '
	                                               ,description:'Each Gourmet Garden Mild Chilli tube contains 5 large, Australian grown organic chillies that keeps fresh for weeks. Adds amazing fresh flavour to Asian stir fries, marinades and noodles and pairs perfectly with chicken, lime, ginger and garlic.'}">
		 	</div>
 		
	</div>
</div>


	</form>
</div>


<span class="available hidden"></span>


<div class="outer-prod prodtile" data-refresh="{
					catalogId: &quot;10576&quot;,
					doInventory: &quot;N&quot;,
					fulfillmentCenterId: &quot;11576&quot;,
					forStoreId: &quot;10401&quot;,
					
					productDisplayURL: &quot;http://shop.coles.com.au/online/national/gourmet-garden-moroccan&quot;				
			}">
	<form id="catEntryForm_72490" name="catEntryForm_72490" action="AjaxOrderChangeServiceItemAdd">
		
<div class=" " data-catentry="catEntry_72490" data-refresh="{
				addCalculationUsage: &quot;-1&quot;,
				langId: &quot;-1&quot;,
				storeId: &quot;10601&quot;, 
				catEntryId: &quot;72490&quot;, 
				catEntryName: &quot;Moroccan Herbs&quot;, 
				productView: &quot;list&quot;,
				productId: &quot;72490&quot;,
				itemId: &quot;134003&quot;,
				hideMultibuy: &quot;false&quot;,
                ticketType: &quot;&quot;,
                partNumber: &quot;6980783&quot;,
                offerCode: &quot;20141210&quot;
		}">
   	<div class="wrapper clearfix">   	
		

<h4 class="accessibility" id="heading_72490" tabindex="-1">
		Gourmet Garden&nbsp;Moroccan Herbs&nbsp;
		80g&nbsp;
		 
</h4> 

<div class="offer-icon"></div>
<a role="presentation" aria-hidden="true" class="product-url" href="http://shop.coles.com.au/online/national/gourmet-garden-moroccan">
	    <img role="presentation" aria-hidden="true" class="photo" src="/wcsstore/Coles-CAS/images/6/9/8/6980783-th.jpg" onerror="this.src='/wcsstore/ColesStorefrontAssetStore/dist/e0a775baf05f/images/spacer.gif'" alt="Moroccan Herbs" width="110" height="110">
	</a>

<div class="detail">	
    <span role="presentation" aria-hidden="true" class="brand">Gourmet Garden</span>
    <span class="item" role="presentation" aria-hidden="true">
        <a role="presentation" aria-hidden="true" class="product-url" href="http://shop.coles.com.au/online/national/gourmet-garden-moroccan">
        	Moroccan Herbs&nbsp;
        	80g
        </a>
    </span>
	<span class="size">
			
 	</span>
</div>


	<div class="purchasing">	    
	    <div class="saving">
	    	
	    </div>
	   	
	    		<div class="price"><span class="accessibility">Purchase price </span><small>$</small>3.90</div>
	    	
	    <div class="unit-price"><span class="accessibility">Unit price </span>$0.49 per 10G</div>
	    <div class="special-offer">	    	
	    	
	    </div> 
	    <div class="availability">Temporarily unavailable</div>
	    <div class="purchase">
		
			<input type="number" title="Add Quantity for Gourmet Garden Moroccan Herbs 80g" name="quantity" id="catEntry_72490_qty" value="1" maxlength="2" size="2" class="v-mandatory v-numeric v-minval-1">
	        <button role="button" type="submit" title="Add to trolley&nbsp;Gourmet Garden Moroccan Herbs 80g" class="btn-red action-addToTrolley"><span role="presentation" aria-hidden="true">Add to trolley</span></button>
		
		</div>
	</div>
	<div class="lists">
		
	</div>


	    <div class="actions">
	        			
			   <div class="MUItemForTrolleyDiv MUItemForTrolley_134003" data-catentry="134003">
		         <div class="MUul_134003"><div class="MUli_134003 hidden" aria-hidden="true"><span class="inTrolley"><span class="MUSpan_134003">0</span> in trolley</span></div></div>
		       </div>
		        <p class="clear"></p>
			 
			<div class="member-usuals-remove">
				<a href="#" class="action-removeFromUsuals usuals-remove">Remove from list <span class="accessibility">Gourmet Garden Moroccan Herbs 80g</span></a>			
			</div>
			
				<div class="list">
					<a href="#" class="action-addToList action-list-add">Add to list <span class="accessibility">Gourmet Garden Moroccan Herbs 80g</span></a> 
				</div>
				<div class="member-list-add">
					<a href="#" class="action-addToList action-list-add">Add to another list <span class="accessibility">Gourmet Garden Moroccan Herbs 80g</span></a>
				</div>
			
			<div class="member-list-remove">
				 <a href="#" class="action-removeFromList">Remove from list <span class="accessibility">Gourmet Garden Moroccan Herbs 80g</span></a> 
			</div>
			
				<div class="compareProd" role="presentation" aria-hidden="true">
					<a href="#" class="compare compare-add">Compare</a>
				</div>
			
				<a href="http://shop.coles.com.au/online/national/gourmet-garden-moroccan" class="product-url accessibility">More details for Gourmet Garden&nbsp;Moroccan Herbs</a>
			
		</div>  
      

       	
		    <div role="presentation" aria-hidden="true" id="share" class="share" data-social="{productImgUrl:'http://shop.coles.com.au:27900/wcsstore/Coles-CAS/images/6/9/8/6980783-th.jpg'
	                                               ,productDisplayUrl:'http://shop.coles.com.au/online/national/gourmet-garden-moroccan'
	                                               ,title:'Gourmet Garden Moroccan Herbs  '
	                                               ,description:'Gourmet Garden Moroccan Seasoning is the perfect blend of coriander, ginger, garlic and cumin that keeps fresh for weeks. Rub on chicken, lamb and beef or stir through tagines, couscous and yoghurt.'}">
		 	</div>
 		
	</div>
</div>


	</form>
</div>


<span class="available hidden"></span>


<div class="outer-prod prodtile" data-refresh="{
					catalogId: &quot;10576&quot;,
					doInventory: &quot;N&quot;,
					fulfillmentCenterId: &quot;11576&quot;,
					forStoreId: &quot;10401&quot;,
					
					productDisplayURL: &quot;http://shop.coles.com.au/online/national/gourmet-garden-mediterranean&quot;				
			}">
	<form id="catEntryForm_74492" name="catEntryForm_74492" action="AjaxOrderChangeServiceItemAdd">
		
<div class=" " data-catentry="catEntry_74492" data-refresh="{
				addCalculationUsage: &quot;-1&quot;,
				langId: &quot;-1&quot;,
				storeId: &quot;10601&quot;, 
				catEntryId: &quot;74492&quot;, 
				catEntryName: &quot;Mediterranean Herbs&quot;, 
				productView: &quot;list&quot;,
				productId: &quot;74492&quot;,
				itemId: &quot;128147&quot;,
				hideMultibuy: &quot;false&quot;,
                ticketType: &quot;&quot;,
                partNumber: &quot;6980896&quot;,
                offerCode: &quot;20141210&quot;
		}">
   	<div class="wrapper clearfix">   	
		

<h4 class="accessibility" id="heading_74492" tabindex="-1">
		Gourmet Garden&nbsp;Mediterranean Herbs&nbsp;
		80g&nbsp;
		 
</h4> 

<div class="offer-icon"></div>
<a role="presentation" aria-hidden="true" class="product-url" href="http://shop.coles.com.au/online/national/gourmet-garden-mediterranean">
	    <img role="presentation" aria-hidden="true" class="photo" src="/wcsstore/Coles-CAS/images/6/9/8/6980896-th.jpg" onerror="this.src='/wcsstore/ColesStorefrontAssetStore/dist/e0a775baf05f/images/spacer.gif'" alt="Mediterranean Herbs" width="110" height="110">
	</a>

<div class="detail">	
    <span role="presentation" aria-hidden="true" class="brand">Gourmet Garden</span>
    <span class="item" role="presentation" aria-hidden="true">
        <a role="presentation" aria-hidden="true" class="product-url" href="http://shop.coles.com.au/online/national/gourmet-garden-mediterranean">
        	Mediterranean Herbs&nbsp;
        	80g
        </a>
    </span>
	<span class="size">
			
 	</span>
</div>


	<div class="purchasing">	    
	    <div class="saving">
	    	
	    </div>
	   	
	    		<div class="price"><span class="accessibility">Purchase price </span><small>$</small>3.90</div>
	    	
	    <div class="unit-price"><span class="accessibility">Unit price </span>$0.49 per 10G</div>
	    <div class="special-offer">	    	
	    	
	    </div> 
	    <div class="availability">Temporarily unavailable</div>
	    <div class="purchase">
		
			<input type="number" title="Add Quantity for Gourmet Garden Mediterranean Herbs 80g" name="quantity" id="catEntry_74492_qty" value="1" maxlength="2" size="2" class="v-mandatory v-numeric v-minval-1">
	        <button role="button" type="submit" title="Add to trolley&nbsp;Gourmet Garden Mediterranean Herbs 80g" class="btn-red action-addToTrolley"><span role="presentation" aria-hidden="true">Add to trolley</span></button>
		
		</div>
	</div>
	<div class="lists">
		
	</div>


	    <div class="actions">
	        			
			   <div class="MUItemForTrolleyDiv MUItemForTrolley_128147" data-catentry="128147">
		         <div class="MUul_128147"><div class="MUli_128147 hidden" aria-hidden="true"><span class="inTrolley"><span class="MUSpan_128147">0</span> in trolley</span></div></div>
		       </div>
		        <p class="clear"></p>
			 
			<div class="member-usuals-remove">
				<a href="#" class="action-removeFromUsuals usuals-remove">Remove from list <span class="accessibility">Gourmet Garden Mediterranean Herbs 80g</span></a>			
			</div>
			
				<div class="list">
					<a href="#" class="action-addToList action-list-add">Add to list <span class="accessibility">Gourmet Garden Mediterranean Herbs 80g</span></a> 
				</div>
				<div class="member-list-add">
					<a href="#" class="action-addToList action-list-add">Add to another list <span class="accessibility">Gourmet Garden Mediterranean Herbs 80g</span></a>
				</div>
			
			<div class="member-list-remove">
				 <a href="#" class="action-removeFromList">Remove from list <span class="accessibility">Gourmet Garden Mediterranean Herbs 80g</span></a> 
			</div>
			
				<div class="compareProd" role="presentation" aria-hidden="true">
					<a href="#" class="compare compare-add">Compare</a>
				</div>
			
				<a href="http://shop.coles.com.au/online/national/gourmet-garden-mediterranean" class="product-url accessibility">More details for Gourmet Garden&nbsp;Mediterranean Herbs</a>
			
		</div>  
      

       	
		    <div role="presentation" aria-hidden="true" id="share" class="share" data-social="{productImgUrl:'http://shop.coles.com.au:27900/wcsstore/Coles-CAS/images/6/9/8/6980896-th.jpg'
	                                               ,productDisplayUrl:'http://shop.coles.com.au/online/national/gourmet-garden-mediterranean'
	                                               ,title:'Gourmet Garden Mediterranean Herbs  '
	                                               ,description:'Gourmet Garden Mediterranean Seasoning is the perfect blend of oregano, basil, garlic, bell peppers and olive oil that keeps fresh for weeks. Stir through pasta, soups and salad dressings.'}">
		 	</div>
 		
	</div>
</div>


	</form>
</div>


<span class="available hidden"></span>


<div class="outer-prod prodtile" data-refresh="{
					catalogId: &quot;10576&quot;,
					doInventory: &quot;N&quot;,
					fulfillmentCenterId: &quot;11576&quot;,
					forStoreId: &quot;10401&quot;,
					
					productDisplayURL: &quot;http://shop.coles.com.au/online/national/gourmet-garden-italian-herbs&quot;				
			}">
	<form id="catEntryForm_82038" name="catEntryForm_82038" action="AjaxOrderChangeServiceItemAdd">
		
<div class=" " data-catentry="catEntry_82038" data-refresh="{
				addCalculationUsage: &quot;-1&quot;,
				langId: &quot;-1&quot;,
				storeId: &quot;10601&quot;, 
				catEntryId: &quot;82038&quot;, 
				catEntryName: &quot;Italian Herbs&quot;, 
				productView: &quot;list&quot;,
				productId: &quot;82038&quot;,
				itemId: &quot;144050&quot;,
				hideMultibuy: &quot;false&quot;,
                ticketType: &quot;&quot;,
                partNumber: &quot;4696246&quot;,
                offerCode: &quot;20150116&quot;
		}">
   	<div class="wrapper clearfix">   	
		

<h4 class="accessibility" id="heading_82038" tabindex="-1">
		Gourmet Garden&nbsp;Italian Herbs&nbsp;
		115g&nbsp;
		 
</h4> 

<div class="offer-icon"></div>
<a role="presentation" aria-hidden="true" class="product-url" href="http://shop.coles.com.au/online/national/gourmet-garden-italian-herbs">
	    <img role="presentation" aria-hidden="true" class="photo" src="/wcsstore/Coles-CAS/images/4/6/9/4696246-th.jpg" onerror="this.src='/wcsstore/ColesStorefrontAssetStore/dist/e0a775baf05f/images/spacer.gif'" alt="Italian Herbs" width="110" height="110">
	</a>

<div class="detail">	
    <span role="presentation" aria-hidden="true" class="brand">Gourmet Garden</span>
    <span class="item" role="presentation" aria-hidden="true">
        <a role="presentation" aria-hidden="true" class="product-url" href="http://shop.coles.com.au/online/national/gourmet-garden-italian-herbs">
        	Italian Herbs&nbsp;
        	115g
        </a>
    </span>
	<span class="size">
			
 	</span>
</div>


	<div class="purchasing">	    
	    <div class="saving">
	    	
	    </div>
	   	
	    		<div class="price"><span class="accessibility">Purchase price </span><small>$</small>3.98</div>
	    	
	    <div class="unit-price"><span class="accessibility">Unit price </span>$0.35 per 10G</div>
	    <div class="special-offer">	    	
	    	
	    </div> 
	    <div class="availability">Temporarily unavailable</div>
	    <div class="purchase">
		
			<input type="number" title="Add Quantity for Gourmet Garden Italian Herbs 115g" name="quantity" id="catEntry_82038_qty" value="1" maxlength="2" size="2" class="v-mandatory v-numeric v-minval-1">
	        <button role="button" type="submit" title="Add to trolley&nbsp;Gourmet Garden Italian Herbs 115g" class="btn-red action-addToTrolley"><span role="presentation" aria-hidden="true">Add to trolley</span></button>
		
		</div>
	</div>
	<div class="lists">
		
	</div>


	    <div class="actions">
	        			
			   <div class="MUItemForTrolleyDiv MUItemForTrolley_144050" data-catentry="144050">
		         <div class="MUul_144050"><div class="MUli_144050 hidden" aria-hidden="true"><span class="inTrolley"><span class="MUSpan_144050">0</span> in trolley</span></div></div>
		       </div>
		        <p class="clear"></p>
			 
			<div class="member-usuals-remove">
				<a href="#" class="action-removeFromUsuals usuals-remove">Remove from list <span class="accessibility">Gourmet Garden Italian Herbs 115g</span></a>			
			</div>
			
				<div class="list">
					<a href="#" class="action-addToList action-list-add">Add to list <span class="accessibility">Gourmet Garden Italian Herbs 115g</span></a> 
				</div>
				<div class="member-list-add">
					<a href="#" class="action-addToList action-list-add">Add to another list <span class="accessibility">Gourmet Garden Italian Herbs 115g</span></a>
				</div>
			
			<div class="member-list-remove">
				 <a href="#" class="action-removeFromList">Remove from list <span class="accessibility">Gourmet Garden Italian Herbs 115g</span></a> 
			</div>
			
				<div class="compareProd" role="presentation" aria-hidden="true">
					<a href="#" class="compare compare-add">Compare</a>
				</div>
			
				<a href="http://shop.coles.com.au/online/national/gourmet-garden-italian-herbs" class="product-url accessibility">More details for Gourmet Garden&nbsp;Italian Herbs</a>
			
		</div>  
      

       	
		    <div role="presentation" aria-hidden="true" id="share" class="share" data-social="{productImgUrl:'http://shop.coles.com.au:27900/wcsstore/Coles-CAS/images/4/6/9/4696246-th.jpg'
	                                               ,productDisplayUrl:'http://shop.coles.com.au/online/national/gourmet-garden-italian-herbs'
	                                               ,title:'Gourmet Garden Italian Herbs  '
	                                               ,description:'Each Gourmet Garden Italian Herbs tube contains a perfect blend of fresh basil, oregano, marjoram, thyme, parsley and rosemary that keeps fresh for weeks. Adds amazing fresh flavour to Italian meatballs, pizza and lasagne and pairs perfectly with tomatoes,'}">
		 	</div>
 		
	</div>
</div>


	</form>
</div>


<span class="available hidden"></span>


<div class="outer-prod prodtile" data-refresh="{
					catalogId: &quot;10576&quot;,
					doInventory: &quot;N&quot;,
					fulfillmentCenterId: &quot;11576&quot;,
					forStoreId: &quot;10401&quot;,
					
					productDisplayURL: &quot;http://shop.coles.com.au/online/national/gourmet-garden-lightly-dried-ginger&quot;				
			}">
	<form id="catEntryForm_389509" name="catEntryForm_389509" action="AjaxOrderChangeServiceItemAdd">
		
<div class=" " data-catentry="catEntry_389509" data-refresh="{
				addCalculationUsage: &quot;-1&quot;,
				langId: &quot;-1&quot;,
				storeId: &quot;10601&quot;, 
				catEntryId: &quot;389509&quot;, 
				catEntryName: &quot;Lightly Dried Ginger&quot;, 
				productView: &quot;list&quot;,
				productId: &quot;389509&quot;,
				itemId: &quot;389516&quot;,
				hideMultibuy: &quot;false&quot;,
                ticketType: &quot;&quot;,
                partNumber: &quot;2008808&quot;,
                offerCode: &quot;20141224&quot;
		}">
   	<div class="wrapper clearfix">   	
		

<h4 class="accessibility" id="heading_389509" tabindex="-1">
		Gourmet Garden&nbsp;Lightly Dried Ginger&nbsp;
		22g&nbsp;
		 
</h4> 

<div class="offer-icon"></div>
<a role="presentation" aria-hidden="true" class="product-url" href="http://shop.coles.com.au/online/national/gourmet-garden-lightly-dried-ginger">
	    <img role="presentation" aria-hidden="true" class="photo" src="/wcsstore/Coles-CAS/images/2/0/0/2008808-th.jpg" onerror="this.src='/wcsstore/ColesStorefrontAssetStore/dist/e0a775baf05f/images/spacer.gif'" alt="Lightly Dried Ginger" width="110" height="110">
	</a>

<div class="detail">	
    <span role="presentation" aria-hidden="true" class="brand">Gourmet Garden</span>
    <span class="item" role="presentation" aria-hidden="true">
        <a role="presentation" aria-hidden="true" class="product-url" href="http://shop.coles.com.au/online/national/gourmet-garden-lightly-dried-ginger">
        	Lightly Dried Ginger&nbsp;
        	22g
        </a>
    </span>
	<span class="size">
			
 	</span>
</div>


	<div class="purchasing">	    
	    <div class="saving">
	    	
	    </div>
	   	
	    		<div class="price"><span class="accessibility">Purchase price </span><small>$</small>3.90</div>
	    	
	    <div class="unit-price"><span class="accessibility">Unit price </span>$17.73 per 100G</div>
	    <div class="special-offer">	    	
	    	
	    </div> 
	    <div class="availability">Temporarily unavailable</div>
	    <div class="purchase">
		
			<input type="number" title="Add Quantity for Gourmet Garden Lightly Dried Ginger 22g" name="quantity" id="catEntry_389509_qty" value="1" maxlength="2" size="2" class="v-mandatory v-numeric v-minval-1">
	        <button role="button" type="submit" title="Add to trolley&nbsp;Gourmet Garden Lightly Dried Ginger 22g" class="btn-red action-addToTrolley"><span role="presentation" aria-hidden="true">Add to trolley</span></button>
		
		</div>
	</div>
	<div class="lists">
		
	</div>


	    <div class="actions">
	        			
			   <div class="MUItemForTrolleyDiv MUItemForTrolley_389516" data-catentry="389516">
		         <div class="MUul_389516"><div class="MUli_389516 hidden" aria-hidden="true"><span class="inTrolley"><span class="MUSpan_389516">0</span> in trolley</span></div></div>
		       </div>
		        <p class="clear"></p>
			 
			<div class="member-usuals-remove">
				<a href="#" class="action-removeFromUsuals usuals-remove">Remove from list <span class="accessibility">Gourmet Garden Lightly Dried Ginger 22g</span></a>			
			</div>
			
				<div class="list">
					<a href="#" class="action-addToList action-list-add">Add to list <span class="accessibility">Gourmet Garden Lightly Dried Ginger 22g</span></a> 
				</div>
				<div class="member-list-add">
					<a href="#" class="action-addToList action-list-add">Add to another list <span class="accessibility">Gourmet Garden Lightly Dried Ginger 22g</span></a>
				</div>
			
			<div class="member-list-remove">
				 <a href="#" class="action-removeFromList">Remove from list <span class="accessibility">Gourmet Garden Lightly Dried Ginger 22g</span></a> 
			</div>
			
				<div class="compareProd" role="presentation" aria-hidden="true">
					<a href="#" class="compare compare-add">Compare</a>
				</div>
			
				<a href="http://shop.coles.com.au/online/national/gourmet-garden-lightly-dried-ginger" class="product-url accessibility">More details for Gourmet Garden&nbsp;Lightly Dried Ginger</a>
			
		</div>  
      

       	
		    <div role="presentation" aria-hidden="true" id="share" class="share" data-social="{productImgUrl:'http://shop.coles.com.au:27900/wcsstore/Coles-CAS/images/2/0/0/2008808-th.jpg'
	                                               ,productDisplayUrl:'http://shop.coles.com.au/online/national/gourmet-garden-lightly-dried-ginger'
	                                               ,title:'Gourmet Garden Lightly Dried Ginger '
	                                               ,description:'Zingy Australian grown ginger, roughly cut and lightly dried (just enough) to keep fresh for 4 weeks once opened and refresh in cooking. Sprinkle, garnish or rub into curries, noodles and Moroccan dishes. Pairs perfectly with coriander, garlic, mint, honey'}">
		 	</div>
 		
	</div>
</div>


	</form>
</div>


<span class="unavailable hidden"></span>


<div class="outer-prod prodtile" data-refresh="{
					catalogId: &quot;10576&quot;,
					doInventory: &quot;N&quot;,
					fulfillmentCenterId: &quot;11576&quot;,
					forStoreId: &quot;10401&quot;,
					
					productDisplayURL: &quot;http://shop.coles.com.au/online/national/love-beets-beetroot---balsamic&quot;				
			}">
	<form id="catEntryForm_298019" name="catEntryForm_298019" action="AjaxOrderChangeServiceItemAdd">
		
<div class=" " data-catentry="catEntry_298019" data-refresh="{
				addCalculationUsage: &quot;-1&quot;,
				langId: &quot;-1&quot;,
				storeId: &quot;10601&quot;, 
				catEntryId: &quot;298019&quot;, 
				catEntryName: &quot;Balsamic Infused Beetroot Prepacked&quot;, 
				productView: &quot;list&quot;,
				productId: &quot;298019&quot;,
				itemId: &quot;298085&quot;,
				hideMultibuy: &quot;false&quot;,
                ticketType: &quot;&quot;,
                partNumber: &quot;1455527&quot;,
                offerCode: &quot;20141203&quot;
		}">
   	<div class="wrapper clearfix">   	
		

<h4 class="accessibility" id="heading_298019" tabindex="-1">
		Love Beets&nbsp;Balsamic Infused Beetroot Prepacked&nbsp;
		180g&nbsp;
		 
</h4> 

<div class="offer-icon"></div>
<a role="presentation" aria-hidden="true" class="product-url" href="http://shop.coles.com.au/online/national/love-beets-beetroot---balsamic">
	    <img role="presentation" aria-hidden="true" class="photo" src="/wcsstore/Coles-CAS/images/1/4/5/1455527-th.jpg" onerror="this.src='/wcsstore/ColesStorefrontAssetStore/dist/e0a775baf05f/images/spacer.gif'" alt="Balsamic Infused Beetroot Prepacked" width="110" height="110">
	</a>

<div class="detail">	
    <span role="presentation" aria-hidden="true" class="brand">Love Beets</span>
    <span class="item" role="presentation" aria-hidden="true">
        <a role="presentation" aria-hidden="true" class="product-url" href="http://shop.coles.com.au/online/national/love-beets-beetroot---balsamic">
        	Balsamic Infused Beetroot Prepacked&nbsp;
        	180g
        </a>
    </span>
	<span class="size">
			
 	</span>
</div>


	<div class="purchasing">	    
	    <div class="saving">
	    	
	    </div>
	   	
	    		<div class="price"><span class="accessibility">Purchase price </span><small>$</small>4.50</div>
	    	
	    <div class="unit-price"><span class="accessibility">Unit price </span>$25.00 per 1Kg</div>
	    <div class="special-offer">	    	
	    	
	    </div> 
	    <div class="availability">Temporarily unavailable</div>
	    <div class="purchase">
		
			<input type="number" title="Add Quantity for Love Beets Balsamic Infused Beetroot Prepacked 180g" name="quantity" id="catEntry_298019_qty" value="1" maxlength="2" size="2" class="v-mandatory v-numeric v-minval-1">
	        <button role="button" type="submit" title="Add to trolley&nbsp;Love Beets Balsamic Infused Beetroot Prepacked 180g" class="btn-red action-addToTrolley"><span role="presentation" aria-hidden="true">Add to trolley</span></button>
		
		</div>
	</div>
	<div class="lists">
		
	</div>


	    <div class="actions">
	        			
			   <div class="MUItemForTrolleyDiv MUItemForTrolley_298085" data-catentry="298085">
		         <div class="MUul_298085"><div class="MUli_298085 hidden" aria-hidden="true"><span class="inTrolley"><span class="MUSpan_298085">0</span> in trolley</span></div></div>
		       </div>
		        <p class="clear"></p>
			 
			<div class="member-usuals-remove">
				<a href="#" class="action-removeFromUsuals usuals-remove">Remove from list <span class="accessibility">Love Beets Balsamic Infused Beetroot Prepacked 180g</span></a>			
			</div>
			
				<div class="list">
					<a href="#" class="action-addToList action-list-add">Add to list <span class="accessibility">Love Beets Balsamic Infused Beetroot Prepacked 180g</span></a> 
				</div>
				<div class="member-list-add">
					<a href="#" class="action-addToList action-list-add">Add to another list <span class="accessibility">Love Beets Balsamic Infused Beetroot Prepacked 180g</span></a>
				</div>
			
			<div class="member-list-remove">
				 <a href="#" class="action-removeFromList">Remove from list <span class="accessibility">Love Beets Balsamic Infused Beetroot Prepacked 180g</span></a> 
			</div>
			
				<div class="compareProd" role="presentation" aria-hidden="true">
					<a href="#" class="compare compare-add">Compare</a>
				</div>
			
				<a href="http://shop.coles.com.au/online/national/love-beets-beetroot---balsamic" class="product-url accessibility">More details for Love Beets&nbsp;Balsamic Infused Beetroot Prepacked</a>
			
		</div>  
      

       	
		    <div role="presentation" aria-hidden="true" id="share" class="share" data-social="{productImgUrl:'http://shop.coles.com.au:27900/wcsstore/Coles-CAS/images/1/4/5/1455527-th.jpg'
	                                               ,productDisplayUrl:'http://shop.coles.com.au/online/national/love-beets-beetroot---balsamic'
	                                               ,title:'Love Beets Balsamic Infused Beetroot Prepacked  '
	                                               ,description:''}">
		 	</div>
 		
	</div>
</div>


	</form>
</div>

    </div>
    <form id="analytics-data-search-navigation" name="analytics-data-search-navigation" method="post" action="" class="hidden" aria-hidden="true">
<input type="hidden" name="WT.z_adevent" value="view">
<input type="hidden" name="WT.z_ad" value="center-top-CAT_All_Product_1">
</form>

<div class="pagination clearfix">
<form class="selector" id="frmResults" action="" method="post"><label for="resultsPerPage">Results per page</label> <select id="resultsPerPage" name="resultsPerPage">
    <option value="20">20</option>
    <option value="40">40</option>
    <option selected="selected" value="100">100</option>
</select></form>


    <ul class="navigator">
        
        	<li class="prev"><a role="button" href="#pageNumber=3&amp;currentPageSize=100" data-beginindex="200" title="Back to the previous page of results" class="btn-aqua action-change-page">← Previous</a></li>
        
                    <li><a role="button" href="#pageNumber=1&amp;currentPageSize=100" data-beginindex="0" title="Navigate to result page 1" class="btn-aqua action-change-page">1</a></li>
                
                    <li><a role="button" href="#pageNumber=2&amp;currentPageSize=100" data-beginindex="100" title="Navigate to result page 2" class="btn-aqua action-change-page">2</a></li>
                
                    <li><a role="button" href="#pageNumber=3&amp;currentPageSize=100" data-beginindex="200" title="Navigate to result page 3" class="btn-aqua action-change-page">3</a></li>
                
                    <li class="current"><span class="btn-transparent">4</span></li>
                
    </ul>
</div>

</div>

			</div>
		
		<div class="localisation-disclaimer msg-warning">
			Can’t find what you’re looking for? You may not be seeing what’s available in your local store. <a href="#localisation" class="popup-launch" title="Tell us your location to see your local range">Tell us your location to see your local range</a>
		</div>
	<form id="analytics-data-browse" name="analytics-data-browse" method="post" action="" class="hidden" aria-hidden="true">
<input type="hidden" name="WT.z_facet" value="">
<input type="hidden" name="WT.cg_n" value="Browse">
<input type="hidden" name="WT.z_viewtype" value="list">
<input type="hidden" name="WT.cg_s" value="">
</form> 
</div>
		
				</div>
				
<input type="hidden" name="environmentKey" value="PRODL">


<div class="espot hidden">
	

<div data-analytics="center-middle" class="genericESpot" id="WC_ContentAreaESpot_div_1_52701" style="width: 950px; min-height: 0px; ">
	
	    <p class="caption" style="display:none" id="WC_ContentAreaESpot_div_2_52701">[FOOTER_All_Content_2]</p>   
	
            <div class="ad" id="ad_52701">
        <script type="text/javascript">
// Catalogue eSpot Tag v1.631 12-Dec-14
//

(function (active) {
    var analytics = {
        d: {'inline': false},
        log: function (message, o) {
            window.console && console.log('eSpot analytics: ', message, (o == undefined ? '' : o));
        },
        ga_initialised: false,
        ga: function (d) {
            var opts = {}, c_opts = {}, event_only = false;

 			if (d.user_id) {
 				c_opts['userId'] = d.user_id;
 				opts['dimension19'] = d.user_id;
 			}
				
			if (!analytics.ga_initalised) {
				ga('create', 'UA-29884571-2', (location.hostname.match(/coles\.com\.au$/i)==null ? '' : 'coles.com.au'), c_opts);
				ga('require', 'displayfeatures');
				ga('require', 'ec', 'ec.js');
				analytics.ga_initalised = true;
			}
			
            if (d.page)
                opts['page'] = d.page;

			if (d.init_ohc){
                opts['dimension12'] = 0;
                opts['dimension14'] = 'New';
			}
			            
            if (d.localisation) {
                ga('send', 'event', 'Localisation', d.localisation, location.pathname);
            }

			// Internal Campaign Click Tracking
            if (d.int_campaign_c) {
				ga('ec:addPromo', {
					'id': d.int_campaign_c,
					'name': d.int_campaign_c,
					'creative': '',
					'position': d.catalog ? d.catalog : ''
				});
				ga('ec:setAction', 'promo_click');
                ga('send', 'event', 'Internal Promotion', 'Click', d.catalog ? d.catalog : '');
                if (!d.inline)
                	event_only = true;
			}
 			// Internal Campaign Impression Tracking
			if (d.int_campaign_i) {
				dojo.forEach(d.int_campaign_i, function (e) {
					ga('ec:addPromo', {
						'id': e['name'],
						'name': e['name'],
						'creative': '',
						'position': e['pos']
					});
				});
            }
            
            // Custom dimensions
            if (d.cust) {
				var labels = ['cust', 'state', 'region', null, 'fcntr', 'flybuys'];
				for (i = 0; i < labels.length; i++) {
					if (labels[i])
						opts['dimension' + (i + 3)] = d[labels[i]];
				}
			}
			            
            if (d.registration_event) {
                ga('send', 'event', 'Registration', d.registration_event, opts);
                opts['page'] = '/register/success/' + d.registration_event
            }

            if (d.login_event)
                ga('send', 'event', 'Log In', d.login_event, opts);

            // External campaign tracking via WT.mc_id   
            if (d.ext_campaign_id) {
                var c = d.ext_campaign_id.split('_');
                var ga_cd = ['campaignName', 'campaignMedium', 'campaignSource', 'campaignContent', 'campaignKeyword'];
                dojo.forEach(d.ext_campaign_id.split('_'), function (v, i) {
                    ga('set', ga_cd[i], v);
                });
                ga('set', 'campaignId', d.ext_campaign_id);
            }

            // Product Details View
            if (d.product_details) {
	            ga('ec:addProduct', d.product_details);
				ga('ec:setAction', 'detail');
            }

            // Javascript Exception Tracking
            if (d.exception) {
                ga('send', 'event', 'JavaScript', 'Analytics eSpot Exception', d.exception);
                event_only = true;
            }
            
            // Aisle/Search Tracking
            if (d.catalog)
                opts['dimension11'] = d.catalog.replace(/_/g, ' > ');

            // Product Promotion Tracking
            if (d.promo && (d.event==null || d.event.match(/page_load|onclicking_Tab/))) {
            	limit = 0;
				for(i in d.promo) {
					var p = d.promo[i];
					limit++;
					if (p['promotion'] && limit<41) {
						ga('ec:addImpression', {
							'id': p['sku'],
							'name': p['name'],
							'brand': p['brand'],
							'position': p['position'],
							'list': d.promo.presentation ? analytics.utils.format_promo(p, d.promo.presentation)[0] : p['category']
						});
					}
				}
				if (d.event && d.event.match(/page_load|onclicking_Tab/)) {
					event_only = true;
					ga('send', 'event', 'Product Promotion', 'Impression', 'Upsell', opts);
				}
            }

			// Add to Cart
			if (d.event && d.event.match(/add-to-cart|add-to-trolley/)) {
				var label = ''; value = 0
				if (d.catalog) {
					ga('set', {'dimension11': d.catalog.replace(/_/g, ' > '), 'metric2': 1});			
					label = 'List';
					value = d.rank;
				}
				if (d.promo) {
					ga('ec:addProduct',{ 
						'id': d.promo['sku'], 
						'name': d.promo['name'], 
						'brand': d.promo['brand'],
						'position':d.promo['position']
					});
					ga('ec:setAction', 'add', {'list': d.promo['category']});
					label = 'Promotion';
				}
				if (d.product_details) 
					label = 'Product Details';
				if (d.search) 
					label = 'Search';
				if (d.my_usuals)
					label = 'My Usuals';
				if (d.my_orders)
					label = 'My Orders';	
				ga('send', 'event', 'Trolley', 'Add to Cart', label, value);
				event_only = true;
			}
			
			// Refunds
			if (d.refund) {
				ga('ec:setAction', 'refund', {'id': d.refund});				
				ga('send', 'event', 'Order', d.operation, d.reason);
				event_only = true;
			}
			
			// Check if user seen the spend stretch banner
			if (d.offer){
				opts['dimension20'] = d.offer;
			}

            if (!event_only) {
            	if (location.href.match(/[a-zA-Z0-9_.+-]+(@|%40)[a-zA-Z0-9-]+\.[a-zA-Z0-9-.]+/i)){
            		opts['page'] = location.pathname;
            	}	
	  	 		ga('send', 'pageview', opts);
	  	 	} 
        },
		wt_deferred_count: 8,
        wt_deferred_track: function(args){
        	// Caters for Webtrends object not being available
        	if (analytics.wt_deferred_count<1) return;
			if (typeof(Webtrends)=='undefined') {
				analytics.log('Attempt: '+analytics.wt_deferred_count)
				analytics.wt_deferred_count--;
				setTimeout(function(){analytics.wt_deferred_track(args);}, 1000);
			} else {
	            Webtrends.multiTrack(args);
	        }
        },
        wt: function (d) {
            var args = {'WT.dl': 50};
			var send_data = false;
			
            // Login
            if (d.login_event) {
				args['WT.z_signon'] = 'standard';
				send_data = true;					
			}

            // Add to Cart
            if (d.event == 'add-to-cart') {
				if (d.promo) {
					args['WT.z_promo'] = analytics.utils.format_promo(d.promo).join('|');
					args['WT.z_promo_event'] = 'add-to-cart';
					send_data = true;					
				}
				if (d.catalog) {
					args['WT.z_aisle'] = d.catalog;
					args['WT.z_aisle_event'] = 'add-to-cart';
					args['WT.z_aisle_item_rank'] = d.rank;
					send_data = true;					
				}
            }
            // Internal Campaign Impression Tracking 
            if  (d.int_campaign_i) {
                if (d.int_campaign_i && d.int_campaign_i.length > 0) {
                    args['WT.z_ic'] = [];
                    dojo.forEach(d.int_campaign_i, function(e) {
                        args['WT.z_ic'].push(e['name']);
                    });
                    args['WT.z_ic'] = args['WT.z_ic'].join(';');
                    args['WT.z_ic_event'] = 'impression';
					send_data = true;					
                }
            }
            
            // Internal Campaign Click Tracking
            if (d.int_campaign_c && !d.inline) {
				args['WT.z_ic'] = d.int_campaign_c;
				args['WT.z_ic_event'] = 'click';
				send_data = true;
            }
			
			// Promotions
			if (d.event && d.promo && d.event.match(/page_load|add-to-trolley|onclicking_Tab/)) {
				args['WT.z_promo_event'] = d.event=='add-to-trolley' ? 'add-to-cart': 'impression';
				var v = [];
                for (x in d.promo) {
					if (d.promo[x]['promotion']) {
						var dim = analytics.utils.format_promo(d.promo[x], d.promo['presentation']).join('|');
	                    v.push(dim);
						if (args['WT.z_promo_event']=='add-to-cart')
							analytics.utils.record_sku_cookie(dim);
					}
                }
				args['WT.z_promo'] = v.join(';');
				send_data = true;
			}
            
			if (send_data) {
				if (typeof(Webtrends)=='undefined') {
					analytics.wt_deferred_count = 8;
					setTimeout(function(){analytics.wt_deferred_track({args: args});}, 2000);
				} else {
					Webtrends.multiTrack({args: args});
				}
			}
        },
        fb: function(d){
        	var id, adid, send_data=false;
        	if (d.homepage) {
        		id = '502757';
        		adid = '125283';
        		send_data = true;
        	}
        	
        	if (send_data) {
				var img = new Image(1, 1);
				img.src = '//pixel.mathtag.com/event/img?mt_id='+id+'&mt_adid='+adid+'&v1=&v2=&v3=&s1=&s2=&s3='
			}
        },
        rm: function(d){
            if (d.registration_event || d.login_event) {
				require(["dojo/io/script"], function(script){
					var deferred = script.get({'url': '//www.googleadservices.com/pagead/conversion_async.js'});
					deferred.then(function(){
						window.google_trackConversion({
						  google_conversion_id: 1066356933, 
						  google_custom_params: {},
						  google_remarketing_only: true
						});				
					});
				});
			}
        },
        si: function(d){
        	var codes = {'PRODL':	'si-7-12', 
        				'PRODS':	'si-7-48',
        				'SVTL': 	'si-7-47',
        				'SVTS':		'si-7-43',
        				'SITL': 	'si-7-45',
        				'SIT': 		'si-7-42',
        				'DEV': 		'si-7-10'};
			window.Process180.GetSurveyInitiator(codes[d.env] ? codes[d.env] : 'si-7-12');
        },
        track: function (d) {
            analytics.ga(d);
            analytics.wt(d);
 			analytics.fb(d); 
 			analytics.rm(d); 
        },
        utils: {
            record_sku_cookie: function (dim) {
                var attr_window = 7 // Attribution window in days
                var sku = dim.match(/\|(\d+)-[^_]+$/)[1];
                dojo.cookie('pr-' + sku, dim, {
                    path: '/',
                    expires: attr_window
                });
            },
            format_promo: function(promo, presentation){
            	if (presentation) {
	    			return(['Upsell Page_' + promo['category'] + '_' + presentation, promo['promotion'], promo['sku'] + '-' + promo['brand'] + '-' + promo['name']]);
	    		} else {
					return([promo['category'], promo['sku'] + '-' + promo['name']]);
				}
			},
        },
        // Inline rules are required for Webtrends
        inline: function (d) {
        	// Environment
        	dojo.query('input[name="environmentKey"]').forEach(function(e){
        		d['env'] = e.value;
        	});
        		
    		//  Check for WT onLoadCookie
    		wtc = dojo.cookie('onLoadWebtrendsCookie');
    		if (wtc) {
    			// Detect localisation event
    			le = wtc.match(/WT.z_lclsrc":"([^"]+)"/);
    			if (le!=null && le.length==2)
    				d['localisation'] = le[1];
    		}
    
            // Browse Aisle and Search tracking
            if (dojo.query('body.browse, body.search').length>0) {
            	if (location.search.indexOf('searchTerm=')>0) {
	                d['catalog'] = 'Search_' + location.search.match(/searchTerm=([^$&]+)/)[1].replace(/\+/g, ' ').toLowerCase()+'_';
	                d['search'] = true;
					d.inline = true;
            	} else {
					aisle = location.pathname.match(/\/online\/[^\/]+\/([^\/]+)\/?([^\/]+)?\/?([^\/]+)?$/i);
					if (aisle!=null && aisle.length==4) {
						aisle.shift();
						for(var i=0; i<aisle.length; i++){
							if (aisle[i]==undefined)
								aisle[i]=='';
						}
						d['catalog'] = aisle.join('_');
						d.inline = true;
					}					
				}
            }

            // Internal Campaign Click Tracking with handling for localisation and login
			var url_path = location.pathname.match(/(\/[^\/]+)\/?$/i);
            // if ic_id is in the url then set cookie and the data layer
            var ic_u = location.search.match(/WT.ic_id=([^&$]+)/i);
            if (ic_u != null && ic_u.length == 2){
            	var date = new Date();
					date.setTime(date.getTime()+(3*60000)); // mins
				var exp = date.toGMTString(); 
				if (ic_u[1].match(/^mc_id$/i)){
					ic_u = location.search.match(/WT.mc_id=([^&$]+)/i);
				}    
				dojo.cookie('ic_id', ic_u[1]+"|"+url_path[1], {path: '/', expires: exp});
				d['int_campaign_c'] = ic_u[1]; 
                d['inline'] = true;
            }

            // if no ic_id on current page but cookie has ic_id then use cookie value then delete it
            var ic_c = dojo.cookie('ic_id');
            if (ic_u == null && ic_c != null && ic_c.match(url_path[1])) {
                ic_c = ic_c.split('|');
				d['int_campaign_c'] =  ic_c[0]; 
                d['inline'] = true;
                dojo.cookie('ic_id', '', {path: '/', expires: -1});
            }
            

            // Detect Product Details Page
            dojo.query('form#analytics-data-product-productdetails').forEach(function(e){
            	d['product_details'] = {
            		'id':   dojo.query('input[name="WT.pn_sku"]', e).val(),
            		'name': dojo.query('input[name="WT.cg_s"]',   e).val()
            	};
            });
            
			// Product Promotion Impression Tracking
			var position = 0;
			d['promo'] = {};
			dojo.query('body.home div.prodtile > form, body.search div.prodtile > form, body.browse div.prodtile > form').forEach(function(item){
				position++;
				var placement = item.id.replace(/_?catEntryForm_\d+$/, '').replace(/_/g, '-');
				dojo.query('span.marketedEspotDescription', item).forEach(function(element){placement='PREMIUM_ESPOT';});
				var promotion = (placement=='' && !d.int_campaign_c && !d.search) ? false : true;
				if (placement=='')
					placement = 'List';
				var p_category = (d.int_campaign_c || d.catalog || (d.product_details ? 'Product Details' : 'Home-Page'))+'|'+placement;
                dojo.query('div[data-refresh]', item).forEach(function (node) {
					if (node.getAttribute('data-refresh').match(/partNumber:\s+"(\d+)/m).length==2) {
						var p_sku 			= node.getAttribute('data-refresh').match(/partNumber:\s+"(\d+)/m)[1];
						var cat_entry_id 	= node.getAttribute('data-refresh').match(/catEntryId:\s+"(\d+)/m)[1];
						var links 			= dojo.query('div.detail a.product-url', node);
						var p_name 			= links[0].href.match(/[^$\/]+$/);
						if (d['promo']['catEntry_' + cat_entry_id]==null || promotion) {
							d['inline'] = true;
							d['promo']['catEntry_' + cat_entry_id] = {'category': p_category, 'sku': p_sku, 'name': p_name[0], 'promotion': promotion, 'position': position};
						}
					}
                });
			});

            // Write out inline elements to be collected by WT base tag
            if (d.inline) {
                document.write('<form id="analytics-data1" name="analytics-data" method="post" action="" class="hidden" aria-hidden="true">');
                if (d.catalog) {
                    document.write('<input type="hidden" name="WT.z_aisle" value="' + d.catalog + '">');
                    document.write('<input type="hidden" name="WT.z_aisle_event" value="impression">');
                }
                if (d.promo) {
                    var v = [];
                    for (x in d.promo) {
						if (d.promo[x]['promotion'])
	                        v.push(analytics.utils.format_promo(d.promo[x]).join('|'));
                    }
                    if (v.length>0) {
						document.write('<input type="hidden" name="WT.z_promo_event" value="impression">');
						document.write('<input type="hidden" name="WT.z_promo" value="' + v.join(';') + '">');
					}
                }
                if (d.int_campaign_c) {
                    document.write('<input type="hidden" name="WT.z_ic" value="' + d.int_campaign_c + '">');
                    document.write('<input type="hidden" name="WT.z_ic_event" value="click">');
                }
                document.write('</form>');
            }
        },
        rules: function (d, query, topic) {
            // External Campaign Tracking using WT parameter
            var ec = location.search.match(/WT.mc_id=([^&$]+)/i);
            if (ec != null && ec.length == 2) {
                d['ext_campaign_id'] = ec[1];
            }
            // Internal Campaign Impression Tracking 
            d['int_campaign_i'] = [];
            query('div.espot a[href*="WT.ic_id"]').forEach(function (link) {
                var pos = d.catalog ? d.catalog : '';
                var ic = link.getAttribute('href').match(/WT.ic_id(%3d|=)([^&$]+)/i);
                if (ic != null && ic.length == 3) {
                    d.int_campaign_i.push({
                        'name': ic[2],
                        'pos': pos
                    });
                }
            });

            // Detect Login event
            query('input[name="WT.z_signon"], div#myOffersElement[data-refresh*="justLoggedIn"]').forEach(function (e) {
				if ((e.name=='WT.z_signon' && document.referrer=='') || (e.id=='myOffersElement'))
	                d['login_event'] = 'from_ribbon';
            });

			// Set UserID
			var user_id = document.cookie.match(/WC_USERACTIVITY_([^=]+)/);
			if (user_id != null && user_id.length==2 && user_id[1]>0 && query('div.contact > a[title="Log out"]').length>0)
				d['user_id'] = user_id[1]; 

            // Detect Registration
            query('input[name="WT.z_regmeth"]').forEach(function (e) {
                d['registration_event'] = (e.value == 'register' ? 'from_ribbon' : 'from_checkout');
            });
            
            // Detect Home Page
            if (location.pathname.match(/^\/online\/national(\/?$|\/info\/first-shop-free-delivery$)/i))
            	d['homepage'] = location.pathname;

            // Localisation Data
            d['cust'] = 'personal';
            var x, l = dojo.cookie('analyticsCookie');
			if (l != undefined) {
				x = l.split('|');
				for (var i = 0; i < x.length; i++) {
					d[x[i].match(/WT.z_([^:]+):/)[1]] = x[i].match(/([^:$]+)$/)[1];
				}
			}

			// Order History Count
			var clv = dojo.cookie('analytics_clv');
			if (clv) {
				var clv_a = clv.split(';');
				if (clv_a.length==1 && d.login_event) {
					d['init_ohc'] = true;
					clv = '0;0';
				}
				dojo.cookie('analytics_clv', clv, {path: '/', expires: 365});
			} else {
				d['init_ohc'] = true;
				dojo.cookie('analytics_clv', '0', {path: '/', expires: 365});
			}
			
			// check if spend stretch banner appears
			if(dojo.query('div#myOffersElement ul#youroffers a').length > 0){
				d['offer'] = 'Offer Seen';
			}

            // Detect My Orders page        
            if (location.pathname.match(/\/AjaxOrderDetail/i)){
            	d['my_orders'] = true;
            }
            
            // Detect My Usuals page
            if (location.pathname.match(/\/AjaxAccountWishListDisplayView/i)){
            	d['my_usuals_list'] = true;
            }
            if (dojo.query('body.home').length > 0) {
            	query('div#my-usuals a.action-addToTrolley').on('click', function (e) {
	            	d['my_usuals_home'] = true;
            	});
            }
            
        },
        handlers: function (d, query, topic) {
            query('div#myAccount > button.action-register').on('click', function () {
                analytics.track({
                    'page': '/virtual/registration/open_registration_form'
                });
            });
            
            // Internal campaign tracking for localisation links
            query('div.espot a.action-localise[href*="WT.ic_id"]').on('click', function (e) {
				if (this.href) {
					var ic = this.href.match(/WT.ic_id=([^&$]+)/i);
					var args = {};
					if (ic != null && ic.length == 2) {
						args['int_campaign_c'] =  ic[1]; 
						analytics.track(args);
					}
				}
            });

            // Detect ajax request completions
            topic.subscribe('wcs/ajax/success', function (a, b) {
                analytics.log('wcs/ajax/success: ' + a.context);
                switch (a.context) {
					case 'productElement.trolleyAdd':
						var args = {
							'event': 'add-to-cart'
						};
						if (d.catalog) {
							var rank = parseInt(query('div[data-catentry^="catEntry_"]').indexOf(query('div[data-catentry="' + a.divId + '"]')[0]) + 1);
							if (rank) {
								args['rank'] = rank;
								args['catalog'] = d.catalog;
								if (d.page_offset) args['rank'] += d.page_offset;
							}
						}
						if (d.promo && d.promo[a.divId] && d.promo[a.divId]['promotion']) {
							args['promo'] = d.promo[a.divId];
							analytics.utils.record_sku_cookie(analytics.utils.format_promo(args.promo, null).join('|'));
						}
						if (d.product_details)
							args['product_details'] = true;
						if (d.search)
							args['search'] = true;
						if (d.my_usuals_home) {
							args['my_usuals'] = true;
							d.my_usuals_home = false;
						}
						if (d.my_usuals_list)
							args['my_usuals'] = true;
						if (d.my_orders)
							args['my_orders'] = true;
						var i=0; for (x in args){i++};		
						if (i>1)
							analytics.track(args);
						break;

					case 'refreshController.refreshArea':
						switch (a.serviceId) {
						case 'ColesCategoryView':
						case 'ColesSearchView':
							d['page_offset'] = parseInt(a.beginIndex)+query('div.genericESpot div.prodtile').length;
							break;
						}
						break;

	                case 'memberOrder.cancelOrder':
	                case 'memberOrder.modifyOrder.addItem':
               		case 'memberOrder.modifyOrder.changeTime':
               		case 'memberOrder.modifyOrder.changeFulfilment':
               		case 'memberOrder.modifyOrder.changePayment':
	                	var rc = dojo.cookie('oid_'+a.orderId);
	                	rc = (rc==undefined ? 0 : Number(rc))
	                	var args = {'refund': a.orderId+'-'+(rc==undefined ? 0 : rc)};
	                	switch (a.context) {
	                		case 'memberOrder.cancelOrder':
	                			args['operation'] = 'Cancelled';
	                			args['reason'] = '';
								break;

	                		case 'memberOrder.modifyOrder.addItem':
	                			args['operation'] = 'Modified';
	                			args['reason'] = 'Add Items';
								break;

	                		case 'memberOrder.modifyOrder.changeTime':
	                			args['operation'] = 'Modified';
	                			args['reason'] = 'Change Delivery Time';
								break;

	                		case 'memberOrder.modifyOrder.changeFulfilment':
	                			args['operation'] = 'Modified';
	                			args['reason'] = 'Change Fulfilment';
								break;

	                		case 'memberOrder.modifyOrder.changePayment':
	                			args['operation'] = 'Modified';
	                			args['reason'] = 'Change Payment Method';
								break;
	                	}
						if (args.operation=='Modified') 
							dojo.cookie('oid_'+a.orderId, rc+1, {path: '/', expires: 14});
						else
							dojo.cookie('oid_'+a.orderId, '', {path: '/', expires: -1});
						analytics.track(args);
						break;						
                }
            });
        },
        init: function (d) {
			(function(i,s,o,g,r,a,m){i['GoogleAnalyticsObject']=r;i[r]=i[r]||function(){
			(i[r].q=i[r].q||[]).push(arguments)},i[r].l=1*new Date();a=s.createElement(o),
			m=s.getElementsByTagName(o)[0];a.async=1;a.src=g;m.parentNode.insertBefore(a,m)
			})(window,document,'script','//www.google-analytics.com/analytics.js','ga');

			// Override push method on dataLayer Array so we can process event data being added to the dataLayer
			window.dataLayer = window.dataLayer || [];
			window.dataLayer.push = function(){
				var result = Array.prototype.push.apply(this,arguments);
				if (result>0 && arguments!=undefined && arguments.length>0 && arguments[0].event) {
					analytics.log('Event pushed to dataLayer');
					var d = analytics.d, a;
					while (window.dataLayer!=undefined && window.dataLayer.length>0) {
						a = window.dataLayer.shift();
						for (var p in a) {
							d[p] = a[p];
						}
					}
					try {
						analytics.d = d;
						analytics.log('DataLayer:', d);
						analytics.track(d);
					} catch (e) {
						analytics.log(e);
						analytics.ga({
							'exception': e.message
						});
					}
				}
				return result;
			}

            analytics.inline(d);

// 			require(["dojo/io/script"], function(script){
// 				var deferred = script.get({'url': '//si.process180.com/js/surveyinitiator.pack.js'});
// 				deferred.then(function(){analytics.si(d)});
// 			});

            require(['dojo/query', 'dojo/topic', 'dojo/domReady!'], function (query, topic) {
                try {
                    analytics.handlers(d, query, topic)
                    analytics.rules(d, query, topic);
                    analytics.track(d);
                } catch (e) {
                    analytics.log(e);
                    analytics.ga({
                        'exception': e.message
                    });
                }
            });
        }
    };
    if (active)
        analytics.init(analytics.d);

})(true); // version 1.6-31
</script><form id="analytics-data1" name="analytics-data" method="post" action="" class="hidden" aria-hidden="true"><input type="hidden" name="WT.z_aisle" value="fruit-vegetables_fruit-vegetables_"><input type="hidden" name="WT.z_aisle_event" value="impression"></form>
            </div>
        


</div>


</div>

<div class="espot hidden">
	

<div data-analytics="center-middle" class="genericESpot" id="WC_ContentAreaESpot_div_1_" style="width: 950px; min-height: 0px; ">
	
	    <p class="caption" style="display:none" id="WC_ContentAreaESpot_div_2_">[GLOBAL_All_Content_1]</p>   
	


</div>


</div>


<div id="footer" class="rounded">
	<div class="pageBottom">
		<div></div>
	</div>
	<div class="layout-25-25-25-25">
		<div class="column-1">
			<div class="plain-box">
				<h2>Shop online</h2>
				<ul>
					<li>
						<a href="http://shop.coles.com.au/online/national/specials-offers" title="Specials">Specials</a>
					</li>
					<li>
						<a href="http://shop.coles.com.au/online/national/promo/all" title="Promotions">Promotions</a>
					</li>
					<li>
						<a href="https://shop.coles.com.au/online/ColesMyListsView?catalogId=10576&amp;urlLangId=-1&amp;langId=-1&amp;storeId=10601" title="Shopping lists">Shopping lists</a>
					</li>
					<li>
						<a href="http://shop.coles.com.au/online/national/info/recipes" title="Recipes">Recipes</a>
					</li>
					<li>
						<div class="espot">
							

<div data-analytics="suppress-webtrends" class="genericESpot" id="WC_ContentAreaESpot_div_1_10655" style="min-height: 0px; ">
	
	    <p class="caption" style="display:none" id="WC_ContentAreaESpot_div_2_10655">[FOOTER_All_Content_1.1]</p>   
	
            <div class="ad" id="ad_10655">
        <style>

.footer-custom {
margin-bottom: 5px;
}
</style>
            </div>
        
            <div class="ad" id="ad_10655">
        
                            <a id="WC_ContentAreaESpot_links_7_2" href="http://shop.coles.com.au/webapp/wcs/stores/servlet/ClickInfo?evtype=CpgnClick&amp;mpe_id=10655&amp;intv_id=46101&amp;storeId=10601&amp;catalogId=10576&amp;langId=-1&amp;URL=ColesContentTemplateView%3ferrorViewName%3dProductDisplayErrorView%26contentType%3dcoles-mastercard-offer">
                        <div class="footer-custom">Coles Mastercard</div>               
                            </a>
                        
            </div>
        
            <div class="ad" id="ad_10655">
        
                            <a id="WC_ContentAreaESpot_links_7_3" href="http://shop.coles.com.au/webapp/wcs/stores/servlet/ClickInfo?evtype=CpgnClick&amp;mpe_id=10655&amp;intv_id=46101&amp;storeId=10601&amp;catalogId=10576&amp;langId=-1&amp;URL=ColesContentTemplateView%3ferrorViewName%3dProductDisplayErrorView%26contentType%3dcompetition-winners">
                        <div class="footer-custom">Competitions &amp; Winners</div>
               
                            </a>
                        
            </div>
        
            <div class="ad" id="ad_10655">
        <div class="footer-custom"><a href="/online/mobile/national/">Mobile site</a></div>

            </div>
        


</div>


						</div>					
					</li>
				</ul>
			</div>
		</div>
		<div class="column-2">
			<div class="plain-box">
				<h2>Getting started</h2>
				<ul>
					<li>
						<a href="http://shop.coles.com.au/online/national/info/about-us" title="About us">About us</a>
					</li>
					<li>
						<a href="http://shop.coles.com.au/online/national/info/home-delivery" title="Home delivery">Home delivery</a>
					</li>
					<li>
						<a href="http://shop.coles.com.au/online/national/info/click-collect" title="Click &amp; Collect">Click &amp; Collect</a>
					</li>
					<li>
						<div class="espot">
							

<div data-analytics="suppress-webtrends" class="genericESpot" id="WC_ContentAreaESpot_div_1_10656" style="min-height: 0px; ">
	
	    <p class="caption" style="display:none" id="WC_ContentAreaESpot_div_2_10656">[FOOTER_All_Content_1.2]</p>   
	
            <div class="ad" id="ad_10656">
        
                            <a id="WC_ContentAreaESpot_links_7_1" href="http://shop.coles.com.au/webapp/wcs/stores/servlet/ClickInfo?evtype=CpgnClick&amp;mpe_id=10656&amp;intv_id=10054&amp;storeId=10601&amp;catalogId=10576&amp;langId=-1&amp;URL=ColesContentTemplateView%3ferrorViewName%3dProductDisplayErrorView%26contentType%3dremote-delivery">
                        <div class="footer-custom">Remote delivery</div>

<!--Feedbackify-->
<script type="text/javascript">
var fby = fby || [];
fby.push(['setDevice', 'desktop']);
fby.push(['showTab', {id: '4121', position: 'left', color: '#FF1F3A'}]);
(function () {
    var f = document.createElement('script'); f.type = 'text/javascript'; f.async = true;
    f.src = '//cdn.feedbackify.com/f.js';
    var s = document.getElementsByTagName('script')[0]; s.parentNode.insertBefore(f, s);
})();
</script>



<!-- Error page tag-->
<script>
require(["coles/common/environment"], function(env){
	env.WT_ID = 'dcss9egqp00000sthfwe6qrxc_3j1n';
});
require(["dojo/ready", "dojo/query", "dojo/topic", "coles/common/analytics", "dojo/domReady!"], function(ready, query, topic, analytics){
	ready(function(){
		if (query("title").text().match(/^Error/i)) {
			var ec = query("input[name='WT.z_errorcode']").val();
			var mg = query("div.coles-error span").text()
			topic.publish("coles/common/analytics/send", {
				 "WT.cg_n": "Error",
				 "WT.cg_s": "Error - "+ec+' - '+mg,
				 "WT.z_errorcode": ec+' - '+mg
			});  
		}
	});
});
</script>

               
                            </a>
                        
            </div>
        
            <div class="ad" id="ad_10656">
        
                            <a id="WC_ContentAreaESpot_links_7_2" href="http://shop.coles.com.au/webapp/wcs/stores/servlet/ClickInfo?evtype=CpgnClick&amp;mpe_id=10656&amp;intv_id=10054&amp;storeId=10601&amp;catalogId=10576&amp;langId=-1&amp;URL=ColesContentTemplateView%3ferrorViewName%3dProductDisplayErrorView%26contentType%3dfreshness-guarantee">
                        <div class="footer-custom">Freshness Guarantee</div>
               
                            </a>
                        
            </div>
        


</div>


						</div>
					</li>
				</ul>
			</div>
		</div>
		<div class="column-3">
			<div class="plain-box">
				<h2>Customer service</h2>
				<ul>
					<li>
						<a href="http://shop.coles.com.au/online/national/info/payment-and-pricing" title="Payment options">Payment options</a>
					</li>
					<li>
						<a href="http://shop.coles.com.au/online/national/info/customer-agreement" title="Customer agreement">Customer agreement</a>
					</li>
					<li>
						<a href="http://shop.coles.com.au/online/national/info/privacy-policy" title="Privacy policy">Privacy policy</a>
					</li>
					<li>
						<a href="http://shop.coles.com.au/online/national/info/product-recall" title="Product recall">Product recall</a>
					</li>
					<li>
						<a href="http://shop.coles.com.au/online/national/info/changes-cancellations-and-returns" title="Changes, cancellations and returns">Changes, cancellations and returns</a>
					</li>
					<li>
						<div class="espot">
							

<div data-analytics="suppress-webtrends" class="genericESpot" id="WC_ContentAreaESpot_div_1_10657" style="min-height: 0px; ">
	
	    <p class="caption" style="display:none" id="WC_ContentAreaESpot_div_2_10657">[FOOTER_All_Content_1.3]</p>   
	
            <div class="ad" id="ad_10657">
        <a class="footer-custom" href="/online/national/info/business-accounts-and-orders">Business accounts and orders</a>
<a class="footer-custom" href="/online/national/info/accessibility-guide">Accessibility Guide</a>
<a class="footer-custom" href="/online/national/info/help"> Help </a>
            </div>
        


</div>


						</div>					
					</li>
				</ul>
			</div>
		</div>
		<div class="column-4">
			<div class="plain-box">
				<h2>Contact</h2>
				<ul>
					<li>
						<a href="http://shop.coles.com.au/online/national/contact-us" title="Contact us">Contact us</a>
					</li>
					<li>
						<a href="http://www.facebook.com/coles" target="_blank" title="Follow us on Facebook">Follow us on Facebook</a>
					</li>
					<li>
						<a href="http://www.twitter.com/coles" target="_blank" title="Follow us on Twitter">Follow us on Twitter</a>
					</li>
					<li>
						<a href="http://blog.colesonline.com.au" target="_blank" title="Read our blog">Read our blog</a>
					</li>
					<li>
						<a href="http://www.coles.com.au/Stores-Services/Locations-trading-hours.aspx" target="_blank" title="Store locator">Store locator</a>
					</li>
					<li>
						<a href="http://shop.coles.com.au/online/national/sitemap" title="Site map">Site map</a>
					</li>
					<li>
						<div class="espot">
							

<div data-analytics="suppress-webtrends" class="genericESpot" id="WC_ContentAreaESpot_div_1_10658" style="min-height: 0px; ">
	
	    <p class="caption" style="display:none" id="WC_ContentAreaESpot_div_2_10658">[FOOTER_All_Content_1.4]</p>   
	
            <div class="ad" id="ad_10658">
        <style> 
body {
    background: url("/wcsstore/ColesStorefrontAssetStore/images/-catimg/2014/12/20141229-summer-skins.jpg") no-repeat fixed center top transparent !important;
}
</style>
            </div>
        
            <div class="ad" id="ad_10658">
        
<style type="text/css">
/* CSS fix for menu spacing */
.megamenu > ul > li > a {
    padding: 7px 5px 4px 7px;
}
/* CSS update for bakery description trial */
.bakeHide span:nth-child(3) {
      display:none!important;
    }
/* CSS fix for product details tab */
.tab-content {
    height: auto;
}

</style>
            </div>
        
            <div class="ad" id="ad_10658">
        <!--This script and CSS is to limit the number of banners displayed in CAT_All_Product_1 espot to only 1. -->

<script>
dojo.query("div[id='ad_28651']").forEach(function(e, i) {if (i>0) dojo.query(e).addClass('banner-limiter');});
dojo.query("div[id='ad_29672']").forEach(function(e, i) {if (i>0) dojo.query(e).addClass('banner-limiter');});
</script>

<style>
.banner-limiter
 {
display: none;
}
</style>

            </div>
        
            <div class="ad" id="ad_10658">
        <!-- code to change e-spot minimum height -->
<script>

require([ "dojo/query", "dojo/NodeList-dom", "dojo/domReady!" ], function(query) {
    query('div.genericESpot').style( "minHeight", "0px" );
});


</script>


            </div>
        


</div>


						</div>					
					</li>
				</ul>
			</div>
		</div>
		<div class="clear"></div>
	</div>
</div>





















	
















<noscript>
	&lt;img alt="dcsimg" id="dcsimg" width="1" height="1" src="//statse.webtrendslive.com/dcs0fzq7nvz5bdjd7j90tn8ii_1d3g/njs.gif?dcsuri=/nojavascript&amp;amp;WT.js=No&amp;amp;WT.tv=10.2.0&amp;amp;dcssip=www.colesonline.com.au"/&gt;
</noscript>

<script defer="">
// Push store text into JavaScript
require(["coles/components/message"], function(message){

	
	message.set('GLOBAL_VALIDATION_MSG', 'To continue, please see the fields below, which still require your attention.');
	
	message.set('ERR_MANDATORY_1000', 'Please enter a value.');
	
	message.set('ERR_MANDATORY_1010', 'Please select a value.');
	
	message.set('ERR_MANDATORY_1020', 'Please choose from one of the options provided.');
	
	message.set('ERR_FORMAT_1026', 'You can only use letters, numbers, hyphens, apostrophes, spaces in [field].');
	
	message.set('ERR_MANDATORY_1030', 'Please enter a mobile number so you can receive SMS messages from us.');
	
	message.set('ERR_FORMAT_1000', 'You can only use letters and numbers in this field.');
	
	message.set('ERR_FORMAT_1010', 'You can only use letters, hyphens, apostrophes and spaces in [field].');
	
	message.set('ERR_FORMAT_1015', 'You can only use letters, hyphens, apostrophes, spaces in [field].');
	
	message.set('ERR_FORMAT_1020', 'You can only use numbers in [field].');
	
	message.set('ERR_FORMAT_1025', 'You can only use letters, numbers, hyphens, apostrophes, spaces and commas in [field].');
	
     message.set('ERR_FORMAT_1027', 'You can only use letters, numbers, hyphens, ampersand, apostrophes, spaces and commas in [field].');

	
	message.set('ERR_FORMAT_1030', '[field] must contain a valid password.');
	
	message.set('ERR_FORMAT_1040', 'This email address doesn&#039;t appear to be valid. Please make sure to enter an email address like name@example.com.');
	
	message.set('ERR_FORMAT_1050', '[field] must contain a valid phone number.');
	
	message.set('ERR_FORMAT_1055', 'You can only use letters, numbers, hyphens, underscores, spaces, full stop and commas for your delivery instructions.');
	
	message.set('ERR_FORMAT_1050_MOBILE', '[field] must contain a valid mobile phone number.');
	
	message.set('ERR_FORMAT_1050_LANDLINE', '[field] must contain a valid landline phone number.');
	
	message.set('ERR_FORMAT_1060', '[field] must contain a valid ABN number.');
	
	message.set('ERR_FORMAT_1070', 'This number doesn&#039;t appear to be valid. Please enter the number that appears under the barcode in the bottom righthand corner on the back of your card.');
	
	message.set('ERR_FORMAT_1080', '[field] must contain a valid postcode.');
	
	message.set('ERR_FORMAT_1090', '[field] must contain a valid promotion code.');
	
	message.set('ERR_FORMAT_1100', '[field] must contain a valid number.');
	
	message.set('ERR_FORMAT_1200', '[field] must contain a valid date in the format dd/mm/yyyy.');
	
	message.set('ERR_VALUE_1000', 'The minimum value allowable in [field] is [value].');
	
	message.set('ERR_VALUE_1010', 'The maximum value allowable in [field] is [value].');
	
	message.set('ERR_VALUE_1020', 'The date cannot be greater than today&#039;s date.');
	
	message.set('ERR_LENGTH_1000', '[field] must have less than or equal to [value] characters.');
	
	message.set('ERR_LENGTH_1010', '[field] must be exactly [value] characters.');
	
	message.set('ERR_CONSTRAINT_1000', 'This email is already registered.');
	
	message.set('ERR_CONSTRAINT_1010', 'This password doesn&#039;t match the one entered.');
	
	message.set('ERR_CONSTRAINT_1020', 'This nickname has already been used by another address in your account, it must be unique.');
	
	message.set('ERR_LENGTH_1050', 'You cannot enter more than 400 characters for your delivery instructions. Please shorten your instructions before proceeding.');	

	message.set('GLOBAL_COLLAPSE_TEXT', '[-]');

	
	message.set('GLOBAL_COLLAPSE_ALT_TEXT', 'Collapse this section');

	
	message.set('GLOBAL_EXPAND_TEXT', '[+]');

	
	message.set('GLOBAL_EXPAND_ALT_TEXT', 'Expand this section');

	
	message.set('GLOBAL_LNK_EXPAND', 'Expand all');

	
	message.set('GLOBAL_LNK_COLLAPSE', 'Collapse all');	

	
	message.set('GLOBAL_LNK_ALT_EXPAND', 'Expand all');

	
	message.set('GLOBAL_LNK_ALT_COLLAPSE', 'Collapse all');		

	
	message.set('MBR_160_TOOLTIP_ADDRESS', 'You can arrange delivery to more than one address, such as a relative&#039;s house or a holiday house. Let us know the address for this list.');
	
	
	message.set('MBR_160_TOOLTIP_LIST', 'To make your shopping even easier, everything you order with Coles online goes into a master list called &#034;My usuals&#034;. It&#039;s automatically created for you as you shop. Use it to add items straight to your trolley with just one click.');

	
	message.set('SUCCESS_MBR_150', '<strong>Order cancelled</strong><br/>Your order, which was to be delivered on [input_0], has been cancelled.');

	
	message.set('SUCCESS_MBR_160', '<strong>List created</strong><br/>The following shopping list has been saved to your account:<br/>[input_0]');

	
	message.set('SUCCESS_ADD_ALL_TO_TROLLEY', '<strong>All items added!</strong><br/>All of the items in the following list have been added to your trolley for this order.');

	
	message.set('SUCCESS_MBR_163', '<strong>List deleted</strong><br/>The following list has been deleted:<br/>[input_0]');

	
	message.set('SUCCESS_MBR_164', '<strong>Changes saved</strong><br/>Your changes to this order have been saved.');

	
	message.set('SUCCESS_MBR_170', 'The item has been added to your list:<br/>[input_0]');
	
	
	message.set('GLOBAL_TXT_COLLECT_TIME_WARNING', "Looks like your collection time reservation is about to expire! Check out now to keep this time. ");
	
	
	message.set('GLOBAL_TXT_COLLECT_TIME_EXPIRED', "Your order was not placed in time for the collection time you chose. Please reserve a new time for this order.");

	
	message.set('GLOBAL_TXT_DELIVERY_TIME_WARNING', "Looks like your delivery time reservation is about to expire! Check out now to keep this time. ");
	
	
	message.set('GLOBAL_TXT_DELIVERY_TIME_EXPIRED', "Your order was not placed in time for the delivery time you chose. Please reserve a new time for this order.");

	
	
	message.set('SEARCH_PAGE_SIZE_COOKIE', 'ColesSearchPageSizeCookie');

	
	message.set('SEARCH_PAGE_SIZE_DEFAULT', '20');
	
	
	message.set('SEARCH_VIEW_COOKIE', 'ColesSearchViewCookie');
	
	
	message.set('COLES_SORT_COOKIE', 'ColesSortCookie');
	
	
	message.set('COLES_SORT_COOKIE_VALIDITY', '30');

	
	message.set('GLOBAL_LNK_ADD_TO_COMPARE', 'Compare');

	
	message.set('GLOBAL_LNK_ALT_ADD_TO_COMPARE', 'Compare products');

	
	message.set('GLOBAL_LNK_REMOVE_FROM_COMPARE', 'Compared');

	
	message.set('GLOBAL_LNK_ALT_REMOVE_FROM_COMPARE', 'Compared');

	
	message.set('COMPARE_SPAN_PRODS', 'Compare items');

	
	message.set('COMPARE_COOKIE_PREFIX', 'CompareItems_');

	
	message.set('COMPARE_TXT_TOOLTIP_FULL', 'Sorry, you can only compare up to four products at a time.');

	
	message.set('CAT_200_LNK_ALT_ITEM', 'Shopping list item');

	
	message.set('CAT_200_LNK_ALT_CURRENT', 'Current shopping list item');

	
	message.set('CAT_200_LNK_ALT_COMPLETED', 'Completed list item');

	
	message.set('CAT_200_LNK_NEXT', 'Next');

	
	message.set('CAT_200_LNK_PREVIOUS', 'Previous');

	
	message.set('ERR_QAS_DOWN', "System is currently unavailable, please try again shortly. [CLOSE_OVERLAY]");
	
	
	message.set('QAS_USE_ENTERED_ADDRESS', "Select address as entered");
	
	
	message.set('QAS_OR', "&#150;&#150;&#150; OR &#150;&#150;&#150;");

	
	message.set('GLOBAL_LNK_ALT_TOOLTIP_CLOSE', "Close");
	
	
	message.set('ORD_TOOLTIP_SUBSTITUTIONS', "<p>Occasionally, a product you order may be temporarily unavailable. When this happens and you&rsquo;ve ticked the substitutions box, our shoppers will select a comparable product for you, such as a different brand or size. Substitute items are charged at the lower of the original or the substitute price.</p>");

	
	message.set('PREDICTIVE_SEARCH_KEYWORDS', "Items:");

	
	message.set('PREDICTIVE_SEARCH_CATEGORY', "Aisles:");

	
	message.set('PREDICTIVE_SEARCH_BRAND', "Brands:");

	
	message.set('PREDICTIVE_SEARCH_HISTORY', "History:");
	
	
	message.set('GLOBAL_PROD_UNAVAILABLE', "Product is unavailable");

	
	message.set('ORD_100_MSG_MAXIMUM', "Your trolley has been updated with the maximum product amount.");

	
	message.set('CMP_800_TOOLTIP_REMEMBER_LIST', "Here's your list from last time");

	
	message.set('CMP_850B_TXT', "<strong>Success!</strong><br/>You&rsquo;re now on our mailing list for postcode ");

	
	message.set('CMP_850C_TXT', "<strong>There was a problem and we have not been able to gather your information.</strong><br/>Please try subscribing later.");
	
	
	message.set('GLOBAL_REDEMPTION', "{RedemptionLimit} is the limit. You can order up to {RedemptionLimit} items. We&rsquo;ve added {RedemptionLimit} items to your cart.");

	
	message.set('ORD_400_PAYMENT_SELECTION_TXT', "Select a payment method:");

	
	message.set('ORD_400_CUST_AGREE_TXT', "You must accept our customer agreement before you can place your order.");

	
	message.set('ERR_LOCALISATION_POSTCODE', "You must select a location from the list in order to continue. If your suburb or postcode is not in the list, the new-look Coles online may not be available in your area yet.");

	// Begin: CR#60246 | My Usuals & Personal Lists
	
	
	message.set('MBR_162_MYUSUALS_TOOLTIP_VIEW_BY', "<div><strong>Viewing your products</strong><br /><p>You can view the products in your 'My usuals' list by product name or category</p></div>");
	
	
	message.set('MBR_162_PERSONALS_TOOLTIP_VIEW_BY', "<div><strong>Viewing your products</strong><br /><p>You can view the products in your 'My personal' lists by product name or category</p></div>");
	
	
	message.set('MY_LISTS_PAGE_SIZE_COOKIE', 'ColesMyListsPageSizeCookie');
	
	// End: CR#60246 | My Usuals & Personal Lists
	
	//CR 60099 Flybuys Shopping History Start
	
	
	message.set('PAGE_CODE_COOKIE', "flybuyCode");
	
	//CR 60099 Flybuys Shopping History End
	
	// Begin: CR#54310 | COL - Free delivery for Coles MasterCard holders //
	
	
	message.set('ORD_340_TXT_CONDITIONS_TOOLTIP', "???ORD_340_TXT_CONDITIONS_TOOLTIP???");
	
	// End: CR#54310 | COL - Free delivery for Coles MasterCard holders //
	
	
	message.set('WINDOW_DISABLED_WARNING_TXT', "The reserved time and price is not available for delivery. Please choose a time and price that suits you.");
	
	message.set('_DM_WINDOW_DISABLED_FAILURE', "Your reserved window is not available for delivery, Please select a new delivery Window for successful order submission.");
	
	
	// Begin: US2931 | Desktop Integration with RHS Trolley //
	
	message.set('CRT_100_TXT_REDEMPTION', "The most you can order is {RedemptionLimit}");
	
	message.set('CRT_100_TXT_INVALID_QUANTITY', "Sorry, that's not a valid quantity");
	
	// End: US2931 | Desktop Integration with RHS Trolley //
	
});
</script> 
  
			</div>
		</div>
	

<div id="viewTrolleyPanel" role="dialog" aria-hidden="true" tabindex="-1" class="popup pageShadow trolleyPanel slider " aria-labelledby="rhsHeader-dialog-title" style="">
	<div class="holdFocus accessibility" id="holdFocusId"><p tabindex="-1">&nbsp;</p></div>
	<div class="announceProgress accessibility" id="announceProgressId"><p tabindex="-1">&nbsp;</p></div>
	<div id="rhsHeader-dialog-title">
		<span class="accessibility">
			pop up box displayed&nbsp; Trolley
		</span>
	</div>
	<div role="presentation" aria-hidden="true" class="trolleyTab-rhs">
		<a role="button" href="#viewTrolleyPanel" class="popup-close">
			trolley
		</a>		
	</div>
	 
	
		<div class="trolleyWrapper">
			<div id="viewTrolleyHeaderData" class="trolleyHeaderWrapper">
				<div class="trolleyHeader">
					<div id="rhsHeader" class="thcolumn-1">
						<div class="accessibility" id="trolleyDialogHeader"><p tabindex="-1">&nbsp;</p></div>
						<h2 tabindex="0" class="dialogbox-start init-focus">Trolley</h2>
					</div>
					<div class="thcolumn-2">
						<p>	
							<br>
							<span class="nItems">0 items</span>
							<span class="accessibility"> in your trolley</span>
						</p>				
					</div>
					<div class="thcolumn-3">
						<br>
						<a id="rhsClose" class="xTrolley popup-close" href="#viewTrolleyPanel">Close 
							<span class="accessibility"> this pop up dialog box</span>
						</a>
					</div>
				</div>
			</div>
			<div class="emptyTrolleyWrapper"> 
				<div id="emptyTrolley" tabindex="-1" class="emptyTrolley">
					<div class="emptyTrolleyInner">						
						<h3><span class="spriteicons trolleyIcon"></span>Your trolley is empty</h3>
						<span class="accessibility"></span>
						<a href="#viewTrolleyPanel" class="popup-close">Start shopping<span class="accessibility"></span></a>
					</div>
				</div>
			</div>	
		</div>
	
	<div class="dialogbox-end" tabindex="0">
    	<span class="accessibility">end of pop up dialog box</span>
    </div>
 </div><div id="logIn" class="popup rounded pageShadow popup-https" aria-labelledby="logIn-dialog-title" aria-hidden="true">	
	
	<div id="logIn-dialog-title">		
		<span class="accessibility">pop up box displayed&nbsp;Login</span>
	</div>	
	<h1 tabindex="0" class="dialogbox-start init-focus">
		<span>Log</span>&nbsp;In
	</h1> 
	<div class="close pageShadow">
		<a href="#logIn" class="popup-close" title=""> 
			Close this pop up dialog box
		</a>
	</div>
	
	
	<div class="messageArea"></div>
	 

<form method="POST" name="logInForm" action="https://shop.coles.com.au/online/Logon?catalogId=10576&amp;langId=-1&amp;storeId=10601" id="logInForm" class="formLayout">
	<input type="hidden" name="authToken" value="">
	<input type="hidden" name="reLogonURL" value="LogonForm" id="WC_AccountDisplay_FormInput_reLogonURL_In_Logon_1">
    <input type="hidden" name="myAcctMain" value="">
	<input type="hidden" name="updatePrices" value="0" id="WC_AccountDisplay_FormInput_updatePrices_In_Logon_1">
	<input type="hidden" name="errorViewName" value="LogonForm" id="WC_AccountDisplay_FormInput_errorViewName_In_Logon_1">                                 
	<input type="hidden" name="previousPage" value="logon" id="WC_AccountDisplay_FormInput_previousPage_In_Logon_1">
	<input type="hidden" name="returnPage" value="http://shop.coles.com.au/webapp/wcs/stores/servlet/national/fruit-vegetables/fruit-vegetables/" id="WC_AccountDisplay_FormInput_returnPage_In_Logon_1">
	<input type="hidden" name="storeFrontUser" value="true" id="WC_AccountDisplay_FormInput_storeFrontUser_In_Logon_1">
	<input type="hidden" name="channel" value="BeginDesktopCheckout">
	<input type="hidden" name="loginPage" value="LoginFromReviewTrolleyPage">
	<input type="hidden" name="URL" value="https://shop.coles.com.au/online/OrderItemMove?cmdStoreId=10401&amp;moveAutoAddedOrderItems=1&amp;updatePrices=1&amp;moveOrderPromotionCode=1&amp;calculationUsageId=-1&amp;calculationUsageId=-2&amp;calculationUsageId=-7&amp;createIfEmpty=0&amp;deleteIfEmpty=*&amp;continue=1&amp;toOrderId=.&amp;fromOrderId=*&amp;URL=https%3A%2F%2Fshop.coles.com.au%2Fonline%2FOrderCalculate%3FcmdStoreId%3D10401%26calculationUsageId%3D-1%26calculationUsageId%3D-2%26calculationUsageId%3D-7%26updatePrices%3D1%26catalogId%3D10576%26langId%3D-1%26storeId%3D10601%26URL%3Dhttp%253A%252F%252Fshop.coles.com.au%252Fwebapp%252Fwcs%252Fstores%252Fservlet%252Fnational%252Ffruit-vegetables%252Ffruit-vegetables%252F" id="logonURL">
	
			<input type="hidden" name="flowprocess" value="" id="flowprocess">
		

	<div class="wrap">
		<div class="row">
			<label for="logonId" class="w-45">Email address:</label> 
		   
			<input class="w-80 v-mandatory v-email v-maxchars-50 init-focus" type="email" autocorrect="off" name="logonId" id="logonId" value="" aria-required="true">
			 <span><a href="http://shop.coles.com.au/online/national/info/help-logging-in">Not sure which email to use?</a></span>
			
		</div>
		<div class="row">
			<label for="logonPassword" class="w-100">Password:</label>
			<input class="w-50 v-mandatory" name="logonPassword" type="password" id="logonPassword" autocomplete="off" aria-required="true">
			
				<a href="#forgotPassForm" class="btn popup-launch" title="">Forgot your password?</a>
			
		</div>
		<div class="row">
		
		</div>
     
		<div class="clear"></div>
	</div>
	<input type="submit" class="btn-grey" value="Log in" title="Log in" name="btnLogin">
	
	
		<a href="#logIn" class="btn popup-close" title="Cancel">Cancel</a>
	 
	
	<div class="clear"></div>
	
		<hr>
		<p>Don't have an account yet? <a href="#register" class="popup-launch action-register" title="Register for an account">Register now</a></p>
		
</form>
<form id="analytics-data-logIn" name="analytics-data-logIn" method="post" action="" class="hidden" aria-hidden="true">
<input type="hidden" name="DCS.dcsuri" value="/logIn">
<input type="hidden" name="WT.cg_n" value="Register">
<input type="hidden" name="WT.ti" value="Login">
</form> 
    <div class="dialogbox-end" tabindex="0">
		<span class="accessibility">end of pop up dialog box</span>
	</div>
	    
</div><div id="register" class="popup rounded pageShadow popup-https" aria-labelledby="register-dialog-title" aria-hidden="true">
	
	<div id="register-dialog-title">		
		<span class="accessibility">pop up box displayed&nbsp; Registration</span>
	</div>	
	
	<h1 tabindex="0" class="dialogbox-start init-focus">
		<span>Register</span> 
	</h1>
	<div class="close pageShadow">
		<a href="#register" class="popup-close" title="">Close this pop up dialog box</a>
	</div>
	<div class="messageArea"></div>
	
<form id="registerForm" class="formLayout" method="post" action="https://shop.coles.com.au/online/UserRegistrationAdd?catalogId=10576&amp;langId=-1&amp;storeId=10601">
	<input type="hidden" name="authToken" value="">
	<input type="hidden" name="redirectUrl" value="">
	<input type="hidden" name="errorViewName" value="UserRegistrationAddFormView" id="WC_UserRegistrationAddForm_FormInput_errorViewName_In_Register_1">
	<input type="hidden" name="storeId" value="10601" id="WC_UserRegistrationAddForm_FormInput_storeId_In_Register_1">
    <input type="hidden" name="catalogId" value="10576" id="WC_UserRegistrationAddForm_FormInput_catalogId_In_Register_1">
	<input type="hidden" name="suburbPostCodeId" value="">
	<input type="hidden" name="serviceType" value="">
	<input type="hidden" name="inputSuburbPostCodeId" value="">
	<input type="hidden" name="externalffmcId" value="">	
	<input type="hidden" name="state" value="">	
	<input type="hidden" name="score" value="">	
	<input type="hidden" name="collectionpoint" value="">	
	<input type="hidden" name="suburb" value="">	
	<input type="hidden" name="zoneId" value="">	
	<input type="hidden" name="zipCode" value="">	
	<input type="hidden" name="postcode" value="">
	<input type="hidden" name="country" value="AU">	
	<input type="hidden" name="longitude" value="">	
	<input type="hidden" name="latitude" value="">
	<input type="hidden" name="stlocId" value="">	
	<input type="hidden" name="URL" value="http://shop.coles.com.au/webapp/wcs/stores/servlet/national/fruit-vegetables/fruit-vegetables/" id="registerURL">
	<input type="hidden" name="returnPage" value="http://shop.coles.com.au/webapp/wcs/stores/servlet/national/fruit-vegetables/fruit-vegetables/">
	
	<input type="hidden" name="flybuysShoppingHistoryToken" value="1">
	<input type="hidden" name="registerCode" value="register">
	
	<div class="wrap">
		<p>
			Please register your details and tell us your location so you can save time when you check out.
		</p>
		<div class="row">
			<input type="checkbox" value="1" id="ProfileBusinessUser_null_a_1" name="ProfileBusinessUser_null_a_1" class="s-5">
			<label for="ProfileBusinessUser_null_a_1" class="highlight normal">I am a business customer</label>
		</div>
		<div id="businessCustomer" class="businessFields hidden" disabled="disabled">
			<div class="row businessFields hidden" disabled="disabled">
				<label for="txtBusinessName" class="businessFields w-70 hidden" disabled="disabled">Business name</label>
				
				<input type="text" id="txtBusinessName" maxlength="50" autocorrect="off" name="ProfileBusinessCustomerName_null_a_1" value="" class="businessFields w-70 v-mandatory v-alphanumeric4 v-maxchars-128 hidden" disabled="disabled" aria-required="true">
				
			</div>
			<div class="row businessFields hidden" disabled="disabled">
				<label for="txtABN" class="w-60 businessFields hidden" disabled="disabled">ABN</label> 
				<input type="number" id="txtABN" name="ProfileBusinessCustomerABN_null_a_1" value="" class="businessFields w-50 v-abn hidden" disabled="disabled">
			</div>
			
			<div class="row businessFields hidden" disabled="disabled">
				<label for="txtBusinessType" class="w-60 businessFields hidden" disabled="disabled">Business type:</label> 
				<select id="txtBusinessType" name="ProfileBusinessCustomerType_null_a_1" class="businessFields w-60 v-mandatory" aria-required="true">
					<option value="">Please select...</option>
						
								<option value="Aged Care">
									Aged Care
								</option>
							
								<option value="Childcare">
									Childcare
								</option>
							
								<option value="Clubs / Associations">
									Clubs / Associations
								</option>
							
								<option value="Construction / Property Development / Real Estate">
									Construction / Property Development / Real Estate
								</option>
							
								<option value="Disability">
									Disability
								</option>
							
								<option value="Recreation / Leisure / Entertainment">
									Recreation / Leisure / Entertainment
								</option>
							
								<option value="Environmental">
									Environmental
								</option>
							
								<option value="Events / Festivals">
									Events / Festivals
								</option>
							
								<option value="Financial / Banking">
									Financial / Banking
								</option>
							
								<option value="Food &amp; Beverage">
									Food &amp; Beverage
								</option>
							
								<option value="Government / Councils">
									Government / Councils
								</option>
							
								<option value="Home Business">
									Home Business
								</option>
							
								<option value="Health &amp; Medical">
									Health &amp; Medical
								</option>
							
								<option value="Hotels / Tourism">
									Hotels / Tourism
								</option>
							
								<option value="Legal">
									Legal
								</option>
							
								<option value="Mining / Engineering">
									Mining / Engineering
								</option>
							
								<option value="Machinery / Manufacturing">
									Machinery / Manufacturing
								</option>
							
								<option value="Marketing / Advertising / PR / Media">
									Marketing / Advertising / PR / Media
								</option>
							
								<option value="Not for Profit">
									Not for Profit
								</option>
							
								<option value="Professional Services">
									Professional Services
								</option>
							
								<option value="Recreation">
									Recreation
								</option>
							
								<option value="Retail / Wholesalers / Distributors">
									Retail / Wholesalers / Distributors
								</option>
							
								<option value="Schools">
									Schools
								</option>
							
								<option value="Shipping / Marine">
									Shipping / Marine
								</option>
							
								<option value="Technology / Communications">
									Technology / Communications
								</option>
							
								<option value="Trade Services">
									Trade Services
								</option>
							
								<option value="Transportation">
									Transportation
								</option>
							
								<option value="Utilities">
									Utilities
								</option>
							
								<option value="Other">
									Other
								</option>
							
								<option value="Rather not say">
									Rather not say
								</option>
							
				</select>
			</div>
			
			<hr>
		</div>
		<div class="row">
			<label for="firstName" class="w-100">
				Name:
			</label> 
			<input type="text" id="firstName" name="firstName" autocorrect="off" value="" class="w-40 v-mandatory v-alpha v-maxchars-128 validate-msg-placeholder init-focus" title="Given name" placeholder="Given name" aria-required="true"> 
			<input type="text" id="lastName" name="lastName" autocorrect="off" value="" class="w-40 v-mandatory v-alpha v-maxchars-128 validate-msg-placeholder" title="Family name" placeholder="Family name" aria-required="true">
		</div>
		<div class="row">
			<label for="dateOfBirth" class="w-100">Date of birth:</label><br>
			<p class="note">
				According to Australian Law you must be of legal age to browse and purchase tobacco and smoking products. Please provide your date of birth if you wish to do either of these.
			</p>
			<input type="text" id="dateOfBirth" name="dateOfBirth" class="w-30 v-date dp-field" value="" title="dd/mm/yyyy" placeholder="dd/mm/yyyy"><a href="#" class="dp-launch" title="Select date" aria-hidden="true" role="presentation"><span aria-hidden="true" role="presentation">[Select]</span></a>
		</div>
		<div class="row">
			<label for="logonId" class="w-100">Email address:</label>
			<input type="email" id="logonId" name="logonId" autocorrect="off" value="" class="w-70 v-mandatory v-email v-maxchars-50" aria-required="true">
		</div>
		

<div class="row">
	<label for="logonPassword" class="w-100">Create a password:</label>
	<p class="note">Passwords must be 7-20 characters long, and contain at least one letter and one number.</p>
	<input type="password" id="logonPassword" name="logonPassword" value="" class="w-50 v-mandatory v-password v-passwordPair" autocomplete="off" aria-required="true">
</div>
<div class="row">
	<label for="logonPasswordVerify" class="w-100">Confirm password:</label>
	<input type="password" id="logonPasswordVerify" name="logonPasswordVerify" value="" class="w-50 v-mandatory v-password v-passwordPairConfirm" autocomplete="off" aria-required="true">
</div>

		<div class="row">
			<label for="txtLocalPostcode" class="w-100">Suburb and postcode:</label>
			<div class="v-holder">
				<input type="text" id="txtLocalPostcode" name="txtLocalPostcode" autocomplete="off" autocorrect="off" value="" class="w-50 v-mandatory pred-localisation" aria-required="true"><div class="pred-menu hidden" aria-hidden="true"><ul></ul></div>
			</div>
		</div>
        <br>
		<div class="row">
			<input type="checkbox" id="emailPreference" name="emailPreference" value="1" checked="checked" class="s-5"> 
			<label for="emailPreference" class="normal">Yes, please keep me up to date on special offers, products, promotions and news from Coles online.</label>
		</div>
		
		<div class="clear"></div>
	</div>
	<input type="submit" class="btn-grey" title="Register" value="Register" name="btnRegister"> 
	
		<a href="#register" class="btn popup-close" title="Cancel">Cancel</a>
	
	<div class="clear"></div>
	<hr>
	<span class="btn">Do you already have an account? <a href="#logIn" class="popup-launch action-login" title="Log in">Log in</a></span>
</form>
<form id="analytics-data-register" name="analytics-data-register" method="post" action="" class="hidden" aria-hidden="true">
<input type="hidden" name="WT.si_x" value="1">
<input type="hidden" name="DCS.dcsuri" value="/register">
<input type="hidden" name="WT.ti" value="Register">
</form>
	<div class="dialogbox-end" tabindex="0">
		<span class="accessibility">end of pop up dialog box</span>
	</div>	
</div><div id="removeAllItems" class="popup rounded pageShadow" aria-labelledby="removeAllItems-dialog-title" aria-hidden="true">
	<div id="removeAllItems-dialog-title">		
		<span class="accessibility">pop up box displayed&nbsp;confirm remove all items</span>
	</div>
    <h1 id="dialog-title" tabindex="0" class="dialogbox-start init-focus"><span>Are</span>&nbsp;you sure?</h1>
	<div class="close pageShadow"><a href="#removeAllItems" class="popup-close" title="">Close this pop up dialog box</a></div>
	
	<div class="wrap">
		<p>Just checking that you want to remove all items from your trolley (that’s <span class="remove-quantity">0</span> items in total).</p>
	</div>
	<button type="submit" class="btn-grey" name="btnRemoveAllItems" id="btnRemoveAllItems">Yes, remove all items</button>
	<a href="#removeAllItems" class="btn popup-close removeitems-all" title="">Cancel</a>
	<div class="clear"></div>
	<form id="analytics-data-removeAllItems" name="analytics-data-removeAllItems" method="post" action="" class="hidden" aria-hidden="true">
<input type="hidden" name="DCS.dcsuri" value="/removeAllConfirmation">
<input type="hidden" name="WT.cg_n" value="Order">
<input type="hidden" name="WT.ti" value="Remove All Confirmation">
<input type="hidden" name="WT.cg_s" value="Remove All Items Overlay">
</form>
	<div class="dialogbox-end" tabindex="0">
		<span class="accessibility">end of pop up dialog box</span>
	</div>	
</div><div id="forgotPassForm" class="popup rounded pageShadow" aria-labelledby="forgotPassForm-dialog-title" aria-hidden="true">
	
	<div id="forgotPassForm-dialog-title">		
		<span class="accessibility">pop up box displayed&nbsp; Forgotten Password</span>
	</div>	
	<h1 tabindex="0" class="dialogbox-start init-focus">
		<span>Forgot</span>your password? 
    </h1>		
	<div class="close pageShadow">
		<a href="#forgotPassForm" class="popup-close" title=""> 
			Close this pop up dialog box 
		</a>
	</div>
	
		
	<div class="messageArea"></div>	
	<form id="ResetPasswordForm" class="formLayout" method="post" action="PersonChangeServicePasswordReset">
		<input type="hidden" name="challengeAnswer" value="-" id="WC_PasswordResetForm_FormInput_challengeAnswer_In_ResetPasswordForm_1">
		<input type="hidden" name="storeId" value="10601" id="WC_PasswordResetForm_FormInput_storeId_In_ResetPasswordForm_1">
		<input type="hidden" name="catalogId" value="10576" id="WC_PasswordResetForm_FormInput_catalogId_In_ResetPasswordForm_1">
		<input type="hidden" name="langId" value="-1" id="WC_PasswordResetForm_FormInput_langId_In_ResetPasswordForm_1">
		<input type="hidden" name="state" value="passwdconfirm" id="WC_PasswordResetForm_FormInput_state_In_ResetPasswordForm_1">
		<input type="hidden" name="URL" value="AjaxActionResponse" id="WC_PasswordResetForm_FormInput_URL_In_ResetPasswordForm_1">
		<input type="hidden" name="errorViewName" value="AjaxActionErrorResponse" id="WC_PasswordResetForm_FormInput_errorViewName_In_ResetPasswordForm_1">
		<div class="wrap">
			<p>No worries. Enter the email address you used to register, and we’ll send you a message with instructions on how to reset your password.</p>
			<div class="row">
				<label for="WC_PasswordResetForm_FormInput_logonId_In_ResetPasswordForm_1">Email address:</label>
				<input type="email" id="WC_PasswordResetForm_FormInput_logonId_In_ResetPasswordForm_1" name="logonId" autocorrect="off" class="w-70 v-mandatory v-email v-maxchars-254" aria-required="true">
			</div>
			<div class="clear"></div>
		</div>					
		<input type="submit" class="btn-grey popup-launch-forgotPassConfirm" title="" value="Send email" name="btnResetPassword">	
		<a role="button" href="#forgotPassForm" class="btn popup-close" title="">
			Cancel 
		</a>
		<div class="clear"></div>
	</form>
	    <form id="analytics-data-forgotPassConfirm" name="analytics-data-forgotPassConfirm" method="post" action="" class="hidden" aria-hidden="true">
<input type="hidden" name="DCS.dcsuri" value="/forgotpassword">
<input type="hidden" name="WT.cg_n" value="Register">
<input type="hidden" name="WT.ti" value="Forgot your password">
</form>
    <div class="dialogbox-end" tabindex="0">
     <span class="accessibility">end of pop up dialog box</span>
    </div>
</div><div id="localisation" class="popup rounded pageShadow" aria-labelledby="localisation-dialog-title" aria-hidden="true">
	
	
	<div id="localisation-dialog-title">		
		<span class="accessibility">pop up box displayed&nbsp;tell us your location</span>
	</div>	
	 
	
	
    <h1 tabindex="0" class="dialogbox-start init-focus">
    	<span>Let’s</span>&nbsp;get started     
    </h1>
    <div class="close pageShadow">
    	<a href="#localisation" class="popup-close" title="">Close this pop up dialog box</a>
    </div>
	
	<form id="localisationForm" class="formLayout" method="post" action="COLLocalisationControllerCmd">
		<input type="hidden" name="redirectUrl" value="">
		<input type="hidden" name="suburbPostCodeId" value="">
		<input type="hidden" name="serviceType" value="">
		<input type="hidden" name="externalffmcId" value="">	
		<input type="hidden" name="state" value="">	
		<input type="hidden" name="score" value="">	
		<input type="hidden" name="collectionpoint" value="">	
		<input type="hidden" name="suburb" value="">	
		<input type="hidden" name="zoneid" value="">	
		<input type="hidden" name="postcode" value="">	
		<input type="hidden" name="longitude" value="">	
		<input type="hidden" name="latitude" value="">
		
		<div class="wrap">
			<p>Please enter your suburb and postcode so we can show you what's available locally.</p>
			<div class="messageArea"></div>
			<div class="row">
				<label for="txtLocalPostcode" class="w-100">Suburb and Postcode<span class="accessibility"> (After entering 3 characters a list of options will display. Use tab key to navigate list.)</span>:</label>
				<div class="v-holder">
					<input type="text" id="txtLocalPostcode" name="txtLocalPostcode" autocomplete="off" value="" autocorrect="off" class="w-50 v-mandatory pred-localisation init-focus" aria-required="true"><div class="pred-menu hidden" aria-hidden="true"><ul></ul></div>
				</div>
			</div>
		</div>
		<p class="noOutline" id="acc-setLocalisation-focus" tabindex="-1"></p>
		<input type="submit" class="btn-grey" role="button" title="Submit" value="Submit" name="btnCheckPostcode">
		
				<div class="clear"></div>
				<hr>
				<p>Shopped with us before?&nbsp;<a href="#logIn" class="popup-launch action-login" title="Log in">Log in</a></p>
			
	</form>
	<form id="analytics-data-localizationForm" name="analytics-data-localizationForm" method="post" action="" class="hidden" aria-hidden="true">
<input type="hidden" name="DCS.dcsuri" value="/localisationForm">
<input type="hidden" name="WT.cg_n" value="Register">
<input type="hidden" name="WT.ti" value="Localisation">
</form>
     <div class="dialogbox-end" tabindex="0">
		<span class="accessibility">end of pop up dialog box</span>
	 </div>
</div><div id="changeLocation" class="popup rounded pageShadow" aria-labelledby="changeLocation-dialog-title" aria-hidden="true">
    
    
	<div id="changeLocation-dialog-title">		
		<span class="accessibility">pop up box displayed Localisation Change</span>
	</div>	
	 
	    
    <h1 tabindex="0" class="dialogbox-start init-focus"><span>Choose</span> a location to shop</h1>
	<div class="close pageShadow"><a href="#changeLocation" class="popup-close" title="">Close this pop up dialog box</a></div>
	
	<form id="changeLocationForm" class="formLayout" method="post" action="COLLocalisationControllerCmd">
		<input type="hidden" name="redirectUrl" value="">
		<input type="hidden" name="suburbPostCodeId" value="">
		<input type="hidden" name="serviceType" value="">
		<input type="hidden" name="externalffmcId" value="">	
		<input type="hidden" name="state" value="">	
		<input type="hidden" name="score" value="">	
		<input type="hidden" name="collectionpoint" value="">	
		<input type="hidden" name="suburb" value="">	
		<input type="hidden" name="zoneid" value="">	
		<input type="hidden" name="postcode" value="">	
		<input type="hidden" name="longitude" value="">	
		<input type="hidden" name="latitude" value="">
			
		<div class="wrap">
			<div class="messageArea"></div>
			<div class="row">
				<h2>Change location</h2>
				<label for="txtLocalPostcode" class="w-100">Suburb and Postcode<span class="accessibility"> (After entering 3 characters a list of options will display. Use tab key to navigate list.)</span>:</label>
				<div class="v-holder">
					<input type="text" id="txtLocalPostcode" name="txtLocalPostcode" autocomplete="off" value="" class="w-50 v-mandatory pred-localisation init-focus" aria-required="true"><div class="pred-menu hidden" aria-hidden="true"><ul></ul></div>
				</div>
			</div>
		</div>
		<p class="noOutline" id="change-location-focus" tabindex="-1"></p>
		<input type="submit" class="btn-grey" role="button" title="Submit" value="Submit" name="btnCheckPostcode">
		
		<a href="#changeLocation" class="btn popup-close" title="Choose later">Choose later</a>
		<div class="clear"></div>
	</form>
	<form id="analytics-data-locationChange" name="analytics-data-locationChange" method="post" action="" class="hidden" aria-hidden="true">
<input type="hidden" name="DCS.dcsuri" value="/changeLocation">
<input type="hidden" name="WT.cg_n" value="Register">
<input type="hidden" name="WT.ti" value="Change Location">
</form>
     <div class="dialogbox-end" tabindex="0">
		<span class="accessibility">end of pop up dialog box</span>
	 </div>
</div><div id="MultibuyRedirect" class="popup rounded pageShadow" aria-labelledby="MultibuyRedirect-dialog-title" aria-hidden="true">	
	
	<div id="MultibuyRedirect-dialog-title">		
		<span class="accessibility">pop up box displayed&nbsp;redirecting to your local specials</span>
	</div>	
	<div class="msg msg-warning">
		<h1>Let's check your local Coles</h1>
		<p>We're sending you to your local Coles so you can see what specials are on offer there.</p>
		<br>
		<a href="#" class="action-multibuy-redirect" title="">Click here to see your local specials if it's not happening automatically</a>
	</div>
	<div class="dialogbox-end" tabindex="0">
		<span class="accessibility">end of pop up dialog box</span>
	 </div>
</div><div id="multiSKUPromotionOverlay" class="popup rounded pageShadow promo" aria-labelledby="multiSKUPromotionOverlay-dialog-title" data-multiskupromo="{storeId: '10601',
							catalogId: '10576',
							langId: '-1',
							catEntryIds:'',
							promotionId:''}" aria-hidden="true">	
	
	<div id="multiSKUPromotionOverlay-dialog-title">		
		<span class="accessibility">pop up box displayed&nbsp; multi buy promotion</span>
	</div>	
	
	<h1 tabindex="0" class="dialogbox-start init-focus"> <span class="accessibility">On special</span></h1>
	<div class="close pageShadow"><a href="#multiSKUPromotionOverlay" class="popup-close" title="">Close this pop up dialog box</a></div>
	<div class="offer"><span class="icon"></span></div>
	<div class="promotion-Details">
		
		
	</div>
	<div class="list-view">
		
	</div>
	<a role="button" href="#multiSKUPromotionOverlay" class="popup-close btn-grey" title="">Continue Shopping</a>
    <div class="dialogbox-end" tabindex="0">
		<span class="accessibility">end of pop up dialog box</span>
	 </div>
</div><div id="specialOffer" class="popup rounded pageShadow" aria-labelledby="specialOffer-dialog-title" data-specialoffer="{storeId: '10601', catalogId: '10576', langId: '-1', productId: ''}" aria-hidden="true">
	<div id="specialOffer-dialog-title">		
		<span class="accessibility">pop up box displayed&nbsp; Special Offer</span>
	</div>
	<form id="analytics-data-specialOffer" name="analytics-data-specialOffer" method="post" action="" class="hidden" aria-hidden="true">
<input type="hidden" name="DCS.dcsuri" value="/specialOffer">
<input type="hidden" name="WT.cg_n" value="Order">
<input type="hidden" name="WT.ti" value="Special Offer">
<input type="hidden" name="WT.cg_s" value="Special Offer Overlay">
</form>
	
    <div class="dialogbox-end" tabindex="0">
		<span class="accessibility">end of pop up dialog box</span>
	 </div>
</div><div id="modifyOrder" class="popup rounded pageShadow" data-modifyorder="{
			storeId:'10601',
			catalogId:'10576',
			langId:'-1',
			orderId:'',
            orderTotal:''
			}" aria-labelledby="modifyOrder-dialog-title" aria-hidden="true">
			
	
	<div id="modifyOrder-dialog-title">		
		<span class="accessibility">pop up box displayed&nbsp;Modify Order</span>
	</div>	
	<h1 id="dialog-title" tabindex="0" class="dialogbox-start init-focus">
		<span>Are you sure?</span>&nbsp;
		
	</h1>

	<div class="close pageShadow">
		<a href="#modifyOrder" class="popup-close" title="">Close this pop up dialog box</a>
	</div>	
	
	<div class="messageArea"></div>
	<div class="wrap">
		<p>Before you modify, there are 3 things to consider:</p><ol><li>You will receive <strong>today’s prices and specials* </strong>on your<strong> entire order</strong></li><li>You must <strong>check out again, </strong>or you won’t receive your order</li><li>We can hold your  delivery time for 2 hours maximum</li></ol>*Most specials change early Wednesday (Sydney time). Fruit &amp; veg specials change early Friday (Sydney time).<p></p>
		<a role="button" href="" class="btn-grey-dbl action-btn action-add-items" title="Add or remove items">Add or remove items</a>	
		
				<a role="button" href="" class="btn-grey-dbl action-btn action-change-time" title="Change the delivery time of this order">Change my delivery time</a>
			
				<a role="button" href="#" class="btn-grey-dbl action-btn action-change-fulfilment" title="Change to collect instead of delivery">Change to collect</a>
			
		<a role="button" href="" class="btn-grey-dbl noMargin action-btn action-change-payment" title="Change the payment method of this order">Change my payment method</a>
		<div class="clear"></div>
	</div>
	<div class="buttons">
		<a href="#modifyOrder" class="btn popup-close" title="Close this window">Close</a>
	</div>
	<div class="clear"></div>
	<form id="analytics-data-modifyOrder" name="analytics-data-modifyOrder" method="post" action="" class="hidden" aria-hidden="true">
<input type="hidden" name="DCS.dcsuri" value="/modifyOrder">
<input type="hidden" name="WT.ti" value="Modify Order">
</form>
	    <div class="dialogbox-end" tabindex="0">
			<span class="accessibility">end of pop up dialog box</span>
		</div>
	    
</div><div id="alternativesOverlay" aria-labelledby="alternativesOverlay-dialog-title" class="popup rounded pageShadow" data-refresh="{refreshId:'alternativesOverlay', 
				catEntryId: '', quantity: '', catalogId: '10576',
				storeId: '10601', langId: '-1', orderId: '', 
				forStoreId: '', fulfillmentCenterId_1: '', 
				orderItemId: ''}" aria-hidden="true">
	<div id="alternativesOverlay-dialog-title">		
		<span class="accessibility">pop up box displayed&nbsp; Product Alternatives</span>
	</div>
<form id="analytics-data" name="analytics-data" method="post" action="" class="hidden" aria-hidden="true">
<input type="hidden" name="DCS.dcsuri" value="/alternatives">
<input type="hidden" name="WT.cg_n" value="Order">
<input type="hidden" name="WT.ti" value="Alternatives">
<input type="hidden" name="WT.cg_s" value="Alternatives Overlay">
</form>
      <div class="dialogbox-end" tabindex="0">
		<span class="accessibility">end of pop up dialog box</span>
	 </div>
</div><div id="QASListOverlay" class="popup rounded pageShadow popup-unclosable" aria-labelledby="QASListOverlay-dialog-title" aria-hidden="true">

	<div id="QASListOverlay-dialog-title">		
		<span class="accessibility">pop up box displayed&nbsp;address validation</span>
	</div>
	<h1 tabindex="0" class="dialogbox-start init-focus"><span>Select </span>&nbsp;a delivery address</h1>
	<div class="messageArea"></div>
	<div id="QASList">
		<p id="QASInfoText">Please select one of the options below:</p>
	</div>
	<button href="#" class="btn-grey btn-disabled" name="btnSelectAddress" role="button" disabled="disabled" title="Ok">Ok</button>
	<div class="clear"></div>
	<form id="analytics-data-deletDeliveryAddressOverlay" name="analytics-data-deletDeliveryAddressOverlay" method="post" action="" class="hidden" aria-hidden="true">
<input type="hidden" name="DCS.dcsuri" value="/QASList">
<input type="hidden" name="WT.cg_n" value="Member">
<input type="hidden" name="WT.ti" value="Display a list of addresses">
<input type="hidden" name="WT.cg_s" value="QAS List Overlay">
</form>
    <div class="dialogbox-end" tabindex="0">
		<span class="accessibility">end of pop up dialog box</span>
	</div>
    
</div><div id="forgotPassConfirm" class="popup rounded pageShadow" aria-labelledby="forgotPassConfirm-dialog-title" aria-hidden="true">
	
	<div class="forgotPassConfirm-dialog-title">		
		<span class="accessibility">pop up box displayed&nbsp; Forgotten Password Confirmation</span>
	</div>	
	<h1 tabindex="0" class="dialogbox-start init-focus">
		<span></span>
		An email is on its way		 
	</h1>	
	<div class="close pageShadow">
		<a href="#forgotPassConfirm" class="popup-close" title=""> 
			Close this pop up dialog box
		</a>
	</div>	
	
	<div class="wrap">
		<p>
			We’ve sent instructions for resetting your password to your email address.
		</p>
		<div class="clear"></div>
	</div>
	<a role="button" href="#forgotPassConfirm" class="btn-grey popup-close" title="">
		Close
	</a>
	<div class="clear"></div>
    <form id="analytics-data-forgotPassConfirm" name="analytics-data-forgotPassConfirm" method="post" action="" class="hidden" aria-hidden="true">
<input type="hidden" name="DCS.dcsuri" value="/forgotPassConfirm">
<input type="hidden" name="WT.cg_n" value="Register">
<input type="hidden" name="WT.ti" value="Forgot Password Confirmation">
</form> 
    <div class="dialogbox-end" tabindex="0">
		<span class="accessibility">end of pop up dialog box</span>
	</div>
</div><div id="createNewList" class="popup rounded pageShadow" aria-labelledby="createNewList-dialog-title" aria-hidden="true">
	<div id="createNewList-dialog-title">		
		<span class="accessibility">pop up box displayed&nbsp;create a new list</span>
	</div>
    <h1 id="dialog-title" tabindex="0" class="dialogbox-start init-focus"><span>Create</span> a new list</h1>
	<div class="close pageShadow"><a href="#createNewList" class="popup-close" title="">Close this pop up dialog box</a></div>
	
	<div class="messageArea"></div>
	<form class="formLayout" name="createList" id="createList" method="post" action="AjaxGiftListServiceCreate">
		<input type="hidden" name="langId" value="-1">
		<input type="hidden" name="storeId" value="10401">
		<input type="hidden" name="catalogId" value="10576">
		<input type="hidden" name="successView" value="">
		
		<div class="wrap">
			<label for="name" class="w-80">Name:</label>
			<input type="text" id="name" name="name" class="w-80 v-mandatory" placeholder="i.e. Jane's birthday party" title="i.e. Jane's birthday party" aria-required="true"> 
			<label for="location" class="w-80">Location: </label>
			<input type="text" id="location" name="location" class="w-80 v-mandatory" aria-required="true">
			<p><a href="#" class="address-tooltip" title="">Why do I need to choose an address?</a></p>
		</div>
		<div class="clear"></div>			
		<div class="buttons">
			<button name="btnCreateList" id="btnCreateList" type="submit" class="btn-grey" role="button">Create list</button>
		 	<a href="#createNewList" class="btn popup-close" title="">Cancel</a>
		</div>
		<div class="clear"></div>
	</form>
	<form id="analytics-data-createNewList" name="analytics-data-createNewList" method="post" action="" class="hidden" aria-hidden="true">
<input type="hidden" name="DCS.dcsuri" value="/createList">
<input type="hidden" name="WT.ti" value="Create List">
</form>
    <div class="dialogbox-end" tabindex="0">
		<span class="accessibility">end of pop up dialog box</span>
	</div>
</div><div id="deleteList" class="popup rounded pageShadow" aria-labelledby="deleteList-dialog-title" aria-hidden="true">
	<div id="deleteList-dialog-title">		
		<span class="accessibility">pop up box displayed&nbsp;Delete&nbsp;list</span>
	</div>
	<h1 id="dialog-title" tabindex="0" class="dialogbox-start init-focus"><span>Delete
	</span>&nbsp;list
	</h1>
	<div class="close pageShadow"><a href="#deleteList" class="popup-close" title="">Close this pop up dialog box</a></div>
	
	<div class="messageArea"></div>
	 
	<form id="deleteListForm" class="formLayout" method="post" action="AjaxGiftListServiceDeleteGiftList">
		<input type="hidden" name="langId" value="-1">
		<input type="hidden" name="storeId" value="10401">
		<input type="hidden" name="catalogId" value="10576">
		<input type="hidden" name="successView" value="https://shop.coles.com.au/online/ColesMyListsView?catalogId=10576&amp;urlLangId=-1&amp;langId=-1&amp;storeId=10601">
		
		<div class="wrap">
			<p>Please confirm you would like to delete the following list:</p>
			<input type="hidden" name="giftListId" value="" id="giftListId">
			<p id="listName" class="focusItem"></p>
			<div class="clear"></div>
		</div>
		<div class="buttons">
			<button name="btnDeleteList" id="btnDeleteList" type="submit" class="btn-grey">Yes, I want to delete this list</button>
			<a href="#deleteList" class="btn popup-close" title="">No, don't delete this list</a>
		</div>
		<div class="clear"></div>
	</form>
	<form id="analytics-data-createNewList" name="analytics-data-createNewList" method="post" action="" class="hidden" aria-hidden="true">
<input type="hidden" name="DCS.dcsuri" value="/deleteList">
<input type="hidden" name="WT.ti" value="Delete List">
</form>
	 <div class="dialogbox-end" tabindex="0">
		<span class="accessibility">end of pop up dialog box</span>
	</div>
    </div><div id="editList" class="popup rounded pageShadow" aria-labelledby="editList-dialog-title" aria-hidden="true">
	<div id="editList-dialog-title">		
		<span class="accessibility">pop up box displayed&nbsp;edit name of list</span>
	</div>
    <h1 id="dialog-title" tabindex="0" class="dialogbox-start init-focus"><span>Edit</span> list</h1>
	<div class="close pageShadow"><a href="#editList" class="popup-close" title="">Close this pop up dialog box</a></div>
    <form id="editListForm" class="formLayout" method="post" action="AjaxGiftListServiceUpdateDescription">
		<input type="hidden" name="langId" value="-1">
		<input type="hidden" name="storeId" value="10401">
		<input type="hidden" name="catalogId" value="10576">
		<input type="hidden" name="giftListId" value="" id="giftListId">
		<div class="wrap">
				<label for="name" class="w-80">Name:</label>
				<input type="text" id="name" name="name" value="" class="w-80 v-mandatory" aria-required="true">
				<label for="location" class="w-80">Location:</label>
				<input type="text" id="location" name="location" value="" class="w-80 v-mandatory" aria-required="true">
		<p><a href="#" class="address-tooltip" title="">Why do I need to choose an address?</a></p>
		</div>
		<div class="clear"></div>
		<div class="buttons">
			<button name="btnEditList" type="submit" class="btn-grey">Save changes</button>
			<a href="#editList" class="btn popup-close" title="">Cancel</a>
		</div>
		<div class="clear"></div>
	</form>
	<form id="analytics-data-editList" name="analytics-data-editList" method="post" action="" class="hidden" aria-hidden="true">
<input type="hidden" name="DCS.dcsuri" value="/editList">
<input type="hidden" name="WT.ti" value="Edit List">
</form>
    <div class="dialogbox-end" tabindex="0">
		<span class="accessibility">end of pop up dialog box</span>
	</div>
</div><div id="LPMcontainer-1422876191658-0" class="LPMcontainer" style="margin-top: 0px; margin-right: 0px; margin-bottom: 0px; margin-left: 0px; padding-top: 0px; padding-right: 0px; padding-bottom: 0px; padding-left: 0px; border-top-width: 0px; border-right-width: 0px; border-bottom-width: 0px; border-left-width: 0px; outline-style: none; outline-width: 0px; font-style: normal; font-weight: normal; font-variant: normal; list-style-position: outside; list-style-image: none; list-style-type: none; letter-spacing: normal; line-height: normal; text-decoration: none; vertical-align: baseline; white-space: normal; word-spacing: normal; border-top-style: solid; border-right-style: solid; border-bottom-style: solid; border-left-style: solid; position: fixed; overflow-x: hidden; overflow-y: hidden; cursor: pointer; z-index: 107158; top: 0px; left: 0px; display: block; width: 80px; height: 80px; background-position: 0% 100%; background-repeat: repeat no-repeat; "><div id="LPMcontainer-1422876191658-3" class="LPMcontainer" style="margin-top: 0px; margin-right: 0px; margin-bottom: 0px; margin-left: 0px; padding-top: 0px; padding-right: 0px; padding-bottom: 0px; padding-left: 0px; border-top-width: 0px; border-right-width: 0px; border-bottom-width: 0px; border-left-width: 0px; outline-style: none; outline-width: 0px; font-style: normal; font-weight: normal; font-variant: normal; list-style-position: outside; list-style-image: none; list-style-type: none; letter-spacing: normal; line-height: normal; text-decoration: none; vertical-align: baseline; white-space: normal; word-spacing: normal; border-top-style: solid; border-right-style: solid; border-bottom-style: solid; border-left-style: solid; width: 100%; height: 100%; position: absolute; z-index: 107161; top: 0px; left: 0px; background-position: 0% 100%; background-repeat: repeat no-repeat; "><img id="LPMpeel-1422876191658-4" class="LPMpeel" src="https://lo.content.lpsnmedia.net/le/marketer/webcontent/gallery/2.1/libraries/peels/white_round-350-left.png" style="margin-top: 0px; margin-right: 0px; margin-bottom: 0px; margin-left: 0px; padding-top: 0px; padding-right: 0px; padding-bottom: 0px; padding-left: 0px; border-top-style: none; border-right-style: none; border-bottom-style: none; border-left-style: none; border-top-width: 0px; border-right-width: 0px; border-bottom-width: 0px; border-left-width: 0px; outline-style: none; outline-width: 0px; font-style: normal; font-weight: normal; font-variant: normal; list-style-position: outside; list-style-image: none; list-style-type: none; letter-spacing: normal; line-height: normal; text-decoration: none; vertical-align: baseline; white-space: normal; word-spacing: normal; width: 100%; height: 100%; position: absolute; z-index: 107161; top: 0px; left: 0px; "></div><div id="LPMcontainer-1422876191658-1" class="LPMcontainer" style="margin-top: 0px; margin-right: 0px; margin-bottom: 0px; margin-left: 0px; padding-top: 0px; padding-right: 0px; padding-bottom: 0px; padding-left: 0px; border-top-width: 0px; border-right-width: 0px; border-bottom-width: 0px; border-left-width: 0px; outline-style: none; outline-width: 0px; font-style: normal; font-weight: normal; font-variant: normal; list-style-position: outside; list-style-image: none; list-style-type: none; letter-spacing: normal; line-height: normal; text-decoration: none; vertical-align: baseline; white-space: normal; word-spacing: normal; border-top-style: solid; border-right-style: solid; border-bottom-style: solid; border-left-style: solid; position: absolute; width: 92%; height: 92%; overflow-x: hidden; overflow-y: hidden; z-index: 107159; top: 0px; left: 0px; background-position: 0% 100%; background-repeat: repeat no-repeat; "><div id="LPMcontainer-1422876191658-2" class="LPMcontainer" style="margin-top: 0px; margin-right: 0px; margin-bottom: 0px; margin-left: 0px; padding-top: 0px; padding-right: 0px; padding-bottom: 0px; padding-left: 0px; border-top-width: 0px; border-right-width: 0px; border-bottom-width: 0px; border-left-width: 0px; outline-style: none; outline-width: 0px; font-style: normal; font-weight: normal; font-variant: normal; list-style-position: outside; list-style-image: none; list-style-type: none; letter-spacing: normal; line-height: normal; text-decoration: none; vertical-align: baseline; white-space: normal; word-spacing: normal; border-top-style: solid; border-right-style: solid; border-bottom-style: solid; border-left-style: solid; position: absolute; width: 350px; height: 350px; background-color: transparent; overflow-x: hidden; overflow-y: hidden; z-index: 107160; top: 0px; left: 0px; background-position: 0% 100%; background-repeat: repeat no-repeat; "><img id="LPMimage-1422876191658-5" class="LPMimage" src="http://shop.coles.com.au/wcsstore/ColesStorefrontAssetStore/images/-catimg/2015/01/v-day-flowers-350x350.jpg" style="margin-top: 0px; margin-right: 0px; margin-bottom: 0px; margin-left: 0px; padding-top: 0px; padding-right: 0px; padding-bottom: 0px; padding-left: 0px; border-top-style: none; border-right-style: none; border-bottom-style: none; border-left-style: none; border-top-width: 0px; border-right-width: 0px; border-bottom-width: 0px; border-left-width: 0px; outline-style: none; outline-width: 0px; font-style: normal; font-weight: normal; font-variant: normal; list-style-position: outside; list-style-image: none; list-style-type: none; letter-spacing: normal; line-height: normal; text-decoration: none; vertical-align: baseline; white-space: normal; word-spacing: normal; position: absolute; z-index: 1005; left: 0px; top: 0px; "></div></div></div></body></html>