<html class="webkit534.34 webkit" lang="en" id="coles"><head>
		<meta charset="utf-8">

		<meta http-equiv="X-UA-Compatible" content="IE=8, IE=9,chrome=1">

		
		
				<title>Meat, Seafood &amp; Deli | National</title>
			
				<meta name="robots" content="index,follow">
			
		<meta name="description" content="Meat, Seafood &amp; Deli">
		<meta name="keywords" content="CategoryKeyword">
		<meta name="viewport" content="width=device-width">
		
		<link rel="canonical" href="http://shop.coles.com.au/online/national/meat-seafood-deli">
		
		<link rel="shortcut icon" href="/wcsstore/ColesStorefrontAssetStore/dist/e0a775baf05f/images/favicon.ico">
		<link rel="apple-touch-icon-precomposed" href="/wcsstore/ColesStorefrontAssetStore/dist/e0a775baf05f/images/ICN_57x57.png">
		<link rel="apple-touch-icon-precomposed" sizes="72x72" href="/wcsstore/ColesStorefrontAssetStore/dist/e0a775baf05f/images/ICN_72x72.png">
		<link rel="apple-touch-icon-precomposed" sizes="114x114" href="/wcsstore/ColesStorefrontAssetStore/dist/e0a775baf05f/images/ICN_114x114.png">
		<link rel="stylesheet" href="/wcsstore/ColesStorefrontAssetStore/dist/e0a775baf05f/theme/screen.css" media="all">
		<link rel="stylesheet" href="/wcsstore/ColesStorefrontAssetStore/dist/e0a775baf05f/theme/print.css" media="print">
		
	   <script type="text/javascript" async="" src="//statse.webtrendslive.com/dcss9egqp00000sthfwe6qrxc_3j1n/wtid.js?callback=Webtrends.dcss.dcsobj_0.dcsGetIdCallback"></script><script type="text/javascript" async="" src="http://www.google-analytics.com/plugins/ua/ec.js"></script><script type="text/javascript" async="" src="//cdn.feedbackify.com/f.js"></script><script async="" src="//www.google-analytics.com/analytics.js"></script><script type="text/javascript" charset="utf-8" src="/wcsstore/ColesStorefrontAssetStore/dist/e0a775baf05f/coles/common/analytics.js"></script><script type="text/javascript" charset="utf-8" src="/wcsstore/ColesStorefrontAssetStore/dist/e0a775baf05f/coles/pages/search.js"></script><script type="text/javascript" charset="utf-8" src="/wcsstore/ColesStorefrontAssetStore/dist/e0a775baf05f/dojo/touch.js"></script><script type="text/javascript" charset="utf-8" src="/wcsstore/ColesStorefrontAssetStore/dist/e0a775baf05f/libs/moment.js"></script><script type="text/javascript" charset="utf-8" src="/wcsstore/ColesStorefrontAssetStore/dist/e0a775baf05f/coles/common/multibuy.js"></script><script type="text/javascript" charset="utf-8" src="/wcsstore/ColesStorefrontAssetStore/dist/e0a775baf05f/coles/common/compare.js"></script><script type="text/javascript" charset="utf-8" src="/wcsstore/ColesStorefrontAssetStore/dist/e0a775baf05f/libs/webtrends.js"></script><script type="text/javascript">
		    // ======================= VARIABLES ===================================
		    // A LivePerson variable can be defined in one of three different scopes:
		    // 'page' - exists on the current page only
		    // 'session' - exists for the current visitor session
		    // Each object must contain: scope, name, value
		    //defining lpTag required on every page where variables or section are sent from 
		 	 var lpTag = lpTag || {}; lpTag.vars = lpTag.vars  || []; lpTag.dbs = lpTag.dbs || [];
	 	</script>
		
		
<script src="/wcsstore/ColesStorefrontAssetStore/dist/e0a775baf05f/libs/boomerang.js"></script>
<script type="text/javascript"> 
BOOMR.init({
beacon_url: "/wcsstore/ColesStorefrontAssetStore/dist/e0a775baf05f/images/diagnostics/beacon.gif",
site_domain: "shop.coles.com.au",
autorun: false,
log: function() {}
});
</script>
<script src="/wcsstore/ColesStorefrontAssetStore/dist/e0a775baf05f/dojo/dojo.js" data-dojo-config="async: 1, baseUrl: '/wcsstore/ColesStorefrontAssetStore/dist/e0a775baf05f'"></script>
<script src="/wcsstore/ColesStorefrontAssetStore/dist/e0a775baf05f/coles/boot.js" data-script-class="search"></script>

<script defer="">
// Push store text into JavaScript (specifically for user agent)
require(["coles/components/message"], function(message){

	
	message.set('USER_AGENT_TABLET', 'iPad,iPhone');
});
</script>
<script>
	// Create a loading framework for external JavaScript (contained in eSpots)
	function loadScript(url, callback){

	    var script = document.createElement("script")
	    script.type = "text/javascript";
	    script.async = true;
	    if (script.readyState){  //IE
	        script.onreadystatechange = function(){
	            if (script.readyState == "complete"){
	                script.onreadystatechange = null;
	                callback();
	            }
	        };
	    } else {  //Others
	        script.onload = function(){
	            callback();
	        };
	    }
	    script.src = url;
	    // For non compliant html5 support (IE8/WindowsXP) issue, insert into Head
	    document.head = document.head || document.getElementsByTagName('head')[0];
	    document.head.appendChild(script);
	}
</script>


<script defer="">
	require(["coles/common/environment"], function(env){
		env.WT_ID = 'dcss9egqp00000sthfwe6qrxc_3j1n';
	});
</script>

<script defer="">
	require(["coles/common/environment"], function(env){
		env.GIGYA_KEY = '2_IXv0rb_ZJqXC8T8y-Mmf4G954_4QuB-bxW91oVjpf8_aBsunPkSbBD2mGNWxc1mx';
	});
</script>

	<script charset="UTF-8" src="http://lptag.liveperson.net/tag/tag.js?site=40889649"></script><script charset="UTF-8" id="_lpTagScriptId_0" src="http://tags.liveperson.net/lptag/api/account/40889649/configuration/applications/taglets/.jsonp"></script><script charset="iso-8859-1" src="http://server.lon.liveperson.net/hcp/html/mTag.js?site=40889649"></script><script charset="UTF-8" src="http://server.lon.liveperson.net/hc/s-40889649/?cmd=lpTagGetJsSnippets"></script><script type="text/javascript" charset="UTF-8" src="http://server.lon.liveperson.net/hc/40889649/?site=40889649&amp;cmd=lpTagRepstateMulti&amp;lpCallId=711087090550-0&amp;c=1&amp;cbf=lpTagConfig.tagPlugins.feedsManager.feeds.repAv._update&amp;sta=-1~1~0"></script><script type="text/javascript" charset="UTF-8" id="lpm-requestOffer-1" src="http://lo.marketer.lpsnmedia.net/openx/www/delivery/al.php?zoneid=20732&amp;source=54889f3dbf79cc6f7df52284334448e9&amp;ControlGroup=false"></script><script type="text/javascript" charset="UTF-8" src="http://server.lon.liveperson.net/hc/40889649/?site=40889649&amp;cmd=lpTagRepstateMulti&amp;lpCallId=711087090550-0&amp;c=1&amp;cbf=lpTagConfig.tagPlugins.feedsManager.feeds.repAv._update&amp;sta=-1~1~0"></script><script type="text/javascript" charset="UTF-8" src="http://server.lon.liveperson.net/hc/40889649/?&amp;visitor=171220458960186&amp;msessionkey=7372934117268935138&amp;siteContainer=STANDALONE&amp;site=40889649&amp;cmd=mTagInPage&amp;lpCallId=962424951372-220377269201&amp;protV=20&amp;lpjson=1&amp;page=http%3A//shop.coles.com.au/online/national/meat-seafood-deli/meat-seafood-deli/%23pageNumber%3D2%26currentPageSize%3D100&amp;id=8686139883&amp;javaSupport=false&amp;visitorStatus=INSITE_STATUS&amp;activePlugin=none&amp;cobrowse=true&amp;cobrowse=true" id="lpScriptId962424951372-220377269201"></script></head>
<body class="search"><div class="popup-mask" style="height: 3984px; " aria-hidden="true"></div>



	
	
	<div id="frmCategoryPage" class="hidden" data-cookie="25583|25583|25583"></div>

		<div id="promoContainer" style="height: 3984px; ">
			<div id="container" class="pageShadow rounded" style="background-color: rgb(255, 255, 255); ">
				
<form action="COLLocalisationControllerCmd" method="post" name="localisationData" id="localisationData" class="hidden" aria-hidden="true">
	<input type="hidden" name="fullURL" value="http://shop.coles.com.au/webapp/wcs/stores/servlet/national/meat-seafood-deli/meat-seafood-deli/">
	<input type="hidden" name="fullURLHttps" value="https://shop.coles.com.au/webapp/wcs/stores/servlet/national/meat-seafood-deli/meat-seafood-deli/">
	<input type="hidden" name="currentStoreId" value="10601">
	<input type="hidden" name="currentCatalogId" value="10576">	
	<input type="hidden" name="localisedStoreId" value="">
	<input type="hidden" name="localisedCatalogId" value="">
	<input type="hidden" name="localisationState" value="">
	<input type="hidden" name="suburb" value="">	
	<input type="hidden" name="postcode" value="">
	<input type="hidden" name="zipCode" value="">	
	<input type="hidden" name="longitude" value="">
	<input type="hidden" name="latitude" value="">
	<input type="hidden" name="externalffmcId" value="">
	<input type="hidden" name="redirectUrl" value="">
	<input type="hidden" name="suburbPostCodeId" value="">
	<input type="hidden" name="serviceType" value="">
	<input type="hidden" name="suburbServiceability" value="">
	<input type="hidden" name="state" value="">	
	<input type="hidden" name="country" value="AU">	
	<input type="hidden" name="score" value="">	
	<input type="hidden" name="collectionpoint" value="">	
	<input type="hidden" name="zoneId" value="">	
	<input type="hidden" name="stlocId" value="">
	<input type="hidden" name="addressId" value="">
	
	<input type="hidden" name="localisationTrigger" value="">	
	<input type="hidden" name="userType" value="G">
		
	
	<input type="hidden" name="URL" value="">
	<input type="hidden" name="errorViewName" value="">
	<input type="hidden" name="inputSuburbPostCodeId" value="">
	<input type="hidden" name="ProfileBusinessUser_null_a_1" value="">	
	<input type="hidden" name="ProfileBusinessCustomerName_null_a_1" value="">	
	<input type="hidden" name="ProfileBusinessCustomerABN_null_a_1" value="">	
	<input type="hidden" name="firstName" value="">	
	<input type="hidden" name="lastName" value="">	
	<input type="hidden" name="logonId" value="">	
	<input type="hidden" name="dateOfBirth" value="">	
	<input type="hidden" name="logonPassword" value="">	
	<input type="hidden" name="logonPasswordVerify" value="">	
	<input type="hidden" name="chkSubscriptionRegister" value="">
	<input type="hidden" name="emailPreference" value="">
	
	
	<input type="hidden" name="storeId" value="10601">
	<input type="hidden" name="catalogId" value="10576">	
	<input type="hidden" name="fulfillmentCenterId" value="11576">	
	
	<input type="hidden" name="authToken" value="">
	<input type="hidden" name="localisationAction" value="https://shop.coles.com.au/online/COLLocalisationControllerCmd?catalogId=10576&amp;langId=-1&amp;storeId=10601">
	<input type="hidden" name="registrationAction" value="https://shop.coles.com.au/online/UserRegistrationAdd?catalogId=10576&amp;langId=-1&amp;storeId=10601">	
</form>

				<a href="#logIn" title="Login to Coles Online" class="popup-launch action-login accessibility">Login to Coles Online</a>
			
    	<a href="#" id="viewTrolley" class="arrow action-show-viewTrolley accessibility" title="View trolley">View trolley</a>
	 
<a href="#page-heading" title="" class="accessibility">Skip to content </a>

		<a href="#skip-to-products" title="" class="accessibility">Skip to products </a>
	

<div id="header">
	<div class="headerWrapper">
		

<div id="logo" role="banner">	
	<a href="http://shop.coles.com.au/online/national">
		<img src="/wcsstore/ColesStorefrontAssetStore/dist/e0a775baf05f/images/logo-coles.png" width="143" height="45" alt="Return to Coles online home" title="Return to Coles online home">	
	</a>	
</div>

		
        <div class="contact">
			<a href="http://shop.coles.com.au/online/national">Home</a><span class="pie-separator">|</span>
			
			<a href="http://shop.coles.com.au/online/national/contact-us" class="pipe" title="Contact us">Contact us</a><span class="pie-separator">|</span>
			
			<a href="http://shop.coles.com.au/online/national/info/help">Help</a>
		</div>
		<div class="clear"></div>
	<!-- START: LivePerson -->

<script defer="">	
	var LP_ID = '40889649'; 
	window.lpTag=window.lpTag||{};if(typeof window.lpTag._tagCount==='undefined'){window.lpTag={site:LP_ID,section:lpTag.section||'',autoStart:lpTag.autoStart===false?false:true,ovr:lpTag.ovr||{},_v:'1.5.1',_tagCount:1,protocol:location.protocol,events:{bind:function(app,ev,fn){lpTag.defer(function(){lpTag.events.bind(app,ev,fn)},0)},trigger:function(app,ev,json){lpTag.defer(function(){lpTag.events.trigger(app,ev,json)},1)}},defer:function(fn,fnType){if(fnType==0){this._defB=this._defB||[];this._defB.push(fn)}else if(fnType==1){this._defT=this._defT||[];this._defT.push(fn)}else{this._defL=this._defL||[];this._defL.push(fn)}},load:function(src,chr,id){var t=this;setTimeout(function(){t._load(src,chr,id)},0)},_load:function(src,chr,id){var url=src;if(!src){url=this.protocol+'//'+((this.ovr&&this.ovr.domain)?this.ovr.domain:'lptag.liveperson.net')+'/tag/tag.js?site='+this.site}var s=document.createElement('script');s.setAttribute('charset',chr?chr:'UTF-8');if(id){s.setAttribute('id',id)}s.setAttribute('src',url);document.getElementsByTagName('head').item(0).appendChild(s)},init:function(){this._timing=this._timing||{};this._timing.start=(new Date()).getTime();var that=this;if(window.attachEvent){window.attachEvent('onload',function(){that._domReady('domReady')})}else{window.addEventListener('DOMContentLoaded',function(){that._domReady('contReady')},false);window.addEventListener('load',function(){that._domReady('domReady')},false)}if(typeof(window._lptStop)=='undefined'){this.load()}},start:function(){this.autoStart=true},_domReady:function(n){if(!this.isDom){this.isDom=true;this.events.trigger('LPT','DOM_READY',{t:n})}this._timing[n]=(new Date()).getTime()},vars:lpTag.vars||[],dbs:lpTag.dbs||[],ctn:lpTag.ctn||[],sdes:lpTag.sdes||[],ev:lpTag.ev||[]};lpTag.init()}else{window.lpTag._tagCount+=1}
</script>
<!-- LivePerson (US5149): Placehodler for a chat button, please put div in the exact location on the page -->
<div id="lpChatButton" style="visibility: visible; "><span></span></div> 
<!-- END: LivePerson -->

<div class="clear"></div>

<noscript>
	&lt;p&gt;Javascript is not supported, or is disabled in your web browser and is required for this site to function.&lt;/p&gt;
</noscript>

		<meta name="CommerceSearch" content="storeId_10601">
		

<div class="menuWrapper">
	<div id="menu" class="rounded grad-red" role="navigation">
		
<div id="browseAisles" class="megamenu" role="navigation">
	<div id="megamenutip" class="accessibility hidden">To exit this menu, Hit escape. After exiting this menu, you can navigate the rest of this page.</div>
	
    <a href="#aisleMenu" class="megamenu-launch" title="Shop by Category"><span>Shop by Category</span></a>
	<ul id="aisleMenu" role="menu" class="columnEnabled" style="display: none; opacity: 1; " tabindex="-1" aria-hidden="true">
		
			
			<li>
				
							
					<a role="menuitem" id="aisleMenu_1" aria-haspopup="true" href="http://shop.coles.com.au/online/national/specials-offers" class="aisle" title="Browse the Specials &amp; Offers aisle">
						Specials &amp; Offers <span>→</span>
					</a>
					
					<div id="menu-1" class="column-list clearfix" data-rows="22" role="navigation">
						<h2>
							<a role="menuitem" id="sub-menu-1_0" class="subCatHeader" title="Specials &amp; Offers Category" href="http://shop.coles.com.au/online/national/specials-offers">
								Specials &amp; Offers
							</a>
							<span class="aisle-search">&nbsp;
								<a role="menuitem" id="sub-menu-1_1" class="browseAllSubCategory" href="http://shop.coles.com.au/online/national/specials-offers/specials-offers" title="Browse all items">
								 Browse all items<span>→</span>
								</a>
							</span>
						</h2>
						
						
					<ul role="menu" id="sub-menu-1" data-col-items="menu-1" class="hidden">
						
							<li class="section"><a role="menuitem" id="sub-menu-1_2" href="http://shop.coles.com.au/online/national/specials-offers/bread-bakery-specials-offers" title="Bread &amp; Bakery Specials &amp; Offers sub category">Bread &amp; Bakery Specials &amp; Offers</a></li>
							
							
								<li><a role="menuitem" id="sub-menu-1_3" href="http://shop.coles.com.au/online/national/specials-offers/bread-bakery-specials-offers/fresh-specials-offers" title="From Our Bakery Specials &amp; Offers">From Our Bakery Specials &amp; Offers</a></li>
							
								<li><a role="menuitem" id="sub-menu-1_4" href="http://shop.coles.com.au/online/national/specials-offers/bread-bakery-specials-offers/packaged-bread-bakery-specials-offers" title="Packaged Bread &amp; Bakery Specials &amp; Offers">Packaged Bread &amp; Bakery Specials &amp; Offers</a></li>
							
							<li class="section"><a role="menuitem" id="sub-menu-1_5" href="http://shop.coles.com.au/online/national/specials-offers/stationery-media-specials-offers" title="Stationery &amp; Media Specials &amp; Offers sub category">Stationery &amp; Media Specials &amp; Offers</a></li>
							
							
								<li><a role="menuitem" id="sub-menu-1_6" href="http://shop.coles.com.au/online/national/specials-offers/stationery-media-specials-offers/tv-shows-movies-section-specials-offers" title="Cds, Dvds &amp; Blu Rays Specials &amp; Offers">Cds, Dvds &amp; Blu Rays Specials &amp; Offers</a></li>
							
								<li><a role="menuitem" id="sub-menu-1_7" href="http://shop.coles.com.au/online/national/specials-offers/stationery-media-specials-offers/stationery-specials-offers" title="Stationery Specials &amp; Offers">Stationery Specials &amp; Offers</a></li>
							
							<li class="section"><a role="menuitem" id="sub-menu-1_8" href="http://shop.coles.com.au/online/national/specials-offers/fruit-vegetables-specials-offers" title="Fruit &amp; Vegetables Specials &amp; Offers sub category">Fruit &amp; Vegetables Specials &amp; Offers</a></li>
							
							
								<li><a role="menuitem" id="sub-menu-1_9" href="http://shop.coles.com.au/online/national/specials-offers/fruit-vegetables-specials-offers/boxes-fruit-veg-specials-offers" title="Boxes Fruit &amp; Veg Specials &amp; Offers">Boxes Fruit &amp; Veg Specials &amp; Offers</a></li>
							
								<li><a role="menuitem" id="sub-menu-1_10" href="http://shop.coles.com.au/online/national/specials-offers/fruit-vegetables-specials-offers/fruits-specials-offers" title="Fruit Specials &amp; Offers">Fruit Specials &amp; Offers</a></li>
							
								<li><a role="menuitem" id="sub-menu-1_11" href="http://shop.coles.com.au/online/national/specials-offers/fruit-vegetables-specials-offers/vegetables-specials-offers" title="Vegetables Specials &amp; Offers">Vegetables Specials &amp; Offers</a></li>
							
								<li><a role="menuitem" id="sub-menu-1_12" href="http://shop.coles.com.au/online/national/specials-offers/fruit-vegetables-specials-offers/salad-herbs-specials-offers" title="Salad &amp; Herbs Specials &amp; Offers">Salad &amp; Herbs Specials &amp; Offers</a></li>
							
								<li><a role="menuitem" id="sub-menu-1_13" href="http://shop.coles.com.au/online/national/specials-offers/fruit-vegetables-specials-offers/nuts-dried-fruit-specials-offers" title="Nuts &amp; Dried Fruit Specials &amp; Offers">Nuts &amp; Dried Fruit Specials &amp; Offers</a></li>
							
							<li class="section"><a role="menuitem" id="sub-menu-1_14" href="http://shop.coles.com.au/online/national/specials-offers/dairy--eggs-meals-specials-offers" title="Dairy, Eggs &amp; Meals Specials &amp; Offers sub category">Dairy, Eggs &amp; Meals Specials &amp; Offers</a></li>
							
							
								<li><a role="menuitem" id="sub-menu-1_15" href="http://shop.coles.com.au/online/national/specials-offers/dairy--eggs-meals-specials-offers/dairy-eggs-specials-offers" title="Dairy &amp; Eggs Specials &amp; Offers">Dairy &amp; Eggs Specials &amp; Offers</a></li>
							
								<li><a role="menuitem" id="sub-menu-1_16" href="http://shop.coles.com.au/online/national/specials-offers/dairy--eggs-meals-specials-offers/fresh-pasta-sauces-specials-offers" title="Fresh Pasta &amp; Sauces Specials &amp; Offers">Fresh Pasta &amp; Sauces Specials &amp; Offers</a></li>
							
								<li><a role="menuitem" id="sub-menu-1_17" href="http://shop.coles.com.au/online/national/specials-offers/dairy--eggs-meals-specials-offers/garlic-bread-pastry-sheets-specials-offers" title="Garlic Bread &amp; Pastry Sheets Specials &amp; Offers">Garlic Bread &amp; Pastry Sheets Specials &amp; Offers</a></li>
							
								<li><a role="menuitem" id="sub-menu-1_18" href="http://shop.coles.com.au/online/national/specials-offers/dairy--eggs-meals-specials-offers/ready-to-eat-meals-specials-offers" title="Ready to Eat Meals Specials &amp; Offers">Ready to Eat Meals Specials &amp; Offers</a></li>
							
							<li class="section"><a role="menuitem" id="sub-menu-1_19" href="http://shop.coles.com.au/online/national/specials-offers/frozen-specials-offers" title="Frozen Foods Specials &amp; Offers sub category">Frozen Foods Specials &amp; Offers</a></li>
							
							
								<li><a role="menuitem" id="sub-menu-1_20" href="http://shop.coles.com.au/online/national/specials-offers/frozen-specials-offers/frozen-food-specials-offers" title="Frozen Food Specials &amp; Offers">Frozen Food Specials &amp; Offers</a></li>
							
								<li><a role="menuitem" id="sub-menu-1_21" href="http://shop.coles.com.au/online/national/specials-offers/frozen-specials-offers/frozen-ready-meals-specials-offers" title="Frozen Ready Meals Specials &amp; Offers">Frozen Ready Meals Specials &amp; Offers</a></li>
							
							<li class="section"><a role="menuitem" id="sub-menu-1_22" href="http://shop.coles.com.au/online/national/specials-offers/pet-specials-offers" title="Pet Specials &amp; Offers sub category">Pet Specials &amp; Offers</a></li>
							
							
								<li><a role="menuitem" id="sub-menu-1_23" href="http://shop.coles.com.au/online/national/specials-offers/pet-specials-offers/cat-kitten-specials-offers" title="Cat &amp; Kitten Specials &amp; Offers">Cat &amp; Kitten Specials &amp; Offers</a></li>
							
								<li><a role="menuitem" id="sub-menu-1_24" href="http://shop.coles.com.au/online/national/specials-offers/pet-specials-offers/dog-puppy-specials-offers" title="Dog &amp; Puppy Specials &amp; Offers">Dog &amp; Puppy Specials &amp; Offers</a></li>
							
							<li class="section"><a role="menuitem" id="sub-menu-1_25" href="http://shop.coles.com.au/online/national/specials-offers/household-specials-offers" title="Household Specials &amp; Offers sub category">Household Specials &amp; Offers</a></li>
							
							
								<li><a role="menuitem" id="sub-menu-1_26" href="http://shop.coles.com.au/online/national/specials-offers/household-specials-offers/bathroom-specials-offers" title="Bathroom Specials &amp; Offers">Bathroom Specials &amp; Offers</a></li>
							
								<li><a role="menuitem" id="sub-menu-1_27" href="http://shop.coles.com.au/online/national/specials-offers/household-specials-offers/general-purpose-cleaners-specials-offers" title="Cleaners All Purpose Specials &amp; Offers">Cleaners All Purpose Specials &amp; Offers</a></li>
							
								<li><a role="menuitem" id="sub-menu-1_28" href="http://shop.coles.com.au/online/national/specials-offers/household-specials-offers/electrical-specials-offers" title="Electrical Specials &amp; Offers">Electrical Specials &amp; Offers</a></li>
							
								<li><a role="menuitem" id="sub-menu-1_29" href="http://shop.coles.com.au/online/national/specials-offers/household-specials-offers/food-storage-specials-offers" title="Food Storage Specials &amp; Offers">Food Storage Specials &amp; Offers</a></li>
							
								<li><a role="menuitem" id="sub-menu-1_30" href="http://shop.coles.com.au/online/national/specials-offers/household-specials-offers/garden-specials-offers" title="Garden Specials &amp; Offers">Garden Specials &amp; Offers</a></li>
							
								<li><a role="menuitem" id="sub-menu-1_31" href="http://shop.coles.com.au/online/national/specials-offers/household-specials-offers/hardware-specials-offers" title="Hardware Specials &amp; Offers">Hardware Specials &amp; Offers</a></li>
							
								<li><a role="menuitem" id="sub-menu-1_32" href="http://shop.coles.com.au/online/national/specials-offers/household-specials-offers/homewares-specials-offers" title="Homewares Specials &amp; Offers">Homewares Specials &amp; Offers</a></li>
							
								<li><a role="menuitem" id="sub-menu-1_33" href="http://shop.coles.com.au/online/national/specials-offers/household-specials-offers/household-accessories-specials-offers" title="Household Accessories Specials &amp; Offers">Household Accessories Specials &amp; Offers</a></li>
							
								<li><a role="menuitem" id="sub-menu-1_34" href="http://shop.coles.com.au/online/national/specials-offers/household-specials-offers/kitchen-specials-offers" title="Kitchen Specials &amp; Offers">Kitchen Specials &amp; Offers</a></li>
							
								<li><a role="menuitem" id="sub-menu-1_35" href="http://shop.coles.com.au/online/national/specials-offers/household-specials-offers/laundry-needs-specials-offers" title="Laundry Needs Specials &amp; Offers">Laundry Needs Specials &amp; Offers</a></li>
							
							<li class="section"><a role="menuitem" id="sub-menu-1_36" href="http://shop.coles.com.au/online/national/specials-offers/baby-specials-offers" title="Baby Specials &amp; Offers sub category">Baby Specials &amp; Offers</a></li>
							
							
								<li><a role="menuitem" id="sub-menu-1_37" href="http://shop.coles.com.au/online/national/specials-offers/baby-specials-offers/nappies-changing-specials-offers" title="Nappies &amp; Changing Specials &amp; Offers">Nappies &amp; Changing Specials &amp; Offers</a></li>
							
							<li class="section"><a role="menuitem" id="sub-menu-1_38" href="http://shop.coles.com.au/online/national/specials-offers/pantry-specials-offers" title="Pantry Specials &amp; Offers sub category">Pantry Specials &amp; Offers</a></li>
							
							
								<li><a role="menuitem" id="sub-menu-1_39" href="http://shop.coles.com.au/online/national/specials-offers/pantry-specials-offers/breakfast-specials-offers" title="Breakfast Specials &amp; Offers">Breakfast Specials &amp; Offers</a></li>
							
								<li><a role="menuitem" id="sub-menu-1_40" href="http://shop.coles.com.au/online/national/specials-offers/pantry-specials-offers/snacks-specials-offers" title="Snacks Specials &amp; Offers">Snacks Specials &amp; Offers</a></li>
							
								<li><a role="menuitem" id="sub-menu-1_41" href="http://shop.coles.com.au/online/national/specials-offers/pantry-specials-offers/chocolates-lollies-specials-offers" title="Confectionery Specials &amp; Offers">Confectionery Specials &amp; Offers</a></li>
							
								<li><a role="menuitem" id="sub-menu-1_42" href="http://shop.coles.com.au/online/national/specials-offers/pantry-specials-offers/herbs-spices-specials-offers" title="Herbs &amp; Spices Specials &amp; Offers">Herbs &amp; Spices Specials &amp; Offers</a></li>
							
								<li><a role="menuitem" id="sub-menu-1_43" href="http://shop.coles.com.au/online/national/specials-offers/pantry-specials-offers/stocks-gravy-specials-offers" title="Stocks &amp; Gravy Specials &amp; Offers">Stocks &amp; Gravy Specials &amp; Offers</a></li>
							
								<li><a role="menuitem" id="sub-menu-1_44" href="http://shop.coles.com.au/online/national/specials-offers/pantry-specials-offers/baking-specials-offers" title="Baking Specials &amp; Offers">Baking Specials &amp; Offers</a></li>
							
								<li><a role="menuitem" id="sub-menu-1_45" href="http://shop.coles.com.au/online/national/specials-offers/pantry-specials-offers/condiments-specials-offers" title="Condiments Specials &amp; Offers">Condiments Specials &amp; Offers</a></li>
							
								<li><a role="menuitem" id="sub-menu-1_46" href="http://shop.coles.com.au/online/national/specials-offers/pantry-specials-offers/sauces-specials-offers" title="Sauces Specials &amp; Offers">Sauces Specials &amp; Offers</a></li>
							
								<li><a role="menuitem" id="sub-menu-1_47" href="http://shop.coles.com.au/online/national/specials-offers/pantry-specials-offers/oils-vinegars-specials-offers" title="Oils &amp; Vinegars Specials &amp; Offers">Oils &amp; Vinegars Specials &amp; Offers</a></li>
							
								<li><a role="menuitem" id="sub-menu-1_48" href="http://shop.coles.com.au/online/national/specials-offers/pantry-specials-offers/pasta--rice--grains-specials-offers" title="Pasta, Rice, Grains Specials &amp; Offers">Pasta, Rice, Grains Specials &amp; Offers</a></li>
							
								<li><a role="menuitem" id="sub-menu-1_49" href="http://shop.coles.com.au/online/national/specials-offers/pantry-specials-offers/canned-foods--soups-noodles-specials-offers" title="Canned Foods, Soups &amp; Noodles Specials &amp; Offers">Canned Foods, Soups &amp; Noodles Specials &amp; Offers</a></li>
							
								<li><a role="menuitem" id="sub-menu-1_50" href="http://shop.coles.com.au/online/national/specials-offers/pantry-specials-offers/tea-coffee-specials-offers" title="Tea &amp; Coffee Specials &amp; Offers">Tea &amp; Coffee Specials &amp; Offers</a></li>
							
							<li class="section"><a role="menuitem" id="sub-menu-1_51" href="http://shop.coles.com.au/online/national/specials-offers/health-beauty-specials-offers" title="Health &amp; Beauty Specials &amp; Offers sub category">Health &amp; Beauty Specials &amp; Offers</a></li>
							
							
								<li><a role="menuitem" id="sub-menu-1_52" href="http://shop.coles.com.au/online/national/specials-offers/health-beauty-specials-offers/dental-specials-offers" title="Dental Specials &amp; Offers">Dental Specials &amp; Offers</a></li>
							
								<li><a role="menuitem" id="sub-menu-1_53" href="http://shop.coles.com.au/online/national/specials-offers/health-beauty-specials-offers/hair-care-specials-offers" title="Hair Care Specials &amp; Offers">Hair Care Specials &amp; Offers</a></li>
							
								<li><a role="menuitem" id="sub-menu-1_54" href="http://shop.coles.com.au/online/national/specials-offers/health-beauty-specials-offers/hair-removal-specials-offers" title="Hair Removal Specials &amp; Offers">Hair Removal Specials &amp; Offers</a></li>
							
								<li><a role="menuitem" id="sub-menu-1_55" href="http://shop.coles.com.au/online/national/specials-offers/health-beauty-specials-offers/medicinal-specials-offers" title="Medicinal Specials &amp; Offers">Medicinal Specials &amp; Offers</a></li>
							
								<li><a role="menuitem" id="sub-menu-1_56" href="http://shop.coles.com.au/online/national/specials-offers/health-beauty-specials-offers/personal-care-hygiene-specials-offers" title="Personal Care &amp; Hygiene Specials &amp; Offers">Personal Care &amp; Hygiene Specials &amp; Offers</a></li>
							
								<li><a role="menuitem" id="sub-menu-1_57" href="http://shop.coles.com.au/online/national/specials-offers/health-beauty-specials-offers/shower-bath-care-specials-offers" title="Shower &amp; Bath Care Specials &amp; Offers">Shower &amp; Bath Care Specials &amp; Offers</a></li>
							
								<li><a role="menuitem" id="sub-menu-1_58" href="http://shop.coles.com.au/online/national/specials-offers/health-beauty-specials-offers/skin-care-specials-offers" title="Skin Care Specials &amp; Offers">Skin Care Specials &amp; Offers</a></li>
							
							<li class="section"><a role="menuitem" id="sub-menu-1_59" href="http://shop.coles.com.au/online/national/specials-offers/drinks-specials-offers" title="Drinks Specials &amp; Offers sub category">Drinks Specials &amp; Offers</a></li>
							
							
								<li><a role="menuitem" id="sub-menu-1_60" href="http://shop.coles.com.au/online/national/specials-offers/drinks-specials-offers/cold-specials-offers" title="All Drinks Specials &amp; Offers">All Drinks Specials &amp; Offers</a></li>
							
							<li class="section"><a role="menuitem" id="sub-menu-1_61" href="http://shop.coles.com.au/online/national/specials-offers/liquor-specials-offers" title="Alcohol Specials &amp; Offers sub category">Alcohol Specials &amp; Offers</a></li>
							
							
								<li><a role="menuitem" id="sub-menu-1_62" href="http://shop.coles.com.au/online/national/specials-offers/liquor-specials-offers/beer--spirits-wine-specials-offers" title="Beer, Spirits &amp; Wine Specials &amp; Offers">Beer, Spirits &amp; Wine Specials &amp; Offers</a></li>
							
							<li class="section"><a role="menuitem" id="sub-menu-1_63" href="http://shop.coles.com.au/online/national/specials-offers/chilled-fresh-food-specials-offers" title="Meat, Seafood &amp; Deli Specials &amp; Offers sub category">Meat, Seafood &amp; Deli Specials &amp; Offers</a></li>
							
							
								<li><a role="menuitem" id="sub-menu-1_64" href="http://shop.coles.com.au/online/national/specials-offers/chilled-fresh-food-specials-offers/fresh-meat-specials-offers" title="Meat Specials &amp; Offers">Meat Specials &amp; Offers</a></li>
							
								<li><a role="menuitem" id="sub-menu-1_65" href="http://shop.coles.com.au/online/national/specials-offers/chilled-fresh-food-specials-offers/seafood-specials-offers" title="Seafood Specials &amp; Offers">Seafood Specials &amp; Offers</a></li>
							
								<li><a role="menuitem" id="sub-menu-1_66" href="http://shop.coles.com.au/online/national/specials-offers/chilled-fresh-food-specials-offers/deli-meats-specials-offers" title="Deli Meats Specials &amp; Offers">Deli Meats Specials &amp; Offers</a></li>
							
								<li><a role="menuitem" id="sub-menu-1_67" href="http://shop.coles.com.au/online/national/specials-offers/chilled-fresh-food-specials-offers/deli-specialty-specials-offers" title="Deli Specialty Specials &amp; Offers">Deli Specialty Specials &amp; Offers</a></li>
							
					</ul>
				</div>							
											
			</li>									
		
			
			<li>
				
							
					<a role="menuitem" id="aisleMenu_2" aria-haspopup="true" href="http://shop.coles.com.au/online/national/back-to-school" class="aisle" title="Browse the Back To School aisle">
						Back To School <span>→</span>
					</a>
					
					<div id="menu-2" class="column-list clearfix" data-rows="22" role="navigation">
						<h2>
							<a role="menuitem" id="sub-menu-2_0" class="subCatHeader" title="Back To School Category" href="http://shop.coles.com.au/online/national/back-to-school">
								Back To School
							</a>
							<span class="aisle-search">&nbsp;
								<a role="menuitem" id="sub-menu-2_1" class="browseAllSubCategory" href="http://shop.coles.com.au/online/national/back-to-school/back-to-school" title="Browse all items">
								 Browse all items<span>→</span>
								</a>
							</span>
						</h2>
						
						
					<ul role="menu" id="sub-menu-2" data-col-items="menu-2" class="hidden">
						
							<li class="section"><a role="menuitem" id="sub-menu-2_2" href="http://shop.coles.com.au/online/national/back-to-school/school-stationery" title="School Stationery sub category">School Stationery</a></li>
							
							
								<li><a role="menuitem" id="sub-menu-2_3" href="http://shop.coles.com.au/online/national/back-to-school/school-stationery/books-binders" title="Books &amp; Binders">Books &amp; Binders</a></li>
							
								<li><a role="menuitem" id="sub-menu-2_4" href="http://shop.coles.com.au/online/national/back-to-school/school-stationery/calculators" title="Calculators">Calculators</a></li>
							
								<li><a role="menuitem" id="sub-menu-2_5" href="http://shop.coles.com.au/online/national/back-to-school/school-stationery/labels" title="Labels">Labels</a></li>
							
								<li><a role="menuitem" id="sub-menu-2_6" href="http://shop.coles.com.au/online/national/back-to-school/school-stationery/markers-highlighters" title="Markers &amp; Highlighters">Markers &amp; Highlighters</a></li>
							
								<li><a role="menuitem" id="sub-menu-2_7" href="http://shop.coles.com.au/online/national/back-to-school/school-stationery/copy-paper" title="Copy Paper">Copy Paper</a></li>
							
								<li><a role="menuitem" id="sub-menu-2_8" href="http://shop.coles.com.au/online/national/back-to-school/school-stationery/pencil-case-fillers" title="Pencil Case Fillers">Pencil Case Fillers</a></li>
							
								<li><a role="menuitem" id="sub-menu-2_9" href="http://shop.coles.com.au/online/national/back-to-school/school-stationery/pencil-case" title="Pencil Case">Pencil Case</a></li>
							
							<li class="section"><a role="menuitem" id="sub-menu-2_10" href="http://shop.coles.com.au/online/national/back-to-school/lunch-boxes-bottles" title="Lunch Boxes &amp; Bottles sub category">Lunch Boxes &amp; Bottles</a></li>
							
							
								<li><a role="menuitem" id="sub-menu-2_11" href="http://shop.coles.com.au/online/national/back-to-school/lunch-boxes-bottles/backpacks" title="Backpacks">Backpacks</a></li>
							
								<li><a role="menuitem" id="sub-menu-2_12" href="http://shop.coles.com.au/online/national/back-to-school/lunch-boxes-bottles/drink-bottles" title="Drink Bottles">Drink Bottles</a></li>
							
								<li><a role="menuitem" id="sub-menu-2_13" href="http://shop.coles.com.au/online/national/back-to-school/lunch-boxes-bottles/lunch-bags-with-bottles" title="Lunch Bags with Bottles">Lunch Bags with Bottles</a></li>
							
								<li><a role="menuitem" id="sub-menu-2_14" href="http://shop.coles.com.au/online/national/back-to-school/lunch-boxes-bottles/lunch-boxes" title="Lunch Boxes">Lunch Boxes</a></li>
							
					</ul>
				</div>							
											
			</li>									
		
			
			<li>
				
							
					<a role="menuitem" id="aisleMenu_3" aria-haspopup="true" href="http://shop.coles.com.au/online/national/bread-bakery" class="aisle" title="Browse the Bread &amp; Bakery aisle">
						Bread &amp; Bakery <span>→</span>
					</a>
					
					<div id="menu-3" class="column-list clearfix" data-rows="22" role="navigation">
						<h2>
							<a role="menuitem" id="sub-menu-3_0" class="subCatHeader" title="Bread &amp; Bakery Category" href="http://shop.coles.com.au/online/national/bread-bakery">
								Bread &amp; Bakery
							</a>
							<span class="aisle-search">&nbsp;
								<a role="menuitem" id="sub-menu-3_1" class="browseAllSubCategory" href="http://shop.coles.com.au/online/national/bread-bakery/bread-bakery" title="Browse all items">
								 Browse all items<span>→</span>
								</a>
							</span>
						</h2>
						
						
					<ul role="menu" id="sub-menu-3" data-col-items="menu-3" class="hidden">
						
							<li class="section"><a role="menuitem" id="sub-menu-3_2" href="http://shop.coles.com.au/online/national/bread-bakery/fresh" title="From Our Bakery sub category">From Our Bakery</a></li>
							
							
								<li><a role="menuitem" id="sub-menu-3_3" href="http://shop.coles.com.au/online/national/bread-bakery/fresh/bread" title="Bread">Bread</a></li>
							
								<li><a role="menuitem" id="sub-menu-3_4" href="http://shop.coles.com.au/online/national/bread-bakery/fresh/bakery-cakes" title="Bakery Cakes">Bakery Cakes</a></li>
							
								<li><a role="menuitem" id="sub-menu-3_5" href="http://shop.coles.com.au/online/national/bread-bakery/fresh/cupcakes-muffins" title="Cupcakes &amp; Muffins">Cupcakes &amp; Muffins</a></li>
							
								<li><a role="menuitem" id="sub-menu-3_6" href="http://shop.coles.com.au/online/national/bread-bakery/fresh/donuts-cookies" title="Donuts &amp; Cookies">Donuts &amp; Cookies</a></li>
							
								<li><a role="menuitem" id="sub-menu-3_7" href="http://shop.coles.com.au/online/national/bread-bakery/fresh/desserts-danishes" title="Pastries &amp; Desserts">Pastries &amp; Desserts</a></li>
							
								<li><a role="menuitem" id="sub-menu-3_8" href="http://shop.coles.com.au/online/national/bread-bakery/fresh/hot-cross-buns" title="Hot Cross Buns">Hot Cross Buns</a></li>
							
							<li class="section"><a role="menuitem" id="sub-menu-3_9" href="http://shop.coles.com.au/online/national/bread-bakery/packaged-bread-bakery" title="Packaged Bread &amp; Bakery sub category">Packaged Bread &amp; Bakery</a></li>
							
							
								<li><a role="menuitem" id="sub-menu-3_10" href="http://shop.coles.com.au/online/national/bread-bakery/packaged-bread-bakery/packaged-bread" title="Packaged Bread">Packaged Bread</a></li>
							
								<li><a role="menuitem" id="sub-menu-3_11" href="http://shop.coles.com.au/online/national/bread-bakery/packaged-bread-bakery/cakes" title="Cakes">Cakes</a></li>
							
								<li><a role="menuitem" id="sub-menu-3_12" href="http://shop.coles.com.au/online/national/bread-bakery/packaged-bread-bakery/cookies-biscuits" title="Cookies &amp; Biscuits">Cookies &amp; Biscuits</a></li>
							
								<li><a role="menuitem" id="sub-menu-3_13" href="http://shop.coles.com.au/online/national/bread-bakery/packaged-bread-bakery/crumpets-pancakes" title="Crumpets &amp; Pancakes">Crumpets &amp; Pancakes</a></li>
							
								<li><a role="menuitem" id="sub-menu-3_14" href="http://shop.coles.com.au/online/national/bread-bakery/packaged-bread-bakery/muffins-cupcakes" title="Muffins &amp; Cupcakes">Muffins &amp; Cupcakes</a></li>
							
								<li><a role="menuitem" id="sub-menu-3_15" href="http://shop.coles.com.au/online/national/bread-bakery/packaged-bread-bakery/desserts-pastries" title="Desserts &amp; Pastries">Desserts &amp; Pastries</a></li>
							
								<li><a role="menuitem" id="sub-menu-3_16" href="http://shop.coles.com.au/online/national/bread-bakery/packaged-bread-bakery/pizza-bases" title="Pizza Bases">Pizza Bases</a></li>
							
								<li><a role="menuitem" id="sub-menu-3_17" href="http://shop.coles.com.au/online/national/bread-bakery/packaged-bread-bakery/rolls-bagels" title="Rolls &amp; Bagels">Rolls &amp; Bagels</a></li>
							
								<li><a role="menuitem" id="sub-menu-3_18" href="http://shop.coles.com.au/online/national/bread-bakery/packaged-bread-bakery/wraps-flatbread" title="Wraps &amp; Flatbread">Wraps &amp; Flatbread</a></li>
							
								<li><a role="menuitem" id="sub-menu-3_19" href="http://shop.coles.com.au/online/national/bread-bakery/packaged-bread-bakery/gluten-free-bakery-1571208" title="Gluten Free Bakery">Gluten Free Bakery</a></li>
							
					</ul>
				</div>							
											
			</li>									
		
			
			<li>
				
							
					<a role="menuitem" id="aisleMenu_4" aria-haspopup="true" href="http://shop.coles.com.au/online/national/fruit-vegetables" class="aisle" title="Browse the Fruit &amp; Vegetables aisle">
						Fruit &amp; Vegetables <span>→</span>
					</a>
					
					<div id="menu-4" class="column-list clearfix" data-rows="22" role="navigation">
						<h2>
							<a role="menuitem" id="sub-menu-4_0" class="subCatHeader" title="Fruit &amp; Vegetables Category" href="http://shop.coles.com.au/online/national/fruit-vegetables">
								Fruit &amp; Vegetables
							</a>
							<span class="aisle-search">&nbsp;
								<a role="menuitem" id="sub-menu-4_1" class="browseAllSubCategory" href="http://shop.coles.com.au/online/national/fruit-vegetables/fruit-vegetables" title="Browse all items">
								 Browse all items<span>→</span>
								</a>
							</span>
						</h2>
						
						
					<ul role="menu" id="sub-menu-4" data-col-items="menu-4" class="hidden">
						
							<li class="section"><a role="menuitem" id="sub-menu-4_2" href="http://shop.coles.com.au/online/national/fruit-vegetables/boxes-fruit-vege" title="Boxes Fruit &amp; Veg sub category">Boxes Fruit &amp; Veg</a></li>
							
							
								<li><a role="menuitem" id="sub-menu-4_3" href="http://shop.coles.com.au/online/national/fruit-vegetables/boxes-fruit-vege/fruit-vege-boxes" title="Fruit &amp; Veg Boxes">Fruit &amp; Veg Boxes</a></li>
							
							<li class="section"><a role="menuitem" id="sub-menu-4_4" href="http://shop.coles.com.au/online/national/fruit-vegetables/fruit" title="Fruit sub category">Fruit</a></li>
							
							
								<li><a role="menuitem" id="sub-menu-4_5" href="http://shop.coles.com.au/online/national/fruit-vegetables/fruit/organic-fruit" title="Organic Fruit">Organic Fruit</a></li>
							
								<li><a role="menuitem" id="sub-menu-4_6" href="http://shop.coles.com.au/online/national/fruit-vegetables/fruit/apples" title="Apples">Apples</a></li>
							
								<li><a role="menuitem" id="sub-menu-4_7" href="http://shop.coles.com.au/online/national/fruit-vegetables/fruit/pears" title="Pears">Pears</a></li>
							
								<li><a role="menuitem" id="sub-menu-4_8" href="http://shop.coles.com.au/online/national/fruit-vegetables/fruit/fresh-bananas" title="Fresh Bananas">Fresh Bananas</a></li>
							
								<li><a role="menuitem" id="sub-menu-4_9" href="http://shop.coles.com.au/online/national/fruit-vegetables/fruit/berries-cherries" title="Berries &amp; Cherries">Berries &amp; Cherries</a></li>
							
								<li><a role="menuitem" id="sub-menu-4_10" href="http://shop.coles.com.au/online/national/fruit-vegetables/fruit/grapes" title="Grapes">Grapes</a></li>
							
								<li><a role="menuitem" id="sub-menu-4_11" href="http://shop.coles.com.au/online/national/fruit-vegetables/fruit/oranges" title="Oranges">Oranges</a></li>
							
								<li><a role="menuitem" id="sub-menu-4_12" href="http://shop.coles.com.au/online/national/fruit-vegetables/fruit/grapefruit" title="Grapefruit">Grapefruit</a></li>
							
								<li><a role="menuitem" id="sub-menu-4_13" href="http://shop.coles.com.au/online/national/fruit-vegetables/fruit/mandarins" title="Mandarins">Mandarins</a></li>
							
								<li><a role="menuitem" id="sub-menu-4_14" href="http://shop.coles.com.au/online/national/fruit-vegetables/fruit/lemons-limes" title="Lemons &amp; Limes">Lemons &amp; Limes</a></li>
							
								<li><a role="menuitem" id="sub-menu-4_15" href="http://shop.coles.com.au/online/national/fruit-vegetables/fruit/pineapples" title="Pineapples">Pineapples</a></li>
							
								<li><a role="menuitem" id="sub-menu-4_16" href="http://shop.coles.com.au/online/national/fruit-vegetables/fruit/passionfruit" title="Passionfruit">Passionfruit</a></li>
							
								<li><a role="menuitem" id="sub-menu-4_17" href="http://shop.coles.com.au/online/national/fruit-vegetables/fruit/mangoes" title="Mangoes">Mangoes</a></li>
							
								<li><a role="menuitem" id="sub-menu-4_18" href="http://shop.coles.com.au/online/national/fruit-vegetables/fruit/fresh-melons" title="Fresh Melons">Fresh Melons</a></li>
							
								<li><a role="menuitem" id="sub-menu-4_19" href="http://shop.coles.com.au/online/national/fruit-vegetables/fruit/kiwi-fruit" title="Kiwi Fruit">Kiwi Fruit</a></li>
							
								<li><a role="menuitem" id="sub-menu-4_20" href="http://shop.coles.com.au/online/national/fruit-vegetables/fruit/peaches-nectarines" title="Peaches &amp; Nectarines">Peaches &amp; Nectarines</a></li>
							
								<li><a role="menuitem" id="sub-menu-4_21" href="http://shop.coles.com.au/online/national/fruit-vegetables/fruit/plums-apricots" title="Plums &amp; Apricots">Plums &amp; Apricots</a></li>
							
								<li><a role="menuitem" id="sub-menu-4_22" href="http://shop.coles.com.au/online/national/fruit-vegetables/fruit/rhubarb" title="Rhubarb">Rhubarb</a></li>
							
								<li><a role="menuitem" id="sub-menu-4_23" href="http://shop.coles.com.au/online/national/fruit-vegetables/fruit/coconuts" title="Coconuts">Coconuts</a></li>
							
								<li><a role="menuitem" id="sub-menu-4_24" href="http://shop.coles.com.au/online/national/fruit-vegetables/fruit/tropical-exotic-fruit" title="Tropical &amp; Exotic Fruit">Tropical &amp; Exotic Fruit</a></li>
							
								<li><a role="menuitem" id="sub-menu-4_25" href="http://shop.coles.com.au/online/national/fruit-vegetables/fruit/prepacked-fruit" title="Cut Fruit">Cut Fruit</a></li>
							
							<li class="section"><a role="menuitem" id="sub-menu-4_26" href="http://shop.coles.com.au/online/national/fruit-vegetables/vegetables" title="Vegetables sub category">Vegetables</a></li>
							
							
								<li><a role="menuitem" id="sub-menu-4_27" href="http://shop.coles.com.au/online/national/fruit-vegetables/vegetables/organic-vegetables" title="Organic Vegetables">Organic Vegetables</a></li>
							
								<li><a role="menuitem" id="sub-menu-4_28" href="http://shop.coles.com.au/online/national/fruit-vegetables/vegetables/avocado" title="Avocado">Avocado</a></li>
							
								<li><a role="menuitem" id="sub-menu-4_29" href="http://shop.coles.com.au/online/national/fruit-vegetables/vegetables/lettuce" title="Lettuce">Lettuce</a></li>
							
								<li><a role="menuitem" id="sub-menu-4_30" href="http://shop.coles.com.au/online/national/fruit-vegetables/vegetables/tomatoes" title="Tomatoes">Tomatoes</a></li>
							
								<li><a role="menuitem" id="sub-menu-4_31" href="http://shop.coles.com.au/online/national/fruit-vegetables/vegetables/potatoes" title="Potatoes">Potatoes</a></li>
							
								<li><a role="menuitem" id="sub-menu-4_32" href="http://shop.coles.com.au/online/national/fruit-vegetables/vegetables/carrots-parsnips" title="Carrots &amp; Parsnips">Carrots &amp; Parsnips</a></li>
							
								<li><a role="menuitem" id="sub-menu-4_33" href="http://shop.coles.com.au/online/national/fruit-vegetables/vegetables/pumpkin" title="Pumpkin">Pumpkin</a></li>
							
								<li><a role="menuitem" id="sub-menu-4_34" href="http://shop.coles.com.au/online/national/fruit-vegetables/vegetables/cucumber" title="Cucumber">Cucumber</a></li>
							
								<li><a role="menuitem" id="sub-menu-4_35" href="http://shop.coles.com.au/online/national/fruit-vegetables/vegetables/garlic-ginger" title="Garlic &amp; Ginger">Garlic &amp; Ginger</a></li>
							
								<li><a role="menuitem" id="sub-menu-4_36" href="http://shop.coles.com.au/online/national/fruit-vegetables/vegetables/mushrooms" title="Mushrooms">Mushrooms</a></li>
							
								<li><a role="menuitem" id="sub-menu-4_37" href="http://shop.coles.com.au/online/national/fruit-vegetables/vegetables/capsicum-chillies" title="Capsicum &amp; Chillies">Capsicum &amp; Chillies</a></li>
							
								<li><a role="menuitem" id="sub-menu-4_38" href="http://shop.coles.com.au/online/national/fruit-vegetables/vegetables/celery" title="Celery">Celery</a></li>
							
								<li><a role="menuitem" id="sub-menu-4_39" href="http://shop.coles.com.au/online/national/fruit-vegetables/vegetables/corn" title="Corn">Corn</a></li>
							
								<li><a role="menuitem" id="sub-menu-4_40" href="http://shop.coles.com.au/online/national/fruit-vegetables/vegetables/beetroot" title="Beetroot">Beetroot</a></li>
							
								<li><a role="menuitem" id="sub-menu-4_41" href="http://shop.coles.com.au/online/national/fruit-vegetables/vegetables/cabbage-brussel-sprouts" title="Cabbage &amp; Brussel Sprouts">Cabbage &amp; Brussel Sprouts</a></li>
							
								<li><a role="menuitem" id="sub-menu-4_42" href="http://shop.coles.com.au/online/national/fruit-vegetables/vegetables/peas-beans" title="Peas &amp; Beans">Peas &amp; Beans</a></li>
							
								<li><a role="menuitem" id="sub-menu-4_43" href="http://shop.coles.com.au/online/national/fruit-vegetables/vegetables/spinach-silverbeet" title="Spinach &amp; Silverbeet">Spinach &amp; Silverbeet</a></li>
							
								<li><a role="menuitem" id="sub-menu-4_44" href="http://shop.coles.com.au/online/national/fruit-vegetables/vegetables/asparagus-artichokes" title="Asparagus &amp; Artichokes">Asparagus &amp; Artichokes</a></li>
							
								<li><a role="menuitem" id="sub-menu-4_45" href="http://shop.coles.com.au/online/national/fruit-vegetables/vegetables/fresh-eggplant" title="Fresh Eggplant">Fresh Eggplant</a></li>
							
								<li><a role="menuitem" id="sub-menu-4_46" href="http://shop.coles.com.au/online/national/fruit-vegetables/vegetables/brocolli-cauliflower" title="Broccoli &amp; Cauliflower">Broccoli &amp; Cauliflower</a></li>
							
								<li><a role="menuitem" id="sub-menu-4_47" href="http://shop.coles.com.au/online/national/fruit-vegetables/vegetables/bok-choy-asian-greens" title="Bok Choy &amp; Asian Greens">Bok Choy &amp; Asian Greens</a></li>
							
								<li><a role="menuitem" id="sub-menu-4_48" href="http://shop.coles.com.au/online/national/fruit-vegetables/vegetables/onion-leeks" title="Onion &amp; Leeks">Onion &amp; Leeks</a></li>
							
								<li><a role="menuitem" id="sub-menu-4_49" href="http://shop.coles.com.au/online/national/fruit-vegetables/vegetables/turnips-other-root-veg" title="Turnips &amp; Root Veg">Turnips &amp; Root Veg</a></li>
							
								<li><a role="menuitem" id="sub-menu-4_50" href="http://shop.coles.com.au/online/national/fruit-vegetables/vegetables/zucchini-squash" title="Zucchini &amp; Squash">Zucchini &amp; Squash</a></li>
							
								<li><a role="menuitem" id="sub-menu-4_51" href="http://shop.coles.com.au/online/national/fruit-vegetables/vegetables/prepacked-vegetables" title="Cut Vegetables">Cut Vegetables</a></li>
							
							<li class="section"><a role="menuitem" id="sub-menu-4_52" href="http://shop.coles.com.au/online/national/fruit-vegetables/salad-herbs" title="Salad &amp; Herbs sub category">Salad &amp; Herbs</a></li>
							
							
								<li><a role="menuitem" id="sub-menu-4_53" href="http://shop.coles.com.au/online/national/fruit-vegetables/salad-herbs/dressed-salads" title="Dressed Salads">Dressed Salads</a></li>
							
								<li><a role="menuitem" id="sub-menu-4_54" href="http://shop.coles.com.au/online/national/fruit-vegetables/salad-herbs/herbs" title="Herbs">Herbs</a></li>
							
								<li><a role="menuitem" id="sub-menu-4_55" href="http://shop.coles.com.au/online/national/fruit-vegetables/salad-herbs/pre-made-salads" title="Salad Bags">Salad Bags</a></li>
							
								<li><a role="menuitem" id="sub-menu-4_56" href="http://shop.coles.com.au/online/national/fruit-vegetables/salad-herbs/salad-bowls-kits" title="Salad Bowls &amp; Kits">Salad Bowls &amp; Kits</a></li>
							
								<li><a role="menuitem" id="sub-menu-4_57" href="http://shop.coles.com.au/online/national/fruit-vegetables/salad-herbs/dressings-for-salads" title="Salad Dressing">Salad Dressing</a></li>
							
								<li><a role="menuitem" id="sub-menu-4_58" href="http://shop.coles.com.au/online/national/fruit-vegetables/salad-herbs/sprouts-shoots" title="Sprouts">Sprouts</a></li>
							
							<li class="section"><a role="menuitem" id="sub-menu-4_59" href="http://shop.coles.com.au/online/national/fruit-vegetables/nuts-dried-fruit" title="Nuts &amp; Dried Fruit sub category">Nuts &amp; Dried Fruit</a></li>
							
							
								<li><a role="menuitem" id="sub-menu-4_60" href="http://shop.coles.com.au/online/national/fruit-vegetables/nuts-dried-fruit/fresh-nuts" title="Nuts &amp; Snacks">Nuts &amp; Snacks</a></li>
							
								<li><a role="menuitem" id="sub-menu-4_61" href="http://shop.coles.com.au/online/national/fruit-vegetables/nuts-dried-fruit/dried-fruits" title="Fruit &amp; Nut Blend">Fruit &amp; Nut Blend</a></li>
							
							<li class="section"><a role="menuitem" id="sub-menu-4_62" href="http://shop.coles.com.au/online/national/fruit-vegetables/fresh-flowers-1595064" title="Fresh Flowers sub category">Fresh Flowers</a></li>
							
							
								<li><a role="menuitem" id="sub-menu-4_63" href="http://shop.coles.com.au/online/national/fruit-vegetables/fresh-flowers-1595064/flowers-1595065" title="Flowers">Flowers</a></li>
							
					</ul>
				</div>							
											
			</li>									
		
			
			<li>
				
							
					<a role="menuitem" id="aisleMenu_5" aria-haspopup="true" href="http://shop.coles.com.au/online/national/meat-seafood-deli" class="aisle" title="Browse the Meat, Seafood &amp; Deli aisle">
						Meat, Seafood &amp; Deli <span>→</span>
					</a>
					
					<div id="menu-5" class="column-list clearfix" data-rows="22" role="navigation">
						<h2>
							<a role="menuitem" id="sub-menu-5_0" class="subCatHeader" title="Meat, Seafood &amp; Deli Category" href="http://shop.coles.com.au/online/national/meat-seafood-deli">
								Meat, Seafood &amp; Deli
							</a>
							<span class="aisle-search">&nbsp;
								<a role="menuitem" id="sub-menu-5_1" class="browseAllSubCategory" href="http://shop.coles.com.au/online/national/meat-seafood-deli/meat-seafood-deli" title="Browse all items">
								 Browse all items<span>→</span>
								</a>
							</span>
						</h2>
						
						
					<ul role="menu" id="sub-menu-5" data-col-items="menu-5" class="hidden">
						
							<li class="section"><a role="menuitem" id="sub-menu-5_2" href="http://shop.coles.com.au/online/national/meat-seafood-deli/fresh-meat" title="Meat sub category">Meat</a></li>
							
							
								<li><a role="menuitem" id="sub-menu-5_3" href="http://shop.coles.com.au/online/national/meat-seafood-deli/fresh-meat/beef" title="Beef">Beef</a></li>
							
								<li><a role="menuitem" id="sub-menu-5_4" href="http://shop.coles.com.au/online/national/meat-seafood-deli/fresh-meat/chicken" title="Chicken">Chicken</a></li>
							
								<li><a role="menuitem" id="sub-menu-5_5" href="http://shop.coles.com.au/online/national/meat-seafood-deli/fresh-meat/lamb" title="Lamb">Lamb</a></li>
							
								<li><a role="menuitem" id="sub-menu-5_6" href="http://shop.coles.com.au/online/national/meat-seafood-deli/fresh-meat/pork" title="Pork">Pork</a></li>
							
								<li><a role="menuitem" id="sub-menu-5_7" href="http://shop.coles.com.au/online/national/meat-seafood-deli/fresh-meat/turkey" title="Turkey">Turkey</a></li>
							
								<li><a role="menuitem" id="sub-menu-5_8" href="http://shop.coles.com.au/online/national/meat-seafood-deli/fresh-meat/duck-other-poultry" title="Duck &amp; Other Poultry">Duck &amp; Other Poultry</a></li>
							
								<li><a role="menuitem" id="sub-menu-5_9" href="http://shop.coles.com.au/online/national/meat-seafood-deli/fresh-meat/veal" title="Veal">Veal</a></li>
							
								<li><a role="menuitem" id="sub-menu-5_10" href="http://shop.coles.com.au/online/national/meat-seafood-deli/fresh-meat/game" title="Game">Game</a></li>
							
								<li><a role="menuitem" id="sub-menu-5_11" href="http://shop.coles.com.au/online/national/meat-seafood-deli/fresh-meat/burgers-and-sausages" title="Burgers and Sausages">Burgers and Sausages</a></li>
							
								<li><a role="menuitem" id="sub-menu-5_12" href="http://shop.coles.com.au/online/national/meat-seafood-deli/fresh-meat/bbq-party-packs" title="BBQ &amp; Party Packs">BBQ &amp; Party Packs</a></li>
							
							<li class="section"><a role="menuitem" id="sub-menu-5_13" href="http://shop.coles.com.au/online/national/meat-seafood-deli/seafood" title="Seafood sub category">Seafood</a></li>
							
							
								<li><a role="menuitem" id="sub-menu-5_14" href="http://shop.coles.com.au/online/national/meat-seafood-deli/seafood/fish-accessories" title="Fish">Fish</a></li>
							
								<li><a role="menuitem" id="sub-menu-5_15" href="http://shop.coles.com.au/online/national/meat-seafood-deli/seafood/lobster-crab" title="Crab &amp; Lobster">Crab &amp; Lobster</a></li>
							
								<li><a role="menuitem" id="sub-menu-5_16" href="http://shop.coles.com.au/online/national/meat-seafood-deli/seafood/oysters" title="Oysters">Oysters</a></li>
							
								<li><a role="menuitem" id="sub-menu-5_17" href="http://shop.coles.com.au/online/national/meat-seafood-deli/seafood/mussels-scallops" title="Mussels &amp; Scallops">Mussels &amp; Scallops</a></li>
							
								<li><a role="menuitem" id="sub-menu-5_18" href="http://shop.coles.com.au/online/national/meat-seafood-deli/seafood/shrimp-prawns" title="Prawns &amp; Shrimp">Prawns &amp; Shrimp</a></li>
							
								<li><a role="menuitem" id="sub-menu-5_19" href="http://shop.coles.com.au/online/national/meat-seafood-deli/seafood/mixed-marinara" title="Mixed Marinara">Mixed Marinara</a></li>
							
								<li><a role="menuitem" id="sub-menu-5_20" href="http://shop.coles.com.au/online/national/meat-seafood-deli/seafood/squid-octopus" title="Squid &amp; Octopus">Squid &amp; Octopus</a></li>
							
								<li><a role="menuitem" id="sub-menu-5_21" href="http://shop.coles.com.au/online/national/meat-seafood-deli/seafood/prepacked-seafood" title="Prepacked Seafood">Prepacked Seafood</a></li>
							
							<li class="section"><a role="menuitem" id="sub-menu-5_22" href="http://shop.coles.com.au/online/national/meat-seafood-deli/deli-meats" title="Deli Meats sub category">Deli Meats</a></li>
							
							
								<li><a role="menuitem" id="sub-menu-5_23" href="http://shop.coles.com.au/online/national/meat-seafood-deli/deli-meats/ham" title="Ham">Ham</a></li>
							
								<li><a role="menuitem" id="sub-menu-5_24" href="http://shop.coles.com.au/online/national/meat-seafood-deli/deli-meats/bacon" title="Bacon">Bacon</a></li>
							
								<li><a role="menuitem" id="sub-menu-5_25" href="http://shop.coles.com.au/online/national/meat-seafood-deli/deli-meats/salami" title="Salami">Salami</a></li>
							
								<li><a role="menuitem" id="sub-menu-5_26" href="http://shop.coles.com.au/online/national/meat-seafood-deli/deli-meats/cold-sliced-meats" title="Sliced Meats">Sliced Meats</a></li>
							
								<li><a role="menuitem" id="sub-menu-5_27" href="http://shop.coles.com.au/online/national/meat-seafood-deli/deli-meats/cured--dried-smoked" title="Cured &amp; Smoked">Cured &amp; Smoked</a></li>
							
								<li><a role="menuitem" id="sub-menu-5_28" href="http://shop.coles.com.au/online/national/meat-seafood-deli/deli-meats/frankfurts-sausages" title="Frankfurts &amp; Sausages">Frankfurts &amp; Sausages</a></li>
							
								<li><a role="menuitem" id="sub-menu-5_29" href="http://shop.coles.com.au/online/national/meat-seafood-deli/deli-meats/poultry" title="Poultry">Poultry</a></li>
							
								<li><a role="menuitem" id="sub-menu-5_30" href="http://shop.coles.com.au/online/national/meat-seafood-deli/deli-meats/smoked-salmon" title="Smoked Salmon">Smoked Salmon</a></li>
							
								<li><a role="menuitem" id="sub-menu-5_31" href="http://shop.coles.com.au/online/national/meat-seafood-deli/deli-meats/deli-seafood" title="Deli Seafood">Deli Seafood</a></li>
							
							<li class="section"><a role="menuitem" id="sub-menu-5_32" href="http://shop.coles.com.au/online/national/meat-seafood-deli/deli-specialty" title="Deli Specialty sub category">Deli Specialty</a></li>
							
							
								<li><a role="menuitem" id="sub-menu-5_33" href="http://shop.coles.com.au/online/national/meat-seafood-deli/deli-specialty/dips-pate" title="Dips &amp; Pate">Dips &amp; Pate</a></li>
							
								<li><a role="menuitem" id="sub-menu-5_34" href="http://shop.coles.com.au/online/national/meat-seafood-deli/deli-specialty/deli-gourmet-cheese" title="Deli Gourmet Cheese">Deli Gourmet Cheese</a></li>
							
								<li><a role="menuitem" id="sub-menu-5_35" href="http://shop.coles.com.au/online/national/meat-seafood-deli/deli-specialty/olives" title="Olives">Olives</a></li>
							
								<li><a role="menuitem" id="sub-menu-5_36" href="http://shop.coles.com.au/online/national/meat-seafood-deli/deli-specialty/antipasto" title="Antipasto">Antipasto</a></li>
							
								<li><a role="menuitem" id="sub-menu-5_37" href="http://shop.coles.com.au/online/national/meat-seafood-deli/deli-specialty/platters" title="Platters">Platters</a></li>
							
								<li><a role="menuitem" id="sub-menu-5_38" href="http://shop.coles.com.au/online/national/meat-seafood-deli/deli-specialty/salads" title="Salads">Salads</a></li>
							
								<li><a role="menuitem" id="sub-menu-5_39" href="http://shop.coles.com.au/online/national/meat-seafood-deli/deli-specialty/prepared-foods" title="Prepared Foods">Prepared Foods</a></li>
							
					</ul>
				</div>							
											
			</li>									
		
			
			<li>
				
							
					<a role="menuitem" id="aisleMenu_6" aria-haspopup="true" href="http://shop.coles.com.au/online/national/dairy--eggs-meals" class="aisle" title="Browse the Dairy, Eggs &amp; Meals aisle">
						Dairy, Eggs &amp; Meals <span>→</span>
					</a>
					
					<div id="menu-6" class="column-list clearfix" data-rows="22" role="navigation">
						<h2>
							<a role="menuitem" id="sub-menu-6_0" class="subCatHeader" title="Dairy, Eggs &amp; Meals Category" href="http://shop.coles.com.au/online/national/dairy--eggs-meals">
								Dairy, Eggs &amp; Meals
							</a>
							<span class="aisle-search">&nbsp;
								<a role="menuitem" id="sub-menu-6_1" class="browseAllSubCategory" href="http://shop.coles.com.au/online/national/dairy--eggs-meals/dairy--eggs-meals" title="Browse all items">
								 Browse all items<span>→</span>
								</a>
							</span>
						</h2>
						
						
					<ul role="menu" id="sub-menu-6" data-col-items="menu-6" class="hidden">
						
							<li class="section"><a role="menuitem" id="sub-menu-6_2" href="http://shop.coles.com.au/online/national/dairy--eggs-meals/dairy-eggs" title="Dairy &amp; Eggs sub category">Dairy &amp; Eggs</a></li>
							
							
								<li><a role="menuitem" id="sub-menu-6_3" href="http://shop.coles.com.au/online/national/dairy--eggs-meals/dairy-eggs/milk" title="Milk">Milk</a></li>
							
								<li><a role="menuitem" id="sub-menu-6_4" href="http://shop.coles.com.au/online/national/dairy--eggs-meals/dairy-eggs/eggs" title="Eggs">Eggs</a></li>
							
								<li><a role="menuitem" id="sub-menu-6_5" href="http://shop.coles.com.au/online/national/dairy--eggs-meals/dairy-eggs/yoghurt" title="Yoghurt">Yoghurt</a></li>
							
								<li><a role="menuitem" id="sub-menu-6_6" href="http://shop.coles.com.au/online/national/dairy--eggs-meals/dairy-eggs/cheese" title="Cheese">Cheese</a></li>
							
								<li><a role="menuitem" id="sub-menu-6_7" href="http://shop.coles.com.au/online/national/dairy--eggs-meals/dairy-eggs/gourmet-cheese" title="Gourmet Cheese">Gourmet Cheese</a></li>
							
								<li><a role="menuitem" id="sub-menu-6_8" href="http://shop.coles.com.au/online/national/dairy--eggs-meals/dairy-eggs/butter-margarine" title="Butter &amp; Margarine">Butter &amp; Margarine</a></li>
							
								<li><a role="menuitem" id="sub-menu-6_9" href="http://shop.coles.com.au/online/national/dairy--eggs-meals/dairy-eggs/cream" title="Cream">Cream</a></li>
							
								<li><a role="menuitem" id="sub-menu-6_10" href="http://shop.coles.com.au/online/national/dairy--eggs-meals/dairy-eggs/custard" title="Custard">Custard</a></li>
							
								<li><a role="menuitem" id="sub-menu-6_11" href="http://shop.coles.com.au/online/national/dairy--eggs-meals/dairy-eggs/dips" title="Dips">Dips</a></li>
							
								<li><a role="menuitem" id="sub-menu-6_12" href="http://shop.coles.com.au/online/national/dairy--eggs-meals/dairy-eggs/desserts" title="Desserts">Desserts</a></li>
							
							<li class="section"><a role="menuitem" id="sub-menu-6_13" href="http://shop.coles.com.au/online/national/dairy--eggs-meals/fresh-pasta-sauces" title="Fresh Pasta &amp; Sauces sub category">Fresh Pasta &amp; Sauces</a></li>
							
							
								<li><a role="menuitem" id="sub-menu-6_14" href="http://shop.coles.com.au/online/national/dairy--eggs-meals/fresh-pasta-sauces/fresh-pasta-noodles" title="Fresh Pasta &amp; Noodles">Fresh Pasta &amp; Noodles</a></li>
							
								<li><a role="menuitem" id="sub-menu-6_15" href="http://shop.coles.com.au/online/national/dairy--eggs-meals/fresh-pasta-sauces/pasta-sauces" title="Pasta Sauces">Pasta Sauces</a></li>
							
							<li class="section"><a role="menuitem" id="sub-menu-6_16" href="http://shop.coles.com.au/online/national/dairy--eggs-meals/garlic-bread-pastry-sheets" title="Garlic Bread &amp; Pastry Sheets sub category">Garlic Bread &amp; Pastry Sheets</a></li>
							
							
								<li><a role="menuitem" id="sub-menu-6_17" href="http://shop.coles.com.au/online/national/dairy--eggs-meals/garlic-bread-pastry-sheets/chilled-garlic-specialty-breads" title="Chilled Garlic &amp; Specialty Breads">Chilled Garlic &amp; Specialty Breads</a></li>
							
								<li><a role="menuitem" id="sub-menu-6_18" href="http://shop.coles.com.au/online/national/dairy--eggs-meals/garlic-bread-pastry-sheets/chilled-pastry-dough" title="Chilled Pastry &amp; Dough">Chilled Pastry &amp; Dough</a></li>
							
							<li class="section"><a role="menuitem" id="sub-menu-6_19" href="http://shop.coles.com.au/online/national/dairy--eggs-meals/ready-to-eat-meals" title="Ready to Eat Meals sub category">Ready to Eat Meals</a></li>
							
							
								<li><a role="menuitem" id="sub-menu-6_20" href="http://shop.coles.com.au/online/national/dairy--eggs-meals/ready-to-eat-meals/thai-meals" title="Thai Meals">Thai Meals</a></li>
							
								<li><a role="menuitem" id="sub-menu-6_21" href="http://shop.coles.com.au/online/national/dairy--eggs-meals/ready-to-eat-meals/rice-based-meals" title="Indian Meals">Indian Meals</a></li>
							
								<li><a role="menuitem" id="sub-menu-6_22" href="http://shop.coles.com.au/online/national/dairy--eggs-meals/ready-to-eat-meals/hot-snacks-sides" title="Hot Snacks &amp; Sides">Hot Snacks &amp; Sides</a></li>
							
								<li><a role="menuitem" id="sub-menu-6_23" href="http://shop.coles.com.au/online/national/dairy--eggs-meals/ready-to-eat-meals/nann--roti--pappadums" title="Naan, Roti, Pappadums">Naan, Roti, Pappadums</a></li>
							
								<li><a role="menuitem" id="sub-menu-6_24" href="http://shop.coles.com.au/online/national/dairy--eggs-meals/ready-to-eat-meals/pasta-meals-456613" title="Italian Meals &amp; Pasta">Italian Meals &amp; Pasta</a></li>
							
								<li><a role="menuitem" id="sub-menu-6_25" href="http://shop.coles.com.au/online/national/dairy--eggs-meals/ready-to-eat-meals/pies-pastries" title="Pies &amp; Pastries">Pies &amp; Pastries</a></li>
							
								<li><a role="menuitem" id="sub-menu-6_26" href="http://shop.coles.com.au/online/national/dairy--eggs-meals/ready-to-eat-meals/pizzas" title="Pizzas">Pizzas</a></li>
							
								<li><a role="menuitem" id="sub-menu-6_27" href="http://shop.coles.com.au/online/national/dairy--eggs-meals/ready-to-eat-meals/soups-stews" title="Soups &amp; Stews">Soups &amp; Stews</a></li>
							
							<li class="section"><a role="menuitem" id="sub-menu-6_28" href="http://shop.coles.com.au/online/national/dairy--eggs-meals/meat-alternatives" title="Vegetarian Options sub category">Vegetarian Options</a></li>
							
							
								<li><a role="menuitem" id="sub-menu-6_29" href="http://shop.coles.com.au/online/national/dairy--eggs-meals/meat-alternatives/soy" title="Soy">Soy</a></li>
							
								<li><a role="menuitem" id="sub-menu-6_30" href="http://shop.coles.com.au/online/national/dairy--eggs-meals/meat-alternatives/tofu" title="Tofu">Tofu</a></li>
							
								<li><a role="menuitem" id="sub-menu-6_31" href="http://shop.coles.com.au/online/national/dairy--eggs-meals/meat-alternatives/falafels" title="Falafels">Falafels</a></li>
							
								<li><a role="menuitem" id="sub-menu-6_32" href="http://shop.coles.com.au/online/national/dairy--eggs-meals/meat-alternatives/vegie-burgers-sausages" title="Vegie Burgers &amp; Sausages">Vegie Burgers &amp; Sausages</a></li>
							
								<li><a role="menuitem" id="sub-menu-6_33" href="http://shop.coles.com.au/online/national/dairy--eggs-meals/meat-alternatives/vegie-bacon-mince" title="Vegie Bacon &amp; Mince">Vegie Bacon &amp; Mince</a></li>
							
					</ul>
				</div>							
											
			</li>									
		
			
			<li>
				
							
					<a role="menuitem" id="aisleMenu_7" aria-haspopup="true" href="http://shop.coles.com.au/online/national/pantry" class="aisle" title="Browse the Pantry aisle">
						Pantry <span>→</span>
					</a>
					
					<div id="menu-7" class="column-list clearfix" data-rows="22" role="navigation">
						<h2>
							<a role="menuitem" id="sub-menu-7_0" class="subCatHeader" title="Pantry Category" href="http://shop.coles.com.au/online/national/pantry">
								Pantry
							</a>
							<span class="aisle-search">&nbsp;
								<a role="menuitem" id="sub-menu-7_1" class="browseAllSubCategory" href="http://shop.coles.com.au/online/national/pantry/pantry" title="Browse all items">
								 Browse all items<span>→</span>
								</a>
							</span>
						</h2>
						
						
					<ul role="menu" id="sub-menu-7" data-col-items="menu-7" class="hidden">
						
							<li class="section"><a role="menuitem" id="sub-menu-7_2" href="http://shop.coles.com.au/online/national/pantry/breakfast" title="Breakfast sub category">Breakfast</a></li>
							
							
								<li><a role="menuitem" id="sub-menu-7_3" href="http://shop.coles.com.au/online/national/pantry/breakfast/cereals" title="Cereals">Cereals</a></li>
							
								<li><a role="menuitem" id="sub-menu-7_4" href="http://shop.coles.com.au/online/national/pantry/breakfast/breakfast-drinks" title="Breakfast Drinks">Breakfast Drinks</a></li>
							
							<li class="section"><a role="menuitem" id="sub-menu-7_5" href="http://shop.coles.com.au/online/national/pantry/snacks" title="Snacks sub category">Snacks</a></li>
							
							
								<li><a role="menuitem" id="sub-menu-7_6" href="http://shop.coles.com.au/online/national/pantry/snacks/potato-chips" title="Potato Chips">Potato Chips</a></li>
							
								<li><a role="menuitem" id="sub-menu-7_7" href="http://shop.coles.com.au/online/national/pantry/snacks/corn-chips-salsa" title="Corn Chips &amp; Salsa">Corn Chips &amp; Salsa</a></li>
							
								<li><a role="menuitem" id="sub-menu-7_8" href="http://shop.coles.com.au/online/national/pantry/snacks/popcorn" title="Popcorn">Popcorn</a></li>
							
								<li><a role="menuitem" id="sub-menu-7_9" href="http://shop.coles.com.au/online/national/pantry/snacks/pretzels-other-snacks" title="Pretzels &amp; Other Snacks">Pretzels &amp; Other Snacks</a></li>
							
								<li><a role="menuitem" id="sub-menu-7_10" href="http://shop.coles.com.au/online/national/pantry/snacks/biscuits-cookies" title="Biscuits &amp; Cookies">Biscuits &amp; Cookies</a></li>
							
								<li><a role="menuitem" id="sub-menu-7_11" href="http://shop.coles.com.au/online/national/pantry/snacks/nuts-trail-mix" title="Nuts &amp; Trail Mix">Nuts &amp; Trail Mix</a></li>
							
								<li><a role="menuitem" id="sub-menu-7_12" href="http://shop.coles.com.au/online/national/pantry/snacks/fruit-snacks" title="Fruit Snacks">Fruit Snacks</a></li>
							
								<li><a role="menuitem" id="sub-menu-7_13" href="http://shop.coles.com.au/online/national/pantry/snacks/muesli-snack-bars" title="Muesli &amp; Snack Bars">Muesli &amp; Snack Bars</a></li>
							
								<li><a role="menuitem" id="sub-menu-7_14" href="http://shop.coles.com.au/online/national/pantry/snacks/jelly" title="Jelly">Jelly</a></li>
							
								<li><a role="menuitem" id="sub-menu-7_15" href="http://shop.coles.com.au/online/national/pantry/snacks/ice-cream-cones-toppings" title="Ice-cream Cones &amp; Toppings">Ice-cream Cones &amp; Toppings</a></li>
							
								<li><a role="menuitem" id="sub-menu-7_16" href="http://shop.coles.com.au/online/national/pantry/snacks/dairy-snacks" title="Dairy Snacks">Dairy Snacks</a></li>
							
								<li><a role="menuitem" id="sub-menu-7_17" href="http://shop.coles.com.au/online/national/pantry/snacks/rice-corn-snacks" title="Rice &amp; Corn Snacks">Rice &amp; Corn Snacks</a></li>
							
								<li><a role="menuitem" id="sub-menu-7_18" href="http://shop.coles.com.au/online/national/pantry/snacks/crackers-cripsbreads" title="Crackers &amp; Crispbreads">Crackers &amp; Crispbreads</a></li>
							
								<li><a role="menuitem" id="sub-menu-7_19" href="http://shop.coles.com.au/online/national/pantry/snacks/party-packs-366011" title="Party Packs">Party Packs</a></li>
							
							<li class="section"><a role="menuitem" id="sub-menu-7_20" href="http://shop.coles.com.au/online/national/pantry/chocolates-lollies" title="Confectionery sub category">Confectionery</a></li>
							
							
								<li><a role="menuitem" id="sub-menu-7_21" href="http://shop.coles.com.au/online/national/pantry/chocolates-lollies/chocolates" title="Chocolates">Chocolates</a></li>
							
								<li><a role="menuitem" id="sub-menu-7_22" href="http://shop.coles.com.au/online/national/pantry/chocolates-lollies/lollies" title="Lollies">Lollies</a></li>
							
								<li><a role="menuitem" id="sub-menu-7_23" href="http://shop.coles.com.au/online/national/pantry/chocolates-lollies/gum" title="Gum &amp; Mints">Gum &amp; Mints</a></li>
							
								<li><a role="menuitem" id="sub-menu-7_24" href="http://shop.coles.com.au/online/national/pantry/chocolates-lollies/medicated-lozenges" title="Medicated Lozenges">Medicated Lozenges</a></li>
							
							<li class="section"><a role="menuitem" id="sub-menu-7_25" href="http://shop.coles.com.au/online/national/pantry/herbs-spices" title="Herbs &amp; Spices sub category">Herbs &amp; Spices</a></li>
							
							
								<li><a role="menuitem" id="sub-menu-7_26" href="http://shop.coles.com.au/online/national/pantry/herbs-spices/dried-herbs" title="Dried Herbs">Dried Herbs</a></li>
							
								<li><a role="menuitem" id="sub-menu-7_27" href="http://shop.coles.com.au/online/national/pantry/herbs-spices/salt--pepper-spices" title="Salt, Pepper &amp; Spices">Salt, Pepper &amp; Spices</a></li>
							
								<li><a role="menuitem" id="sub-menu-7_28" href="http://shop.coles.com.au/online/national/pantry/herbs-spices/marinades-seasonings" title="Marinades &amp; Seasonings">Marinades &amp; Seasonings</a></li>
							
							<li class="section"><a role="menuitem" id="sub-menu-7_29" href="http://shop.coles.com.au/online/national/pantry/health-foods" title="Health Foods sub category">Health Foods</a></li>
							
							
								<li><a role="menuitem" id="sub-menu-7_30" href="http://shop.coles.com.au/online/national/pantry/health-foods/cooking" title="Cooking">Cooking</a></li>
							
							<li class="section"><a role="menuitem" id="sub-menu-7_31" href="http://shop.coles.com.au/online/national/pantry/stocks-gravy" title="Stocks &amp; Gravy sub category">Stocks &amp; Gravy</a></li>
							
							
								<li><a role="menuitem" id="sub-menu-7_32" href="http://shop.coles.com.au/online/national/pantry/stocks-gravy/dry-stock" title="Dry Stock">Dry Stock</a></li>
							
								<li><a role="menuitem" id="sub-menu-7_33" href="http://shop.coles.com.au/online/national/pantry/stocks-gravy/liquid-stock" title="Liquid Stock">Liquid Stock</a></li>
							
								<li><a role="menuitem" id="sub-menu-7_34" href="http://shop.coles.com.au/online/national/pantry/stocks-gravy/gravy" title="Gravy">Gravy</a></li>
							
							<li class="section"><a role="menuitem" id="sub-menu-7_35" href="http://shop.coles.com.au/online/national/pantry/baking" title="Baking sub category">Baking</a></li>
							
							
								<li><a role="menuitem" id="sub-menu-7_36" href="http://shop.coles.com.au/online/national/pantry/baking/flour" title="Flour">Flour</a></li>
							
								<li><a role="menuitem" id="sub-menu-7_37" href="http://shop.coles.com.au/online/national/pantry/baking/sugar-sweeteners" title="Sugar &amp; Sweeteners">Sugar &amp; Sweeteners</a></li>
							
								<li><a role="menuitem" id="sub-menu-7_38" href="http://shop.coles.com.au/online/national/pantry/baking/breadcrumbs-stuffing" title="Breadcrumbs &amp; Stuffing">Breadcrumbs &amp; Stuffing</a></li>
							
								<li><a role="menuitem" id="sub-menu-7_39" href="http://shop.coles.com.au/online/national/pantry/baking/yeast-baking-agents" title="Yeast &amp; Baking Agents">Yeast &amp; Baking Agents</a></li>
							
								<li><a role="menuitem" id="sub-menu-7_40" href="http://shop.coles.com.au/online/national/pantry/baking/cake-decorating" title="Cake Decorating">Cake Decorating</a></li>
							
								<li><a role="menuitem" id="sub-menu-7_41" href="http://shop.coles.com.au/online/national/pantry/baking/cake-bread-mixes" title="Cake &amp; Bread Mixes">Cake &amp; Bread Mixes</a></li>
							
								<li><a role="menuitem" id="sub-menu-7_42" href="http://shop.coles.com.au/online/national/pantry/baking/essence-food-colouring" title="Essence &amp; Food Colouring">Essence &amp; Food Colouring</a></li>
							
								<li><a role="menuitem" id="sub-menu-7_43" href="http://shop.coles.com.au/online/national/pantry/baking/dried-fruits-fillings" title="Dried Fruits &amp; Fillings">Dried Fruits &amp; Fillings</a></li>
							
								<li><a role="menuitem" id="sub-menu-7_44" href="http://shop.coles.com.au/online/national/pantry/baking/cooking-chocolate-cocoa" title="Cooking Chocolate &amp; Cocoa">Cooking Chocolate &amp; Cocoa</a></li>
							
								<li><a role="menuitem" id="sub-menu-7_45" href="http://shop.coles.com.au/online/national/pantry/baking/pancake-batter-mixes" title="Pancake &amp; Dessert Mixes">Pancake &amp; Dessert Mixes</a></li>
							
							<li class="section"><a role="menuitem" id="sub-menu-7_46" href="http://shop.coles.com.au/online/national/pantry/condiments" title="Condiments sub category">Condiments</a></li>
							
							
								<li><a role="menuitem" id="sub-menu-7_47" href="http://shop.coles.com.au/online/national/pantry/condiments/pickles--chutney-relish" title="Pickles, Chutney &amp; Relish">Pickles, Chutney &amp; Relish</a></li>
							
								<li><a role="menuitem" id="sub-menu-7_48" href="http://shop.coles.com.au/online/national/pantry/condiments/salad-dressings" title="Salad Dressings">Salad Dressings</a></li>
							
								<li><a role="menuitem" id="sub-menu-7_49" href="http://shop.coles.com.au/online/national/pantry/condiments/mayonnaise" title="Mayonnaise">Mayonnaise</a></li>
							
								<li><a role="menuitem" id="sub-menu-7_50" href="http://shop.coles.com.au/online/national/pantry/condiments/jams-spreads" title="Jams &amp; Spreads">Jams &amp; Spreads</a></li>
							
								<li><a role="menuitem" id="sub-menu-7_51" href="http://shop.coles.com.au/online/national/pantry/condiments/honey" title="Honey">Honey</a></li>
							
								<li><a role="menuitem" id="sub-menu-7_52" href="http://shop.coles.com.au/online/national/pantry/condiments/syrups-toppings" title="Syrups &amp; Toppings">Syrups &amp; Toppings</a></li>
							
								<li><a role="menuitem" id="sub-menu-7_53" href="http://shop.coles.com.au/online/national/pantry/condiments/mustard" title="Mustard">Mustard</a></li>
							
							<li class="section"><a role="menuitem" id="sub-menu-7_54" href="http://shop.coles.com.au/online/national/pantry/sauces" title="Sauces sub category">Sauces</a></li>
							
							
								<li><a role="menuitem" id="sub-menu-7_55" href="http://shop.coles.com.au/online/national/pantry/sauces/pizza-pasta" title="Pizza &amp; Pasta">Pizza &amp; Pasta</a></li>
							
								<li><a role="menuitem" id="sub-menu-7_56" href="http://shop.coles.com.au/online/national/pantry/sauces/recipe-meal-bases" title="Recipe &amp; Meal Bases">Recipe &amp; Meal Bases</a></li>
							
								<li><a role="menuitem" id="sub-menu-7_57" href="http://shop.coles.com.au/online/national/pantry/sauces/soy-asian" title="Soy &amp; Asian">Soy &amp; Asian</a></li>
							
								<li><a role="menuitem" id="sub-menu-7_58" href="http://shop.coles.com.au/online/national/pantry/sauces/stir-fry-and-curries" title="Stir-fry and Curries">Stir-fry and Curries</a></li>
							
								<li><a role="menuitem" id="sub-menu-7_59" href="http://shop.coles.com.au/online/national/pantry/sauces/tabasco-specialty" title="Sweet Chilli &amp; Hot">Sweet Chilli &amp; Hot</a></li>
							
								<li><a role="menuitem" id="sub-menu-7_60" href="http://shop.coles.com.au/online/national/pantry/sauces/tomato-bbq" title="Tomato &amp; BBQ">Tomato &amp; BBQ</a></li>
							
							<li class="section"><a role="menuitem" id="sub-menu-7_61" href="http://shop.coles.com.au/online/national/pantry/oils-vinegars" title="Oils &amp; Vinegars sub category">Oils &amp; Vinegars</a></li>
							
							
								<li><a role="menuitem" id="sub-menu-7_62" href="http://shop.coles.com.au/online/national/pantry/oils-vinegars/vinegar" title="Vinegar">Vinegar</a></li>
							
								<li><a role="menuitem" id="sub-menu-7_63" href="http://shop.coles.com.au/online/national/pantry/oils-vinegars/oil" title="Oil">Oil</a></li>
							
							<li class="section"><a role="menuitem" id="sub-menu-7_64" href="http://shop.coles.com.au/online/national/pantry/pasta--rice--grains" title="Pasta, Rice, Grains sub category">Pasta, Rice, Grains</a></li>
							
							
								<li><a role="menuitem" id="sub-menu-7_65" href="http://shop.coles.com.au/online/national/pantry/pasta--rice--grains/fresh-pasta" title="Fresh Pasta">Fresh Pasta</a></li>
							
								<li><a role="menuitem" id="sub-menu-7_66" href="http://shop.coles.com.au/online/national/pantry/pasta--rice--grains/dried-pasta" title="Dried Pasta">Dried Pasta</a></li>
							
								<li><a role="menuitem" id="sub-menu-7_67" href="http://shop.coles.com.au/online/national/pantry/pasta--rice--grains/rice" title="Rice">Rice</a></li>
							
								<li><a role="menuitem" id="sub-menu-7_68" href="http://shop.coles.com.au/online/national/pantry/pasta--rice--grains/pantry-beans-legumes" title="Beans &amp; Legumes">Beans &amp; Legumes</a></li>
							
								<li><a role="menuitem" id="sub-menu-7_69" href="http://shop.coles.com.au/online/national/pantry/pasta--rice--grains/polenta-other-grains" title="Polenta &amp; Other Grains">Polenta &amp; Other Grains</a></li>
							
							<li class="section"><a role="menuitem" id="sub-menu-7_70" href="http://shop.coles.com.au/online/national/pantry/canned-foods--soups-noodles" title="Canned Foods, Soups &amp; Noodles sub category">Canned Foods, Soups &amp; Noodles</a></li>
							
							
								<li><a role="menuitem" id="sub-menu-7_71" href="http://shop.coles.com.au/online/national/pantry/canned-foods--soups-noodles/beans-legumes" title="Canned Beans &amp; Legumes">Canned Beans &amp; Legumes</a></li>
							
								<li><a role="menuitem" id="sub-menu-7_72" href="http://shop.coles.com.au/online/national/pantry/canned-foods--soups-noodles/noodles" title="Noodles">Noodles</a></li>
							
								<li><a role="menuitem" id="sub-menu-7_73" href="http://shop.coles.com.au/online/national/pantry/canned-foods--soups-noodles/canned-fruit" title="Canned Fruit">Canned Fruit</a></li>
							
								<li><a role="menuitem" id="sub-menu-7_74" href="http://shop.coles.com.au/online/national/pantry/canned-foods--soups-noodles/canned-vegetables" title="Canned Vegetables">Canned Vegetables</a></li>
							
								<li><a role="menuitem" id="sub-menu-7_75" href="http://shop.coles.com.au/online/national/pantry/canned-foods--soups-noodles/canned-meat" title="Canned Meat">Canned Meat</a></li>
							
								<li><a role="menuitem" id="sub-menu-7_76" href="http://shop.coles.com.au/online/national/pantry/canned-foods--soups-noodles/condensed-evaporated-milk" title="Condensed &amp; Evaporated Milk">Condensed &amp; Evaporated Milk</a></li>
							
								<li><a role="menuitem" id="sub-menu-7_77" href="http://shop.coles.com.au/online/national/pantry/canned-foods--soups-noodles/instant-meals-sides" title="Instant Meals &amp; Sides">Instant Meals &amp; Sides</a></li>
							
								<li><a role="menuitem" id="sub-menu-7_78" href="http://shop.coles.com.au/online/national/pantry/canned-foods--soups-noodles/fish-seafood" title="Fish/Seafood">Fish/Seafood</a></li>
							
								<li><a role="menuitem" id="sub-menu-7_79" href="http://shop.coles.com.au/online/national/pantry/canned-foods--soups-noodles/baked-bins-tinned-spaghetti" title="Baked Beans &amp; Spaghetti">Baked Beans &amp; Spaghetti</a></li>
							
								<li><a role="menuitem" id="sub-menu-7_80" href="http://shop.coles.com.au/online/national/pantry/canned-foods--soups-noodles/soups" title="Soups">Soups</a></li>
							
							<li class="section"><a role="menuitem" id="sub-menu-7_81" href="http://shop.coles.com.au/online/national/pantry/tea-coffee" title="Tea &amp; Coffee sub category">Tea &amp; Coffee</a></li>
							
							
								<li><a role="menuitem" id="sub-menu-7_82" href="http://shop.coles.com.au/online/national/pantry/tea-coffee/tea" title="Tea">Tea</a></li>
							
								<li><a role="menuitem" id="sub-menu-7_83" href="http://shop.coles.com.au/online/national/pantry/tea-coffee/coffee" title="Coffee">Coffee</a></li>
							
								<li><a role="menuitem" id="sub-menu-7_84" href="http://shop.coles.com.au/online/national/pantry/tea-coffee/filters-accessories" title="Filters &amp; Accessories">Filters &amp; Accessories</a></li>
							
							<li class="section"><a role="menuitem" id="sub-menu-7_85" href="http://shop.coles.com.au/online/national/pantry/local-foods" title="Local Foods sub category">Local Foods</a></li>
							
							
								<li><a role="menuitem" id="sub-menu-7_86" href="http://shop.coles.com.au/online/national/pantry/local-foods/cereal-health-foods" title="Cereal &amp; Health Foods">Cereal &amp; Health Foods</a></li>
							
								<li><a role="menuitem" id="sub-menu-7_87" href="http://shop.coles.com.au/online/national/pantry/local-foods/local-snacks-drinks" title="Local Snacks &amp; Drinks">Local Snacks &amp; Drinks</a></li>
							
								<li><a role="menuitem" id="sub-menu-7_88" href="http://shop.coles.com.au/online/national/pantry/local-foods/pantry-local-foods" title="Pantry Local Foods">Pantry Local Foods</a></li>
							
							<li class="section"><a role="menuitem" id="sub-menu-7_89" href="http://shop.coles.com.au/online/national/pantry/easter-snacks" title="Easter Confectionery sub category">Easter Confectionery</a></li>
							
							
								<li><a role="menuitem" id="sub-menu-7_90" href="http://shop.coles.com.au/online/national/pantry/easter-snacks/easter-bunnies" title="Easter Bunnies">Easter Bunnies</a></li>
							
								<li><a role="menuitem" id="sub-menu-7_91" href="http://shop.coles.com.au/online/national/pantry/easter-snacks/easter-egg-sharepacks" title="Easter Egg Sharepacks">Easter Egg Sharepacks</a></li>
							
								<li><a role="menuitem" id="sub-menu-7_92" href="http://shop.coles.com.au/online/national/pantry/easter-snacks/easter-eggs" title="Easter Eggs">Easter Eggs</a></li>
							
					</ul>
				</div>							
											
			</li>									
		
			
			<li>
				
							
					<a role="menuitem" id="aisleMenu_8" aria-haspopup="true" href="http://shop.coles.com.au/online/national/frozen" class="aisle" title="Browse the Frozen aisle">
						Frozen <span>→</span>
					</a>
					
					<div id="menu-8" class="column-list clearfix" data-rows="22" role="navigation">
						<h2>
							<a role="menuitem" id="sub-menu-8_0" class="subCatHeader" title="Frozen Category" href="http://shop.coles.com.au/online/national/frozen">
								Frozen
							</a>
							<span class="aisle-search">&nbsp;
								<a role="menuitem" id="sub-menu-8_1" class="browseAllSubCategory" href="http://shop.coles.com.au/online/national/frozen/frozen" title="Browse all items">
								 Browse all items<span>→</span>
								</a>
							</span>
						</h2>
						
						
					<ul role="menu" id="sub-menu-8" data-col-items="menu-8" class="hidden">
						
							<li class="section"><a role="menuitem" id="sub-menu-8_2" href="http://shop.coles.com.au/online/national/frozen/frozen-chips-wedges" title="Chips &amp; Wedges sub category">Chips &amp; Wedges</a></li>
							
							
								<li><a role="menuitem" id="sub-menu-8_3" href="http://shop.coles.com.au/online/national/frozen/frozen-chips-wedges/chips" title="Chips">Chips</a></li>
							
								<li><a role="menuitem" id="sub-menu-8_4" href="http://shop.coles.com.au/online/national/frozen/frozen-chips-wedges/hashbrowns" title="Hashbrowns">Hashbrowns</a></li>
							
								<li><a role="menuitem" id="sub-menu-8_5" href="http://shop.coles.com.au/online/national/frozen/frozen-chips-wedges/wedges" title="Wedges">Wedges</a></li>
							
							<li class="section"><a role="menuitem" id="sub-menu-8_6" href="http://shop.coles.com.au/online/national/frozen/convenience-meals" title="Convenience Meals sub category">Convenience Meals</a></li>
							
							
								<li><a role="menuitem" id="sub-menu-8_7" href="http://shop.coles.com.au/online/national/frozen/convenience-meals/all-convenience-meals" title="All Convenience Meals">All Convenience Meals</a></li>
							
								<li><a role="menuitem" id="sub-menu-8_8" href="http://shop.coles.com.au/online/national/frozen/convenience-meals/kosher-convenience-meals" title="Kosher Convenience Meals">Kosher Convenience Meals</a></li>
							
							<li class="section"><a role="menuitem" id="sub-menu-8_9" href="http://shop.coles.com.au/online/national/frozen/frozen-desserts" title="Frozen Desserts sub category">Frozen Desserts</a></li>
							
							
								<li><a role="menuitem" id="sub-menu-8_10" href="http://shop.coles.com.au/online/national/frozen/frozen-desserts/assorted-desserts" title="Assorted Desserts">Assorted Desserts</a></li>
							
								<li><a role="menuitem" id="sub-menu-8_11" href="http://shop.coles.com.au/online/national/frozen/frozen-desserts/cakes-cheesecakes" title="Cakes &amp; Cheesecakes">Cakes &amp; Cheesecakes</a></li>
							
								<li><a role="menuitem" id="sub-menu-8_12" href="http://shop.coles.com.au/online/national/frozen/frozen-desserts/dessert-pies" title="Dessert Pies">Dessert Pies</a></li>
							
								<li><a role="menuitem" id="sub-menu-8_13" href="http://shop.coles.com.au/online/national/frozen/frozen-desserts/ice-cream-cakes" title="Ice Cream Cakes">Ice Cream Cakes</a></li>
							
								<li><a role="menuitem" id="sub-menu-8_14" href="http://shop.coles.com.au/online/national/frozen/frozen-desserts/pastries-puddings" title="Pastries &amp; Puddings">Pastries &amp; Puddings</a></li>
							
							<li class="section"><a role="menuitem" id="sub-menu-8_15" href="http://shop.coles.com.au/online/national/frozen/frozen-fish-seafood" title="Frozen Fish &amp; Seafood sub category">Frozen Fish &amp; Seafood</a></li>
							
							
								<li><a role="menuitem" id="sub-menu-8_16" href="http://shop.coles.com.au/online/national/frozen/frozen-fish-seafood/fish-fingers-cakes" title="Fish Fingers &amp; Cakes">Fish Fingers &amp; Cakes</a></li>
							
								<li><a role="menuitem" id="sub-menu-8_17" href="http://shop.coles.com.au/online/national/frozen/frozen-fish-seafood/fish-fillets" title="Fish Fillets">Fish Fillets</a></li>
							
								<li><a role="menuitem" id="sub-menu-8_18" href="http://shop.coles.com.au/online/national/frozen/frozen-fish-seafood/seafood-frozen" title="Seafood Frozen">Seafood Frozen</a></li>
							
							<li class="section"><a role="menuitem" id="sub-menu-8_19" href="http://shop.coles.com.au/online/national/frozen/frozen-fruit" title="Frozen Fruit sub category">Frozen Fruit</a></li>
							
							
								<li><a role="menuitem" id="sub-menu-8_20" href="http://shop.coles.com.au/online/national/frozen/frozen-fruit/berries" title="Berries">Berries</a></li>
							
								<li><a role="menuitem" id="sub-menu-8_21" href="http://shop.coles.com.au/online/national/frozen/frozen-fruit/tropical" title="Tropical">Tropical</a></li>
							
							<li class="section"><a role="menuitem" id="sub-menu-8_22" href="http://shop.coles.com.au/online/national/frozen/ice-cream-frozen-yoghurt" title="Ice Cream sub category">Ice Cream</a></li>
							
							
								<li><a role="menuitem" id="sub-menu-8_23" href="http://shop.coles.com.au/online/national/frozen/ice-cream-frozen-yoghurt/frozen-yoghurt" title="Frozen Yoghurt">Frozen Yoghurt</a></li>
							
								<li><a role="menuitem" id="sub-menu-8_24" href="http://shop.coles.com.au/online/national/frozen/ice-cream-frozen-yoghurt/ice-cream-desserts" title="Ice Cream Desserts">Ice Cream Desserts</a></li>
							
								<li><a role="menuitem" id="sub-menu-8_25" href="http://shop.coles.com.au/online/national/frozen/ice-cream-frozen-yoghurt/ice-cream-sticks" title="Ice Cream Sticks">Ice Cream Sticks</a></li>
							
								<li><a role="menuitem" id="sub-menu-8_26" href="http://shop.coles.com.au/online/national/frozen/ice-cream-frozen-yoghurt/ice-cream-tubs" title="Ice Cream Tubs">Ice Cream Tubs</a></li>
							
								<li><a role="menuitem" id="sub-menu-8_27" href="http://shop.coles.com.au/online/national/frozen/ice-cream-frozen-yoghurt/premium-ice-cream" title="Premium Ice Cream">Premium Ice Cream</a></li>
							
								<li><a role="menuitem" id="sub-menu-8_28" href="http://shop.coles.com.au/online/national/frozen/ice-cream-frozen-yoghurt/sorbet-gelato" title="Sorbet &amp; Gelato">Sorbet &amp; Gelato</a></li>
							
								<li><a role="menuitem" id="sub-menu-8_29" href="http://shop.coles.com.au/online/national/frozen/ice-cream-frozen-yoghurt/kosher-ice-cream" title="Kosher Ice Cream">Kosher Ice Cream</a></li>
							
							<li class="section"><a role="menuitem" id="sub-menu-8_30" href="http://shop.coles.com.au/online/national/frozen/frozen-meat" title="Frozen Meat sub category">Frozen Meat</a></li>
							
							
								<li><a role="menuitem" id="sub-menu-8_31" href="http://shop.coles.com.au/online/national/frozen/frozen-meat/beef-pork" title="Beef &amp; Pork">Beef &amp; Pork</a></li>
							
								<li><a role="menuitem" id="sub-menu-8_32" href="http://shop.coles.com.au/online/national/frozen/frozen-meat/burgers" title="Burgers">Burgers</a></li>
							
								<li><a role="menuitem" id="sub-menu-8_33" href="http://shop.coles.com.au/online/national/frozen/frozen-meat/crumbed-chicken-nuggets" title="Chicken Pieces &amp; Nuggets">Chicken Pieces &amp; Nuggets</a></li>
							
								<li><a role="menuitem" id="sub-menu-8_34" href="http://shop.coles.com.au/online/national/frozen/frozen-meat/whole-birds-rolls" title="Whole Birds &amp; Roasts">Whole Birds &amp; Roasts</a></li>
							
							<li class="section"><a role="menuitem" id="sub-menu-8_35" href="http://shop.coles.com.au/online/national/frozen/frozen-party-food-pastries" title="Frozen Party Food sub category">Frozen Party Food</a></li>
							
							
								<li><a role="menuitem" id="sub-menu-8_36" href="http://shop.coles.com.au/online/national/frozen/frozen-party-food-pastries/asian-party-food" title="Asian Party Food">Asian Party Food</a></li>
							
								<li><a role="menuitem" id="sub-menu-8_37" href="http://shop.coles.com.au/online/national/frozen/frozen-party-food-pastries/pastries" title="Pastries">Pastries</a></li>
							
								<li><a role="menuitem" id="sub-menu-8_38" href="http://shop.coles.com.au/online/national/frozen/frozen-party-food-pastries/pies-quiches" title="Pies &amp; Quiches">Pies &amp; Quiches</a></li>
							
								<li><a role="menuitem" id="sub-menu-8_39" href="http://shop.coles.com.au/online/national/frozen/frozen-party-food-pastries/party-food-1182577" title="Party Food">Party Food</a></li>
							
								<li><a role="menuitem" id="sub-menu-8_40" href="http://shop.coles.com.au/online/national/frozen/frozen-party-food-pastries/pastry-sheets" title="Pastry Sheets">Pastry Sheets</a></li>
							
							<li class="section"><a role="menuitem" id="sub-menu-8_41" href="http://shop.coles.com.au/online/national/frozen/frozen-pizzas" title="Frozen Pizzas sub category">Frozen Pizzas</a></li>
							
							
								<li><a role="menuitem" id="sub-menu-8_42" href="http://shop.coles.com.au/online/national/frozen/frozen-pizzas/pizza-snacks" title="Pizza Snacks">Pizza Snacks</a></li>
							
								<li><a role="menuitem" id="sub-menu-8_43" href="http://shop.coles.com.au/online/national/frozen/frozen-pizzas/pizzas-1182607" title="Pizzas">Pizzas</a></li>
							
							<li class="section"><a role="menuitem" id="sub-menu-8_44" href="http://shop.coles.com.au/online/national/frozen/frozen-vegetables" title="Frozen Vegetables sub category">Frozen Vegetables</a></li>
							
							
								<li><a role="menuitem" id="sub-menu-8_45" href="http://shop.coles.com.au/online/national/frozen/frozen-vegetables/beans" title="Beans">Beans</a></li>
							
								<li><a role="menuitem" id="sub-menu-8_46" href="http://shop.coles.com.au/online/national/frozen/frozen-vegetables/corn-1182820" title="Corn">Corn</a></li>
							
								<li><a role="menuitem" id="sub-menu-8_47" href="http://shop.coles.com.au/online/national/frozen/frozen-vegetables/frozen-chips" title="Frozen Chips">Frozen Chips</a></li>
							
								<li><a role="menuitem" id="sub-menu-8_48" href="http://shop.coles.com.au/online/national/frozen/frozen-vegetables/mixed-veg" title="Mixed Veg">Mixed Veg</a></li>
							
								<li><a role="menuitem" id="sub-menu-8_49" href="http://shop.coles.com.au/online/national/frozen/frozen-vegetables/oven-roast-potato" title="Oven Roast Potato">Oven Roast Potato</a></li>
							
								<li><a role="menuitem" id="sub-menu-8_50" href="http://shop.coles.com.au/online/national/frozen/frozen-vegetables/peas" title="Peas">Peas</a></li>
							
								<li><a role="menuitem" id="sub-menu-8_51" href="http://shop.coles.com.au/online/national/frozen/frozen-vegetables/steamed" title="Steamed">Steamed</a></li>
							
								<li><a role="menuitem" id="sub-menu-8_52" href="http://shop.coles.com.au/online/national/frozen/frozen-vegetables/stir-fry" title="Stir Fry">Stir Fry</a></li>
							
								<li><a role="menuitem" id="sub-menu-8_53" href="http://shop.coles.com.au/online/national/frozen/frozen-vegetables/other-veg" title="Other Veg">Other Veg</a></li>
							
					</ul>
				</div>							
											
			</li>									
		
			
			<li>
				
							
					<a role="menuitem" id="aisleMenu_9" aria-haspopup="true" href="http://shop.coles.com.au/online/national/drinks" class="aisle" title="Browse the Drinks aisle">
						Drinks <span>→</span>
					</a>
					
					<div id="menu-9" class="column-list clearfix" data-rows="22" role="navigation">
						<h2>
							<a role="menuitem" id="sub-menu-9_0" class="subCatHeader" title="Drinks Category" href="http://shop.coles.com.au/online/national/drinks">
								Drinks
							</a>
							<span class="aisle-search">&nbsp;
								<a role="menuitem" id="sub-menu-9_1" class="browseAllSubCategory" href="http://shop.coles.com.au/online/national/drinks/drinks" title="Browse all items">
								 Browse all items<span>→</span>
								</a>
							</span>
						</h2>
						
						
					<ul role="menu" id="sub-menu-9" data-col-items="menu-9" class="hidden">
						
							<li class="section"><a role="menuitem" id="sub-menu-9_2" href="http://shop.coles.com.au/online/national/drinks/cold" title="All Drinks sub category">All Drinks</a></li>
							
							
								<li><a role="menuitem" id="sub-menu-9_3" href="http://shop.coles.com.au/online/national/drinks/cold/soft-drinks" title="Soft Drinks">Soft Drinks</a></li>
							
								<li><a role="menuitem" id="sub-menu-9_4" href="http://shop.coles.com.au/online/national/drinks/cold/cordials-mixers" title="Cordials">Cordials</a></li>
							
								<li><a role="menuitem" id="sub-menu-9_5" href="http://shop.coles.com.au/online/national/drinks/cold/water" title="Water">Water</a></li>
							
								<li><a role="menuitem" id="sub-menu-9_6" href="http://shop.coles.com.au/online/national/drinks/cold/juice" title="Juice">Juice</a></li>
							
								<li><a role="menuitem" id="sub-menu-9_7" href="http://shop.coles.com.au/online/national/drinks/cold/chilled-juice" title="Chilled Juice">Chilled Juice</a></li>
							
								<li><a role="menuitem" id="sub-menu-9_8" href="http://shop.coles.com.au/online/national/drinks/cold/iced-tea" title="Iced Tea">Iced Tea</a></li>
							
								<li><a role="menuitem" id="sub-menu-9_9" href="http://shop.coles.com.au/online/national/drinks/cold/flavoured-milk" title="Flavoured Milk">Flavoured Milk</a></li>
							
								<li><a role="menuitem" id="sub-menu-9_10" href="http://shop.coles.com.au/online/national/drinks/cold/long-life-milk" title="Long-Life Milk">Long-Life Milk</a></li>
							
								<li><a role="menuitem" id="sub-menu-9_11" href="http://shop.coles.com.au/online/national/drinks/cold/sports-energy-drinks" title="Sports/Energy Drinks">Sports/Energy Drinks</a></li>
							
								<li><a role="menuitem" id="sub-menu-9_12" href="http://shop.coles.com.au/online/national/drinks/cold/non-alcoholic" title="Non-alcoholic">Non-alcoholic</a></li>
							
								<li><a role="menuitem" id="sub-menu-9_13" href="http://shop.coles.com.au/online/national/drinks/cold/powders-and-mixes" title="Powders and Mixes">Powders and Mixes</a></li>
							
								<li><a role="menuitem" id="sub-menu-9_14" href="http://shop.coles.com.au/online/national/drinks/cold/tea-bags" title="Tea">Tea</a></li>
							
								<li><a role="menuitem" id="sub-menu-9_15" href="http://shop.coles.com.au/online/national/drinks/cold/coffee-drinks" title="Coffee Drinks">Coffee Drinks</a></li>
							
								<li><a role="menuitem" id="sub-menu-9_16" href="http://shop.coles.com.au/online/national/drinks/cold/coffee-filter" title="Coffee Filters">Coffee Filters</a></li>
							
					</ul>
				</div>							
											
			</li>									
		
			
			<li>
				
							
					<a role="menuitem" id="aisleMenu_10" aria-haspopup="true" href="http://shop.coles.com.au/online/national/liquor" class="aisle" title="Browse the Liquor aisle">
						Liquor <span>→</span>
					</a>
					
					<div id="menu-10" class="column-list clearfix" data-rows="22" role="navigation">
						<h2>
							<a role="menuitem" id="sub-menu-10_0" class="subCatHeader" title="Liquor Category" href="http://shop.coles.com.au/online/national/liquor">
								Liquor
							</a>
							<span class="aisle-search">&nbsp;
								<a role="menuitem" id="sub-menu-10_1" class="browseAllSubCategory" href="http://shop.coles.com.au/online/national/liquor/liquor" title="Browse all items">
								 Browse all items<span>→</span>
								</a>
							</span>
						</h2>
						
						
					<ul role="menu" id="sub-menu-10" data-col-items="menu-10" class="hidden">
						
							<li class="section"><a role="menuitem" id="sub-menu-10_2" href="http://shop.coles.com.au/online/national/liquor/beer-cider" title="Beer &amp; Cider sub category">Beer &amp; Cider</a></li>
							
							
								<li><a role="menuitem" id="sub-menu-10_3" href="http://shop.coles.com.au/online/national/liquor/beer-cider/all-beer" title="All Beer">All Beer</a></li>
							
								<li><a role="menuitem" id="sub-menu-10_4" href="http://shop.coles.com.au/online/national/liquor/beer-cider/local-beer" title="Local Beer">Local Beer</a></li>
							
								<li><a role="menuitem" id="sub-menu-10_5" href="http://shop.coles.com.au/online/national/liquor/beer-cider/imported-beer" title="Imported Beer">Imported Beer</a></li>
							
								<li><a role="menuitem" id="sub-menu-10_6" href="http://shop.coles.com.au/online/national/liquor/beer-cider/premium-local-beer" title="Premium Local Beer">Premium Local Beer</a></li>
							
								<li><a role="menuitem" id="sub-menu-10_7" href="http://shop.coles.com.au/online/national/liquor/beer-cider/ciders" title="Ciders">Ciders</a></li>
							
							<li class="section"><a role="menuitem" id="sub-menu-10_8" href="http://shop.coles.com.au/online/national/liquor/red-fortified-wines" title="Red &amp; Fortified Wines sub category">Red &amp; Fortified Wines</a></li>
							
							
								<li><a role="menuitem" id="sub-menu-10_9" href="http://shop.coles.com.au/online/national/liquor/red-fortified-wines/all-red-wines" title="All Red Wines">All Red Wines</a></li>
							
								<li><a role="menuitem" id="sub-menu-10_10" href="http://shop.coles.com.au/online/national/liquor/red-fortified-wines/cask-red-wine" title="Cask Red Wine">Cask Red Wine</a></li>
							
								<li><a role="menuitem" id="sub-menu-10_11" href="http://shop.coles.com.au/online/national/liquor/red-fortified-wines/fortified-wines" title="Fortified Wines">Fortified Wines</a></li>
							
								<li><a role="menuitem" id="sub-menu-10_12" href="http://shop.coles.com.au/online/national/liquor/red-fortified-wines/cabernet-blends" title="Cabernet &amp; Blends">Cabernet &amp; Blends</a></li>
							
								<li><a role="menuitem" id="sub-menu-10_13" href="http://shop.coles.com.au/online/national/liquor/red-fortified-wines/merlot" title="Merlot">Merlot</a></li>
							
								<li><a role="menuitem" id="sub-menu-10_14" href="http://shop.coles.com.au/online/national/liquor/red-fortified-wines/pinot-noir" title="Pinot Noir">Pinot Noir</a></li>
							
								<li><a role="menuitem" id="sub-menu-10_15" href="http://shop.coles.com.au/online/national/liquor/red-fortified-wines/rose" title="Rose">Rose</a></li>
							
								<li><a role="menuitem" id="sub-menu-10_16" href="http://shop.coles.com.au/online/national/liquor/red-fortified-wines/shiraz-blends" title="Shiraz &amp; Blends">Shiraz &amp; Blends</a></li>
							
								<li><a role="menuitem" id="sub-menu-10_17" href="http://shop.coles.com.au/online/national/liquor/red-fortified-wines/other-red-wine-varieties" title="Other Red Wine Varieties">Other Red Wine Varieties</a></li>
							
							<li class="section"><a role="menuitem" id="sub-menu-10_18" href="http://shop.coles.com.au/online/national/liquor/white-wines" title="White Wines sub category">White Wines</a></li>
							
							
								<li><a role="menuitem" id="sub-menu-10_19" href="http://shop.coles.com.au/online/national/liquor/white-wines/all-white-wines" title="All White Wines">All White Wines</a></li>
							
								<li><a role="menuitem" id="sub-menu-10_20" href="http://shop.coles.com.au/online/national/liquor/white-wines/cask-white-wines" title="Cask White Wines">Cask White Wines</a></li>
							
								<li><a role="menuitem" id="sub-menu-10_21" href="http://shop.coles.com.au/online/national/liquor/white-wines/champagne-sparkling" title="Champagne &amp; Sparkling">Champagne &amp; Sparkling</a></li>
							
								<li><a role="menuitem" id="sub-menu-10_22" href="http://shop.coles.com.au/online/national/liquor/white-wines/chardonnay-blends" title="Chardonnay &amp; Blends">Chardonnay &amp; Blends</a></li>
							
								<li><a role="menuitem" id="sub-menu-10_23" href="http://shop.coles.com.au/online/national/liquor/white-wines/pinot-gris-grigio" title="Pinot Gris &amp; Grigio">Pinot Gris &amp; Grigio</a></li>
							
								<li><a role="menuitem" id="sub-menu-10_24" href="http://shop.coles.com.au/online/national/liquor/white-wines/riesling" title="Riesling">Riesling</a></li>
							
								<li><a role="menuitem" id="sub-menu-10_25" href="http://shop.coles.com.au/online/national/liquor/white-wines/sauvignon-blanc" title="Sauvignon Blanc">Sauvignon Blanc</a></li>
							
								<li><a role="menuitem" id="sub-menu-10_26" href="http://shop.coles.com.au/online/national/liquor/white-wines/semillon-blends" title="Semillon &amp; Blends">Semillon &amp; Blends</a></li>
							
								<li><a role="menuitem" id="sub-menu-10_27" href="http://shop.coles.com.au/online/national/liquor/white-wines/other-white-wine-varieties" title="Other White Wine Varieties">Other White Wine Varieties</a></li>
							
							<li class="section"><a role="menuitem" id="sub-menu-10_28" href="http://shop.coles.com.au/online/national/liquor/spirits" title="Spirits sub category">Spirits</a></li>
							
							
								<li><a role="menuitem" id="sub-menu-10_29" href="http://shop.coles.com.au/online/national/liquor/spirits/all-spirits" title="All Spirits">All Spirits</a></li>
							
								<li><a role="menuitem" id="sub-menu-10_30" href="http://shop.coles.com.au/online/national/liquor/spirits/dark-spirits" title="Dark Spirits">Dark Spirits</a></li>
							
								<li><a role="menuitem" id="sub-menu-10_31" href="http://shop.coles.com.au/online/national/liquor/spirits/white-spirits" title="White Spirits">White Spirits</a></li>
							
								<li><a role="menuitem" id="sub-menu-10_32" href="http://shop.coles.com.au/online/national/liquor/spirits/liqueurs" title="Liqueurs">Liqueurs</a></li>
							
								<li><a role="menuitem" id="sub-menu-10_33" href="http://shop.coles.com.au/online/national/liquor/spirits/aperitif-cocktails" title="Aperitif &amp; Cocktails">Aperitif &amp; Cocktails</a></li>
							
								<li><a role="menuitem" id="sub-menu-10_34" href="http://shop.coles.com.au/online/national/liquor/spirits/bourbon" title="Bourbon">Bourbon</a></li>
							
								<li><a role="menuitem" id="sub-menu-10_35" href="http://shop.coles.com.au/online/national/liquor/spirits/gin" title="Gin">Gin</a></li>
							
								<li><a role="menuitem" id="sub-menu-10_36" href="http://shop.coles.com.au/online/national/liquor/spirits/rum" title="Rum">Rum</a></li>
							
								<li><a role="menuitem" id="sub-menu-10_37" href="http://shop.coles.com.au/online/national/liquor/spirits/scotch-whiskey" title="Scotch &amp; Whiskey">Scotch &amp; Whiskey</a></li>
							
								<li><a role="menuitem" id="sub-menu-10_38" href="http://shop.coles.com.au/online/national/liquor/spirits/vodka" title="Vodka">Vodka</a></li>
							
							<li class="section"><a role="menuitem" id="sub-menu-10_39" href="http://shop.coles.com.au/online/national/liquor/premixed-non-alcoholic" title="Premixed &amp; Non Alcoholic sub category">Premixed &amp; Non Alcoholic</a></li>
							
							
								<li><a role="menuitem" id="sub-menu-10_40" href="http://shop.coles.com.au/online/national/liquor/premixed-non-alcoholic/premixed-drinks" title="Premixed Drinks">Premixed Drinks</a></li>
							
								<li><a role="menuitem" id="sub-menu-10_41" href="http://shop.coles.com.au/online/national/liquor/premixed-non-alcoholic/non-alcoholic-drinks" title="Non-Alcoholic Drinks">Non-Alcoholic Drinks</a></li>
							
							<li class="section"><a role="menuitem" id="sub-menu-10_42" href="http://shop.coles.com.au/online/national/liquor/ice-accessories" title="Ice &amp; Accessories sub category">Ice &amp; Accessories</a></li>
							
							
								<li><a role="menuitem" id="sub-menu-10_43" href="http://shop.coles.com.au/online/national/liquor/ice-accessories/glasses" title="Glasses">Glasses</a></li>
							
								<li><a role="menuitem" id="sub-menu-10_44" href="http://shop.coles.com.au/online/national/liquor/ice-accessories/bagged-ice" title="Bagged Ice">Bagged Ice</a></li>
							
					</ul>
				</div>							
											
			</li>									
		
			
			<li>
				
							
					<a role="menuitem" id="aisleMenu_11" aria-haspopup="true" href="http://shop.coles.com.au/online/national/international-food" class="aisle" title="Browse the International Foods aisle">
						International Foods <span>→</span>
					</a>
					
					<div id="menu-11" class="column-list clearfix" data-rows="22" role="navigation">
						<h2>
							<a role="menuitem" id="sub-menu-11_0" class="subCatHeader" title="International Foods Category" href="http://shop.coles.com.au/online/national/international-food">
								International Foods
							</a>
							<span class="aisle-search">&nbsp;
								<a role="menuitem" id="sub-menu-11_1" class="browseAllSubCategory" href="http://shop.coles.com.au/online/national/international-food/international-food" title="Browse all items">
								 Browse all items<span>→</span>
								</a>
							</span>
						</h2>
						
						
					<ul role="menu" id="sub-menu-11" data-col-items="menu-11" class="hidden">
						
							<li class="section"><a role="menuitem" id="sub-menu-11_2" href="http://shop.coles.com.au/online/national/international-food/cuisine" title="International Food sub category">International Food</a></li>
							
							
								<li><a role="menuitem" id="sub-menu-11_3" href="http://shop.coles.com.au/online/national/international-food/cuisine/asian" title="Asian">Asian</a></li>
							
								<li><a role="menuitem" id="sub-menu-11_4" href="http://shop.coles.com.au/online/national/international-food/cuisine/italian" title="Italian">Italian</a></li>
							
								<li><a role="menuitem" id="sub-menu-11_5" href="http://shop.coles.com.au/online/national/international-food/cuisine/european" title="European">European</a></li>
							
								<li><a role="menuitem" id="sub-menu-11_6" href="http://shop.coles.com.au/online/national/international-food/cuisine/indian" title="Indian">Indian</a></li>
							
								<li><a role="menuitem" id="sub-menu-11_7" href="http://shop.coles.com.au/online/national/international-food/cuisine/mexican" title="Mexican">Mexican</a></li>
							
								<li><a role="menuitem" id="sub-menu-11_8" href="http://shop.coles.com.au/online/national/international-food/cuisine/middle-eastern" title="Middle Eastern">Middle Eastern</a></li>
							
								<li><a role="menuitem" id="sub-menu-11_9" href="http://shop.coles.com.au/online/national/international-food/cuisine/new-zealand" title="New Zealand">New Zealand</a></li>
							
								<li><a role="menuitem" id="sub-menu-11_10" href="http://shop.coles.com.au/online/national/international-food/cuisine/uk-foods" title="UK Foods">UK Foods</a></li>
							
								<li><a role="menuitem" id="sub-menu-11_11" href="http://shop.coles.com.au/online/national/international-food/cuisine/south-african" title="South African">South African</a></li>
							
							<li class="section"><a role="menuitem" id="sub-menu-11_12" href="http://shop.coles.com.au/online/national/international-food/kosher-foods" title="Kosher sub category">Kosher</a></li>
							
							
								<li><a role="menuitem" id="sub-menu-11_13" href="http://shop.coles.com.au/online/national/international-food/kosher-foods/dairy-kosher" title="Dairy Kosher">Dairy Kosher</a></li>
							
								<li><a role="menuitem" id="sub-menu-11_14" href="http://shop.coles.com.au/online/national/international-food/kosher-foods/drinks-kosher" title="Drinks Kosher">Drinks Kosher</a></li>
							
								<li><a role="menuitem" id="sub-menu-11_15" href="http://shop.coles.com.au/online/national/international-food/kosher-foods/frozen-kosher" title="Frozen Kosher">Frozen Kosher</a></li>
							
								<li><a role="menuitem" id="sub-menu-11_16" href="http://shop.coles.com.au/online/national/international-food/kosher-foods/meat-kosher" title="Meat Kosher">Meat Kosher</a></li>
							
								<li><a role="menuitem" id="sub-menu-11_17" href="http://shop.coles.com.au/online/national/international-food/kosher-foods/pantry-kosher" title="Pantry Kosher">Pantry Kosher</a></li>
							
							<li class="section"><a role="menuitem" id="sub-menu-11_18" href="http://shop.coles.com.au/online/national/international-food/halal-foods" title="Halal sub category">Halal</a></li>
							
							
								<li><a role="menuitem" id="sub-menu-11_19" href="http://shop.coles.com.au/online/national/international-food/halal-foods/dairy-halal" title="Dairy Halal">Dairy Halal</a></li>
							
								<li><a role="menuitem" id="sub-menu-11_20" href="http://shop.coles.com.au/online/national/international-food/halal-foods/drinks-halal" title="Drinks Halal">Drinks Halal</a></li>
							
								<li><a role="menuitem" id="sub-menu-11_21" href="http://shop.coles.com.au/online/national/international-food/halal-foods/frozen-halal" title="Frozen Halal">Frozen Halal</a></li>
							
								<li><a role="menuitem" id="sub-menu-11_22" href="http://shop.coles.com.au/online/national/international-food/halal-foods/meat-halal" title="Meat Halal">Meat Halal</a></li>
							
								<li><a role="menuitem" id="sub-menu-11_23" href="http://shop.coles.com.au/online/national/international-food/halal-foods/pantry-halal" title="Pantry Halal">Pantry Halal</a></li>
							
					</ul>
				</div>							
											
			</li>									
		
			
			<li>
				
							
					<a role="menuitem" id="aisleMenu_12" aria-haspopup="true" href="http://shop.coles.com.au/online/national/healthy-living" class="aisle" title="Browse the Healthy Living aisle">
						Healthy Living <span>→</span>
					</a>
					
					<div id="menu-12" class="column-list clearfix" data-rows="22" role="navigation">
						<h2>
							<a role="menuitem" id="sub-menu-12_0" class="subCatHeader" title="Healthy Living Category" href="http://shop.coles.com.au/online/national/healthy-living">
								Healthy Living
							</a>
							<span class="aisle-search">&nbsp;
								<a role="menuitem" id="sub-menu-12_1" class="browseAllSubCategory" href="http://shop.coles.com.au/online/national/healthy-living/healthy-living" title="Browse all items">
								 Browse all items<span>→</span>
								</a>
							</span>
						</h2>
						
						
					<ul role="menu" id="sub-menu-12" data-col-items="menu-12" class="hidden">
						
							<li class="section"><a role="menuitem" id="sub-menu-12_2" href="http://shop.coles.com.au/online/national/healthy-living/gluten-free" title="Gluten Free sub category">Gluten Free</a></li>
							
							
								<li><a role="menuitem" id="sub-menu-12_3" href="http://shop.coles.com.au/online/national/healthy-living/gluten-free/gluten-free-bakery" title="Bakery Gluten Free">Bakery Gluten Free</a></li>
							
								<li><a role="menuitem" id="sub-menu-12_4" href="http://shop.coles.com.au/online/national/healthy-living/gluten-free/gluten-free-baby-food" title="Baby Food Gluten Free">Baby Food Gluten Free</a></li>
							
								<li><a role="menuitem" id="sub-menu-12_5" href="http://shop.coles.com.au/online/national/healthy-living/gluten-free/gluten-free-baking" title="Baking Gluten Free">Baking Gluten Free</a></li>
							
								<li><a role="menuitem" id="sub-menu-12_6" href="http://shop.coles.com.au/online/national/healthy-living/gluten-free/gluten-free-dairy" title="Dairy Gluten Free">Dairy Gluten Free</a></li>
							
								<li><a role="menuitem" id="sub-menu-12_7" href="http://shop.coles.com.au/online/national/healthy-living/gluten-free/gluten-free-deli" title="Deli Gluten Free">Deli Gluten Free</a></li>
							
								<li><a role="menuitem" id="sub-menu-12_8" href="http://shop.coles.com.au/online/national/healthy-living/gluten-free/gluten-free-drinks" title="Drinks Gluten Free">Drinks Gluten Free</a></li>
							
								<li><a role="menuitem" id="sub-menu-12_9" href="http://shop.coles.com.au/online/national/healthy-living/gluten-free/gluten-free-frozen" title="Frozen Gluten Free">Frozen Gluten Free</a></li>
							
								<li><a role="menuitem" id="sub-menu-12_10" href="http://shop.coles.com.au/online/national/healthy-living/gluten-free/gluten-free-international-foods" title="International Foods Gluten Free">International Foods Gluten Free</a></li>
							
								<li><a role="menuitem" id="sub-menu-12_11" href="http://shop.coles.com.au/online/national/healthy-living/gluten-free/gluten-free-meals" title="Meals Gluten Free">Meals Gluten Free</a></li>
							
								<li><a role="menuitem" id="sub-menu-12_12" href="http://shop.coles.com.au/online/national/healthy-living/gluten-free/gluten-free-meat" title="Meat Gluten Free">Meat Gluten Free</a></li>
							
								<li><a role="menuitem" id="sub-menu-12_13" href="http://shop.coles.com.au/online/national/healthy-living/gluten-free/gluten-free-pantry" title="Pantry Gluten Free">Pantry Gluten Free</a></li>
							
								<li><a role="menuitem" id="sub-menu-12_14" href="http://shop.coles.com.au/online/national/healthy-living/gluten-free/gluten-free-pasta" title="Pasta Gluten Free">Pasta Gluten Free</a></li>
							
								<li><a role="menuitem" id="sub-menu-12_15" href="http://shop.coles.com.au/online/national/healthy-living/gluten-free/gluten-free-snacks" title="Snacks Gluten Free">Snacks Gluten Free</a></li>
							
								<li><a role="menuitem" id="sub-menu-12_16" href="http://shop.coles.com.au/online/national/healthy-living/gluten-free/gluten-free-medicinal-products" title="Vitamins &amp; Medicinal Gluten Free">Vitamins &amp; Medicinal Gluten Free</a></li>
							
							<li class="section"><a role="menuitem" id="sub-menu-12_17" href="http://shop.coles.com.au/online/national/healthy-living/organic" title="Organic sub category">Organic</a></li>
							
							
								<li><a role="menuitem" id="sub-menu-12_18" href="http://shop.coles.com.au/online/national/healthy-living/organic/bakery-organic" title="Bakery Organic">Bakery Organic</a></li>
							
								<li><a role="menuitem" id="sub-menu-12_19" href="http://shop.coles.com.au/online/national/healthy-living/organic/baby-organic" title="Baby Organic">Baby Organic</a></li>
							
								<li><a role="menuitem" id="sub-menu-12_20" href="http://shop.coles.com.au/online/national/healthy-living/organic/dairy-eggs-organic" title="Dairy &amp; Eggs Organic">Dairy &amp; Eggs Organic</a></li>
							
								<li><a role="menuitem" id="sub-menu-12_21" href="http://shop.coles.com.au/online/national/healthy-living/organic/drinks-organic" title="Drinks Organic">Drinks Organic</a></li>
							
								<li><a role="menuitem" id="sub-menu-12_22" href="http://shop.coles.com.au/online/national/healthy-living/organic/fruit-vegetables-organic" title="Fruit &amp; Vegetables Organic">Fruit &amp; Vegetables Organic</a></li>
							
								<li><a role="menuitem" id="sub-menu-12_23" href="http://shop.coles.com.au/online/national/healthy-living/organic/meals-organic" title="Meals Organic">Meals Organic</a></li>
							
								<li><a role="menuitem" id="sub-menu-12_24" href="http://shop.coles.com.au/online/national/healthy-living/organic/meat-organic" title="Meat Organic">Meat Organic</a></li>
							
								<li><a role="menuitem" id="sub-menu-12_25" href="http://shop.coles.com.au/online/national/healthy-living/organic/pantry-organic" title="Pantry Organic">Pantry Organic</a></li>
							
								<li><a role="menuitem" id="sub-menu-12_26" href="http://shop.coles.com.au/online/national/healthy-living/organic/international-foods-organic" title="International Foods Organic">International Foods Organic</a></li>
							
								<li><a role="menuitem" id="sub-menu-12_27" href="http://shop.coles.com.au/online/national/healthy-living/organic/health-beauty-organic" title="Health &amp; Beauty Organic">Health &amp; Beauty Organic</a></li>
							
							<li class="section"><a role="menuitem" id="sub-menu-12_28" href="http://shop.coles.com.au/online/national/healthy-living/healthier-choices" title="Healthier Choices sub category">Healthier Choices</a></li>
							
							
								<li><a role="menuitem" id="sub-menu-12_29" href="http://shop.coles.com.au/online/national/healthy-living/healthier-choices/bakery-healthier-choices" title="Bakery Healthier Choices">Bakery Healthier Choices</a></li>
							
								<li><a role="menuitem" id="sub-menu-12_30" href="http://shop.coles.com.au/online/national/healthy-living/healthier-choices/breakfast-healthier-choices" title="Breakfast Healthier Choices">Breakfast Healthier Choices</a></li>
							
								<li><a role="menuitem" id="sub-menu-12_31" href="http://shop.coles.com.au/online/national/healthy-living/healthier-choices/canned-fish-healthier-choices" title="Canned Fish Healthier Choices">Canned Fish Healthier Choices</a></li>
							
								<li><a role="menuitem" id="sub-menu-12_32" href="http://shop.coles.com.au/online/national/healthy-living/healthier-choices/canned-fruit-veg-healthier-choices" title="Canned Fruit &amp; Veg Healthier Choices">Canned Fruit &amp; Veg Healthier Choices</a></li>
							
								<li><a role="menuitem" id="sub-menu-12_33" href="http://shop.coles.com.au/online/national/healthy-living/healthier-choices/dairy-eggs-healthier-choices" title="Dairy &amp; Eggs Healthier Choices">Dairy &amp; Eggs Healthier Choices</a></li>
							
								<li><a role="menuitem" id="sub-menu-12_34" href="http://shop.coles.com.au/online/national/healthy-living/healthier-choices/deli-healthier-choices" title="Deli Healthier Choices">Deli Healthier Choices</a></li>
							
								<li><a role="menuitem" id="sub-menu-12_35" href="http://shop.coles.com.au/online/national/healthy-living/healthier-choices/drinks-healthier-choices" title="Drinks Healthier Choices">Drinks Healthier Choices</a></li>
							
								<li><a role="menuitem" id="sub-menu-12_36" href="http://shop.coles.com.au/online/national/healthy-living/healthier-choices/frozen-healthier-choices" title="Frozen Healthier Choices">Frozen Healthier Choices</a></li>
							
								<li><a role="menuitem" id="sub-menu-12_37" href="http://shop.coles.com.au/online/national/healthy-living/healthier-choices/meat-seafood-healthier-choices" title="Meat &amp; Seafood Healthier Choices">Meat &amp; Seafood Healthier Choices</a></li>
							
								<li><a role="menuitem" id="sub-menu-12_38" href="http://shop.coles.com.au/online/national/healthy-living/healthier-choices/oils--rice-pasta-healthier-choices" title="Oils, Rice &amp; Pasta Healthier Choices">Oils, Rice &amp; Pasta Healthier Choices</a></li>
							
								<li><a role="menuitem" id="sub-menu-12_39" href="http://shop.coles.com.au/online/national/healthy-living/healthier-choices/pantry-healthier-choices" title="Pantry Healthier Choices">Pantry Healthier Choices</a></li>
							
								<li><a role="menuitem" id="sub-menu-12_40" href="http://shop.coles.com.au/online/national/healthy-living/healthier-choices/snacks-healthier-choices" title="Snacks Healthier Choices">Snacks Healthier Choices</a></li>
							
							<li class="section"><a role="menuitem" id="sub-menu-12_41" href="http://shop.coles.com.au/online/national/healthy-living/diet-sports-nutrition" title="Diet &amp; Sports Nutrition sub category">Diet &amp; Sports Nutrition</a></li>
							
							
								<li><a role="menuitem" id="sub-menu-12_42" href="http://shop.coles.com.au/online/national/healthy-living/diet-sports-nutrition/diet-weightloss" title="Diet &amp; Weightloss">Diet &amp; Weightloss</a></li>
							
								<li><a role="menuitem" id="sub-menu-12_43" href="http://shop.coles.com.au/online/national/healthy-living/diet-sports-nutrition/sport-nutrition-supplements" title="Sports Nutrition &amp; Supplements">Sports Nutrition &amp; Supplements</a></li>
							
							<li class="section"><a role="menuitem" id="sub-menu-12_44" href="http://shop.coles.com.au/online/national/healthy-living/vegetarian" title="Vegetarian sub category">Vegetarian</a></li>
							
							
								<li><a role="menuitem" id="sub-menu-12_45" href="http://shop.coles.com.au/online/national/healthy-living/vegetarian/baby-food-vegetarian" title="Baby Food Vegetarian">Baby Food Vegetarian</a></li>
							
								<li><a role="menuitem" id="sub-menu-12_46" href="http://shop.coles.com.au/online/national/healthy-living/vegetarian/bakery-vegetarian" title="Bakery Vegetarian">Bakery Vegetarian</a></li>
							
								<li><a role="menuitem" id="sub-menu-12_47" href="http://shop.coles.com.au/online/national/healthy-living/vegetarian/dairy-vegetarian" title="Dairy Vegetarian">Dairy Vegetarian</a></li>
							
								<li><a role="menuitem" id="sub-menu-12_48" href="http://shop.coles.com.au/online/national/healthy-living/vegetarian/frozen-vegetarian" title="Frozen Vegetarian">Frozen Vegetarian</a></li>
							
								<li><a role="menuitem" id="sub-menu-12_49" href="http://shop.coles.com.au/online/national/healthy-living/vegetarian/international-foods-vegetarian" title="International Foods Vegetarian">International Foods Vegetarian</a></li>
							
								<li><a role="menuitem" id="sub-menu-12_50" href="http://shop.coles.com.au/online/national/healthy-living/vegetarian/meals-vegetarian" title="Meals Vegetarian">Meals Vegetarian</a></li>
							
								<li><a role="menuitem" id="sub-menu-12_51" href="http://shop.coles.com.au/online/national/healthy-living/vegetarian/meat-free-vegetarian" title="Meat-Free Vegetarian">Meat-Free Vegetarian</a></li>
							
								<li><a role="menuitem" id="sub-menu-12_52" href="http://shop.coles.com.au/online/national/healthy-living/vegetarian/pantry-vegetarian" title="Pantry Vegetarian">Pantry Vegetarian</a></li>
							
								<li><a role="menuitem" id="sub-menu-12_53" href="http://shop.coles.com.au/online/national/healthy-living/vegetarian/snacks-vegetarian" title="Snacks Vegetarian">Snacks Vegetarian</a></li>
							
							<li class="section"><a role="menuitem" id="sub-menu-12_54" href="http://shop.coles.com.au/online/national/healthy-living/whole-foods" title="Wholefoods sub category">Wholefoods</a></li>
							
							
								<li><a role="menuitem" id="sub-menu-12_55" href="http://shop.coles.com.au/online/national/healthy-living/whole-foods/breakfast-wholefoods" title="Breakfast Wholefoods">Breakfast Wholefoods</a></li>
							
								<li><a role="menuitem" id="sub-menu-12_56" href="http://shop.coles.com.au/online/national/healthy-living/whole-foods/dairy-wholefoods" title="Dairy Wholefoods">Dairy Wholefoods</a></li>
							
								<li><a role="menuitem" id="sub-menu-12_57" href="http://shop.coles.com.au/online/national/healthy-living/whole-foods/drinks-wholefoods" title="Drinks Wholefoods">Drinks Wholefoods</a></li>
							
								<li><a role="menuitem" id="sub-menu-12_58" href="http://shop.coles.com.au/online/national/healthy-living/whole-foods/frozen-wholefoods" title="Frozen Wholefoods">Frozen Wholefoods</a></li>
							
								<li><a role="menuitem" id="sub-menu-12_59" href="http://shop.coles.com.au/online/national/healthy-living/whole-foods/international-wholefoods" title="International Wholefoods">International Wholefoods</a></li>
							
								<li><a role="menuitem" id="sub-menu-12_60" href="http://shop.coles.com.au/online/national/healthy-living/whole-foods/pantry-wholefoods" title="Pantry Wholefoods">Pantry Wholefoods</a></li>
							
								<li><a role="menuitem" id="sub-menu-12_61" href="http://shop.coles.com.au/online/national/healthy-living/whole-foods/snacks-wholefoods" title="Snacks Wholefoods">Snacks Wholefoods</a></li>
							
							<li class="section"><a role="menuitem" id="sub-menu-12_62" href="http://shop.coles.com.au/online/national/healthy-living/vitamins-health-supplements" title="Vitamins sub category">Vitamins</a></li>
							
							
								<li><a role="menuitem" id="sub-menu-12_63" href="http://shop.coles.com.au/online/national/healthy-living/vitamins-health-supplements/arthritis-joints" title="Arthritis &amp; Joints">Arthritis &amp; Joints</a></li>
							
								<li><a role="menuitem" id="sub-menu-12_64" href="http://shop.coles.com.au/online/national/healthy-living/vitamins-health-supplements/bone-muscle-health" title="Bone &amp; Muscle Health">Bone &amp; Muscle Health</a></li>
							
								<li><a role="menuitem" id="sub-menu-12_65" href="http://shop.coles.com.au/online/national/healthy-living/vitamins-health-supplements/brain-heart-health" title="Brain &amp; Heart Health">Brain &amp; Heart Health</a></li>
							
								<li><a role="menuitem" id="sub-menu-12_66" href="http://shop.coles.com.au/online/national/healthy-living/vitamins-health-supplements/cold-flu" title="Cold &amp; Flu">Cold &amp; Flu</a></li>
							
								<li><a role="menuitem" id="sub-menu-12_67" href="http://shop.coles.com.au/online/national/healthy-living/vitamins-health-supplements/detox-digestion" title="Detox &amp; Digestion">Detox &amp; Digestion</a></li>
							
								<li><a role="menuitem" id="sub-menu-12_68" href="http://shop.coles.com.au/online/national/healthy-living/vitamins-health-supplements/eyes-care" title="Eyes Care">Eyes Care</a></li>
							
								<li><a role="menuitem" id="sub-menu-12_69" href="http://shop.coles.com.au/online/national/healthy-living/vitamins-health-supplements/fatigue-stress" title="Fatigue &amp; Stress">Fatigue &amp; Stress</a></li>
							
								<li><a role="menuitem" id="sub-menu-12_70" href="http://shop.coles.com.au/online/national/healthy-living/vitamins-health-supplements/fish-oil-nutritional" title="Fish Oil &amp; Nutritional">Fish Oil &amp; Nutritional</a></li>
							
								<li><a role="menuitem" id="sub-menu-12_71" href="http://shop.coles.com.au/online/national/healthy-living/vitamins-health-supplements/hair--skin-nails" title="Hair, Skin &amp; Nails">Hair, Skin &amp; Nails</a></li>
							
								<li><a role="menuitem" id="sub-menu-12_72" href="http://shop.coles.com.au/online/national/healthy-living/vitamins-health-supplements/iron" title="Iron">Iron</a></li>
							
								<li><a role="menuitem" id="sub-menu-12_73" href="http://shop.coles.com.au/online/national/healthy-living/vitamins-health-supplements/kids-health" title="Kids Health">Kids Health</a></li>
							
								<li><a role="menuitem" id="sub-menu-12_74" href="http://shop.coles.com.au/online/national/healthy-living/vitamins-health-supplements/mens-health" title="Mens Health">Mens Health</a></li>
							
								<li><a role="menuitem" id="sub-menu-12_75" href="http://shop.coles.com.au/online/national/healthy-living/vitamins-health-supplements/multi-vitamins" title="Multi Vitamins">Multi Vitamins</a></li>
							
								<li><a role="menuitem" id="sub-menu-12_76" href="http://shop.coles.com.au/online/national/healthy-living/vitamins-health-supplements/urinary" title="Urinary">Urinary</a></li>
							
								<li><a role="menuitem" id="sub-menu-12_77" href="http://shop.coles.com.au/online/national/healthy-living/vitamins-health-supplements/womens-health" title="Womens Health">Womens Health</a></li>
							
					</ul>
				</div>							
											
			</li>									
		
			
			<li>
				
							
					<a role="menuitem" id="aisleMenu_13" aria-haspopup="true" href="http://shop.coles.com.au/online/national/household" class="aisle" title="Browse the Household aisle">
						Household <span>→</span>
					</a>
					
					<div id="menu-13" class="column-list clearfix" data-rows="22" role="navigation">
						<h2>
							<a role="menuitem" id="sub-menu-13_0" class="subCatHeader" title="Household Category" href="http://shop.coles.com.au/online/national/household">
								Household
							</a>
							<span class="aisle-search">&nbsp;
								<a role="menuitem" id="sub-menu-13_1" class="browseAllSubCategory" href="http://shop.coles.com.au/online/national/household/household" title="Browse all items">
								 Browse all items<span>→</span>
								</a>
							</span>
						</h2>
						
						
					<ul role="menu" id="sub-menu-13" data-col-items="menu-13" class="hidden">
						
							<li class="section"><a role="menuitem" id="sub-menu-13_2" href="http://shop.coles.com.au/online/national/household/bathroom" title="Bathroom sub category">Bathroom</a></li>
							
							
								<li><a role="menuitem" id="sub-menu-13_3" href="http://shop.coles.com.au/online/national/household/bathroom/bath-towels" title="Bath Towels">Bath Towels</a></li>
							
								<li><a role="menuitem" id="sub-menu-13_4" href="http://shop.coles.com.au/online/national/household/bathroom/shower-bath" title="Shower &amp; Bath">Shower &amp; Bath</a></li>
							
								<li><a role="menuitem" id="sub-menu-13_5" href="http://shop.coles.com.au/online/national/household/bathroom/toilet" title="Toilet Cleaning">Toilet Cleaning</a></li>
							
								<li><a role="menuitem" id="sub-menu-13_6" href="http://shop.coles.com.au/online/national/household/bathroom/toilet-paper-378047" title="Toilet Paper">Toilet Paper</a></li>
							
							<li class="section"><a role="menuitem" id="sub-menu-13_7" href="http://shop.coles.com.au/online/national/household/general-purpose-cleaners" title="Cleaners All Purpose sub category">Cleaners All Purpose</a></li>
							
							
								<li><a role="menuitem" id="sub-menu-13_8" href="http://shop.coles.com.au/online/national/household/general-purpose-cleaners/carpet" title="Carpet">Carpet</a></li>
							
								<li><a role="menuitem" id="sub-menu-13_9" href="http://shop.coles.com.au/online/national/household/general-purpose-cleaners/drain-solvent" title="Drain &amp; Solvent">Drain &amp; Solvent</a></li>
							
								<li><a role="menuitem" id="sub-menu-13_10" href="http://shop.coles.com.au/online/national/household/general-purpose-cleaners/floor" title="Floor">Floor</a></li>
							
								<li><a role="menuitem" id="sub-menu-13_11" href="http://shop.coles.com.au/online/national/household/general-purpose-cleaners/furniture--fabric-metal" title="Furniture, Fabric &amp; Metal">Furniture, Fabric &amp; Metal</a></li>
							
								<li><a role="menuitem" id="sub-menu-13_12" href="http://shop.coles.com.au/online/national/household/general-purpose-cleaners/surface-all-purpose" title="Surface &amp; All-purpose">Surface &amp; All-purpose</a></li>
							
								<li><a role="menuitem" id="sub-menu-13_13" href="http://shop.coles.com.au/online/national/household/general-purpose-cleaners/window-glass" title="Window &amp; Glass">Window &amp; Glass</a></li>
							
							<li class="section"><a role="menuitem" id="sub-menu-13_14" href="http://shop.coles.com.au/online/national/household/cooking-and-baking" title="Cooking and Baking sub category">Cooking and Baking</a></li>
							
							
								<li><a role="menuitem" id="sub-menu-13_15" href="http://shop.coles.com.au/online/national/household/cooking-and-baking/foil--baking-paper-oven-bags" title="Foil, Baking Paper &amp; Oven Bags">Foil, Baking Paper &amp; Oven Bags</a></li>
							
								<li><a role="menuitem" id="sub-menu-13_16" href="http://shop.coles.com.au/online/national/household/cooking-and-baking/kitchen-linen" title="Kitchen Linen">Kitchen Linen</a></li>
							
								<li><a role="menuitem" id="sub-menu-13_17" href="http://shop.coles.com.au/online/national/household/cooking-and-baking/pots-saucepans" title="Pots &amp; Saucepans">Pots &amp; Saucepans</a></li>
							
								<li><a role="menuitem" id="sub-menu-13_18" href="http://shop.coles.com.au/online/national/household/cooking-and-baking/tins-trays" title="Tins &amp; Trays">Tins &amp; Trays</a></li>
							
								<li><a role="menuitem" id="sub-menu-13_19" href="http://shop.coles.com.au/online/national/household/cooking-and-baking/utensils-gadgets" title="Utensils &amp; Gadgets">Utensils &amp; Gadgets</a></li>
							
							<li class="section"><a role="menuitem" id="sub-menu-13_20" href="http://shop.coles.com.au/online/national/household/electrical" title="Electrical sub category">Electrical</a></li>
							
							
								<li><a role="menuitem" id="sub-menu-13_21" href="http://shop.coles.com.au/online/national/household/electrical/audio-visual" title="Audio Visual">Audio Visual</a></li>
							
								<li><a role="menuitem" id="sub-menu-13_22" href="http://shop.coles.com.au/online/national/household/electrical/batteries" title="Batteries">Batteries</a></li>
							
								<li><a role="menuitem" id="sub-menu-13_23" href="http://shop.coles.com.au/online/national/household/electrical/extensions-cords-adapters" title="Extensions Cords &amp; Adapters">Extensions Cords &amp; Adapters</a></li>
							
								<li><a role="menuitem" id="sub-menu-13_24" href="http://shop.coles.com.au/online/national/household/electrical/lighting" title="Lighting">Lighting</a></li>
							
								<li><a role="menuitem" id="sub-menu-13_25" href="http://shop.coles.com.au/online/national/household/electrical/torches" title="Torches">Torches</a></li>
							
							<li class="section"><a role="menuitem" id="sub-menu-13_26" href="http://shop.coles.com.au/online/national/household/food-storage" title="Food Storage sub category">Food Storage</a></li>
							
							
								<li><a role="menuitem" id="sub-menu-13_27" href="http://shop.coles.com.au/online/national/household/food-storage/plastic-wrap-bags" title="Plastic Wrap &amp; Bags">Plastic Wrap &amp; Bags</a></li>
							
								<li><a role="menuitem" id="sub-menu-13_28" href="http://shop.coles.com.au/online/national/household/food-storage/sandwich-freezer-bags" title="Sandwich &amp; Freezer bags">Sandwich &amp; Freezer bags</a></li>
							
								<li><a role="menuitem" id="sub-menu-13_29" href="http://shop.coles.com.au/online/national/household/food-storage/tubs-containers" title="Tubs &amp; Containers">Tubs &amp; Containers</a></li>
							
							<li class="section"><a role="menuitem" id="sub-menu-13_30" href="http://shop.coles.com.au/online/national/household/garden" title="Garden sub category">Garden</a></li>
							
							
								<li><a role="menuitem" id="sub-menu-13_31" href="http://shop.coles.com.au/online/national/household/garden/d%C3%A9cor" title="Décor">Décor</a></li>
							
								<li><a role="menuitem" id="sub-menu-13_32" href="http://shop.coles.com.au/online/national/household/garden/gloves-tools" title="Gloves &amp; Tools">Gloves &amp; Tools</a></li>
							
								<li><a role="menuitem" id="sub-menu-13_33" href="http://shop.coles.com.au/online/national/household/garden/insecticide-weed-control" title="Insecticide &amp; Weed Control">Insecticide &amp; Weed Control</a></li>
							
								<li><a role="menuitem" id="sub-menu-13_34" href="http://shop.coles.com.au/online/national/household/garden/lawncare-plant-food" title="Lawncare &amp; Plant Food">Lawncare &amp; Plant Food</a></li>
							
								<li><a role="menuitem" id="sub-menu-13_35" href="http://shop.coles.com.au/online/national/household/garden/pest-control" title="Pest Control">Pest Control</a></li>
							
								<li><a role="menuitem" id="sub-menu-13_36" href="http://shop.coles.com.au/online/national/household/garden/potting-mix--fertilizer" title="Potting Mix, Fertilizer">Potting Mix, Fertilizer</a></li>
							
								<li><a role="menuitem" id="sub-menu-13_37" href="http://shop.coles.com.au/online/national/household/garden/seeds-plants" title="Seeds &amp; Plants">Seeds &amp; Plants</a></li>
							
								<li><a role="menuitem" id="sub-menu-13_38" href="http://shop.coles.com.au/online/national/household/garden/watering" title="Watering">Watering</a></li>
							
							<li class="section"><a role="menuitem" id="sub-menu-13_39" href="http://shop.coles.com.au/online/national/household/hardware" title="Hardware sub category">Hardware</a></li>
							
							
								<li><a role="menuitem" id="sub-menu-13_40" href="http://shop.coles.com.au/online/national/household/hardware/adhesives--glues-tapes" title="Adhesives, Glues &amp; Tapes">Adhesives, Glues &amp; Tapes</a></li>
							
								<li><a role="menuitem" id="sub-menu-13_41" href="http://shop.coles.com.au/online/national/household/hardware/car-care" title="Car Care">Car Care</a></li>
							
								<li><a role="menuitem" id="sub-menu-13_42" href="http://shop.coles.com.au/online/national/household/hardware/hooks-fasteners" title="Hooks &amp; Fasteners">Hooks &amp; Fasteners</a></li>
							
								<li><a role="menuitem" id="sub-menu-13_43" href="http://shop.coles.com.au/online/national/household/hardware/matches-candles" title="Matches &amp; Candles">Matches &amp; Candles</a></li>
							
								<li><a role="menuitem" id="sub-menu-13_44" href="http://shop.coles.com.au/online/national/household/hardware/pest-control-hardware" title="Pest Control Hardware">Pest Control Hardware</a></li>
							
								<li><a role="menuitem" id="sub-menu-13_45" href="http://shop.coles.com.au/online/national/household/hardware/security" title="Security">Security</a></li>
							
							<li class="section"><a role="menuitem" id="sub-menu-13_46" href="http://shop.coles.com.au/online/national/household/homewares" title="Homewares sub category">Homewares</a></li>
							
							
								<li><a role="menuitem" id="sub-menu-13_47" href="http://shop.coles.com.au/online/national/household/homewares/appliances" title="Appliances">Appliances</a></li>
							
								<li><a role="menuitem" id="sub-menu-13_48" href="http://shop.coles.com.au/online/national/household/homewares/bathroom-accessories" title="Bathroom Accessories">Bathroom Accessories</a></li>
							
								<li><a role="menuitem" id="sub-menu-13_49" href="http://shop.coles.com.au/online/national/household/homewares/bed-pillows-linen" title="Bed Pillows &amp; Linen">Bed Pillows &amp; Linen</a></li>
							
								<li><a role="menuitem" id="sub-menu-13_50" href="http://shop.coles.com.au/online/national/household/homewares/cutlery-servingware" title="Cutlery &amp; Servingware">Cutlery &amp; Servingware</a></li>
							
								<li><a role="menuitem" id="sub-menu-13_51" href="http://shop.coles.com.au/online/national/household/homewares/glassware" title="Glassware">Glassware</a></li>
							
								<li><a role="menuitem" id="sub-menu-13_52" href="http://shop.coles.com.au/online/national/household/homewares/storage" title="Home Storage">Home Storage</a></li>
							
								<li><a role="menuitem" id="sub-menu-13_53" href="http://shop.coles.com.au/online/national/household/homewares/mugs-cups" title="Mugs &amp; Cups">Mugs &amp; Cups</a></li>
							
								<li><a role="menuitem" id="sub-menu-13_54" href="http://shop.coles.com.au/online/national/household/homewares/plates-bowls" title="Plates &amp; Bowls">Plates &amp; Bowls</a></li>
							
								<li><a role="menuitem" id="sub-menu-13_55" href="http://shop.coles.com.au/online/national/household/homewares/sewing" title="Sewing">Sewing</a></li>
							
								<li><a role="menuitem" id="sub-menu-13_56" href="http://shop.coles.com.au/online/national/household/homewares/towels" title="Tea Towels &amp; Aprons">Tea Towels &amp; Aprons</a></li>
							
								<li><a role="menuitem" id="sub-menu-13_57" href="http://shop.coles.com.au/online/national/household/homewares/textiles-accessories" title="Textiles &amp; Accessories">Textiles &amp; Accessories</a></li>
							
								<li><a role="menuitem" id="sub-menu-13_58" href="http://shop.coles.com.au/online/national/household/homewares/water-filtration" title="Water Filtration">Water Filtration</a></li>
							
							<li class="section"><a role="menuitem" id="sub-menu-13_59" href="http://shop.coles.com.au/online/national/household/household-accessories" title="Household Accessories sub category">Household Accessories</a></li>
							
							
								<li><a role="menuitem" id="sub-menu-13_60" href="http://shop.coles.com.au/online/national/household/household-accessories/air-fresheners" title="Air Fresheners">Air Fresheners</a></li>
							
								<li><a role="menuitem" id="sub-menu-13_61" href="http://shop.coles.com.au/online/national/household/household-accessories/gloves" title="Gloves">Gloves</a></li>
							
								<li><a role="menuitem" id="sub-menu-13_62" href="http://shop.coles.com.au/online/national/household/household-accessories/mops--buckets-brooms" title="Mops, Buckets &amp; Brooms">Mops, Buckets &amp; Brooms</a></li>
							
								<li><a role="menuitem" id="sub-menu-13_63" href="http://shop.coles.com.au/online/national/household/household-accessories/paper-towels--sponges-and-brushes" title="Paper Towels, Sponges and Brushes">Paper Towels, Sponges and Brushes</a></li>
							
							<li class="section"><a role="menuitem" id="sub-menu-13_64" href="http://shop.coles.com.au/online/national/household/kitchen" title="Kitchen sub category">Kitchen</a></li>
							
							
								<li><a role="menuitem" id="sub-menu-13_65" href="http://shop.coles.com.au/online/national/household/kitchen/dishwashing" title="Dishwashing">Dishwashing</a></li>
							
								<li><a role="menuitem" id="sub-menu-13_66" href="http://shop.coles.com.au/online/national/household/kitchen/oven-stovetop" title="Oven &amp; Stovetop">Oven &amp; Stovetop</a></li>
							
							<li class="section"><a role="menuitem" id="sub-menu-13_67" href="http://shop.coles.com.au/online/national/household/laundry-needs" title="Laundry Needs sub category">Laundry Needs</a></li>
							
							
								<li><a role="menuitem" id="sub-menu-13_68" href="http://shop.coles.com.au/online/national/household/laundry-needs/detergents-soap" title="Detergents &amp; Soap">Detergents &amp; Soap</a></li>
							
								<li><a role="menuitem" id="sub-menu-13_69" href="http://shop.coles.com.au/online/national/household/laundry-needs/drying-racks-wash-bags" title="Drying Racks &amp; Wash Bags">Drying Racks &amp; Wash Bags</a></li>
							
								<li><a role="menuitem" id="sub-menu-13_70" href="http://shop.coles.com.au/online/national/household/laundry-needs/in-wash-treatments-additives" title="In-wash Treatments &amp; Additives">In-wash Treatments &amp; Additives</a></li>
							
								<li><a role="menuitem" id="sub-menu-13_71" href="http://shop.coles.com.au/online/national/household/laundry-needs/ironing" title="Ironing">Ironing</a></li>
							
								<li><a role="menuitem" id="sub-menu-13_72" href="http://shop.coles.com.au/online/national/household/laundry-needs/pegs--baskets-hangers" title="Pegs, Baskets &amp; Hangers">Pegs, Baskets &amp; Hangers</a></li>
							
								<li><a role="menuitem" id="sub-menu-13_73" href="http://shop.coles.com.au/online/national/household/laundry-needs/softeners" title="Softeners">Softeners</a></li>
							
								<li><a role="menuitem" id="sub-menu-13_74" href="http://shop.coles.com.au/online/national/household/laundry-needs/stain-removal-pre-wash" title="Stain Removal &amp; Pre-wash">Stain Removal &amp; Pre-wash</a></li>
							
							<li class="section"><a role="menuitem" id="sub-menu-13_75" href="http://shop.coles.com.au/online/national/household/outdoors" title="Outdoors sub category">Outdoors</a></li>
							
							
								<li><a role="menuitem" id="sub-menu-13_76" href="http://shop.coles.com.au/online/national/household/outdoors/bbq" title="BBQ">BBQ</a></li>
							
								<li><a role="menuitem" id="sub-menu-13_77" href="http://shop.coles.com.au/online/national/household/outdoors/camping-fishing" title="Camping &amp; Fishing">Camping &amp; Fishing</a></li>
							
								<li><a role="menuitem" id="sub-menu-13_78" href="http://shop.coles.com.au/online/national/household/outdoors/matches-lighters" title="Matches &amp; Lighters">Matches &amp; Lighters</a></li>
							
								<li><a role="menuitem" id="sub-menu-13_79" href="http://shop.coles.com.au/online/national/household/outdoors/sports" title="Sports">Sports</a></li>
							
							<li class="section"><a role="menuitem" id="sub-menu-13_80" href="http://shop.coles.com.au/online/national/household/picnic-party" title="Picnic &amp; Party sub category">Picnic &amp; Party</a></li>
							
							
								<li><a role="menuitem" id="sub-menu-13_81" href="http://shop.coles.com.au/online/national/household/picnic-party/candles" title="Candles">Candles</a></li>
							
								<li><a role="menuitem" id="sub-menu-13_82" href="http://shop.coles.com.au/online/national/household/picnic-party/cups-glasses" title="Cups &amp; Glasses">Cups &amp; Glasses</a></li>
							
								<li><a role="menuitem" id="sub-menu-13_83" href="http://shop.coles.com.au/online/national/household/picnic-party/decorations" title="Decorations">Decorations</a></li>
							
								<li><a role="menuitem" id="sub-menu-13_84" href="http://shop.coles.com.au/online/national/household/picnic-party/picnic-plates-bowls" title="Disposable Plates &amp; Bowls">Disposable Plates &amp; Bowls</a></li>
							
								<li><a role="menuitem" id="sub-menu-13_85" href="http://shop.coles.com.au/online/national/household/picnic-party/gift-wrap-bags" title="Gift Wrap &amp; Bags">Gift Wrap &amp; Bags</a></li>
							
								<li><a role="menuitem" id="sub-menu-13_86" href="http://shop.coles.com.au/online/national/household/picnic-party/paper-plastic-cutlery" title="Paper/Plastic Cutlery">Paper/Plastic Cutlery</a></li>
							
								<li><a role="menuitem" id="sub-menu-13_87" href="http://shop.coles.com.au/online/national/household/picnic-party/serviettes-tablecloths" title="Serviettes &amp; Tablecloths">Serviettes &amp; Tablecloths</a></li>
							
							<li class="section"><a role="menuitem" id="sub-menu-13_88" href="http://shop.coles.com.au/online/national/household/charity-donations" title="Charity Donations sub category">Charity Donations</a></li>
							
							
								<li><a role="menuitem" id="sub-menu-13_89" href="http://shop.coles.com.au/online/national/household/charity-donations/donation" title="Donations">Donations</a></li>
							
					</ul>
				</div>							
											
			</li>									
		
			
			<li>
				
							
					<a role="menuitem" id="aisleMenu_14" aria-haspopup="true" href="http://shop.coles.com.au/online/national/personal-care-chemist" class="aisle" title="Browse the Health &amp; Beauty aisle">
						Health &amp; Beauty <span>→</span>
					</a>
					
					<div id="menu-14" class="column-list clearfix" data-rows="22" role="navigation">
						<h2>
							<a role="menuitem" id="sub-menu-14_0" class="subCatHeader" title="Health &amp; Beauty Category" href="http://shop.coles.com.au/online/national/personal-care-chemist">
								Health &amp; Beauty
							</a>
							<span class="aisle-search">&nbsp;
								<a role="menuitem" id="sub-menu-14_1" class="browseAllSubCategory" href="http://shop.coles.com.au/online/national/personal-care-chemist/personal-care-chemist" title="Browse all items">
								 Browse all items<span>→</span>
								</a>
							</span>
						</h2>
						
						
					<ul role="menu" id="sub-menu-14" data-col-items="menu-14" class="hidden">
						
							<li class="section"><a role="menuitem" id="sub-menu-14_2" href="http://shop.coles.com.au/online/national/personal-care-chemist/cosmetics" title="Cosmetics sub category">Cosmetics</a></li>
							
							
								<li><a role="menuitem" id="sub-menu-14_3" href="http://shop.coles.com.au/online/national/personal-care-chemist/cosmetics/blush" title="Blush">Blush</a></li>
							
								<li><a role="menuitem" id="sub-menu-14_4" href="http://shop.coles.com.au/online/national/personal-care-chemist/cosmetics/concealer" title="Concealer">Concealer</a></li>
							
								<li><a role="menuitem" id="sub-menu-14_5" href="http://shop.coles.com.au/online/national/personal-care-chemist/cosmetics/eye-liner--shadow--mascara" title="Eye Liner, Shadow &amp; Mascara">Eye Liner, Shadow &amp; Mascara</a></li>
							
								<li><a role="menuitem" id="sub-menu-14_6" href="http://shop.coles.com.au/online/national/personal-care-chemist/cosmetics/foundations-powders" title="Foundations &amp; Powders">Foundations &amp; Powders</a></li>
							
								<li><a role="menuitem" id="sub-menu-14_7" href="http://shop.coles.com.au/online/national/personal-care-chemist/cosmetics/lip-balm" title="Lip Balm">Lip Balm</a></li>
							
								<li><a role="menuitem" id="sub-menu-14_8" href="http://shop.coles.com.au/online/national/personal-care-chemist/cosmetics/lipstick-lip-gloss" title="Lipstick &amp; Lip Gloss">Lipstick &amp; Lip Gloss</a></li>
							
								<li><a role="menuitem" id="sub-menu-14_9" href="http://shop.coles.com.au/online/national/personal-care-chemist/cosmetics/nails" title="Nails">Nails</a></li>
							
							<li class="section"><a role="menuitem" id="sub-menu-14_10" href="http://shop.coles.com.au/online/national/personal-care-chemist/dental" title="Dental sub category">Dental</a></li>
							
							
								<li><a role="menuitem" id="sub-menu-14_11" href="http://shop.coles.com.au/online/national/personal-care-chemist/dental/dental-floss-tape" title="Dental Floss &amp; Tape">Dental Floss &amp; Tape</a></li>
							
								<li><a role="menuitem" id="sub-menu-14_12" href="http://shop.coles.com.au/online/national/personal-care-chemist/dental/denture-care" title="Denture Care">Denture Care</a></li>
							
								<li><a role="menuitem" id="sub-menu-14_13" href="http://shop.coles.com.au/online/national/personal-care-chemist/dental/mouthwash" title="Mouthwash">Mouthwash</a></li>
							
								<li><a role="menuitem" id="sub-menu-14_14" href="http://shop.coles.com.au/online/national/personal-care-chemist/dental/toothbrushes" title="Toothbrushes">Toothbrushes</a></li>
							
								<li><a role="menuitem" id="sub-menu-14_15" href="http://shop.coles.com.au/online/national/personal-care-chemist/dental/toothpaste" title="Toothpaste">Toothpaste</a></li>
							
							<li class="section"><a role="menuitem" id="sub-menu-14_16" href="http://shop.coles.com.au/online/national/personal-care-chemist/first-aid" title="First Aid sub category">First Aid</a></li>
							
							
								<li><a role="menuitem" id="sub-menu-14_17" href="http://shop.coles.com.au/online/national/personal-care-chemist/first-aid/bandages-strapping" title="Bandages &amp; Strapping">Bandages &amp; Strapping</a></li>
							
								<li><a role="menuitem" id="sub-menu-14_18" href="http://shop.coles.com.au/online/national/personal-care-chemist/first-aid/bandaids" title="Bandaids">Bandaids</a></li>
							
								<li><a role="menuitem" id="sub-menu-14_19" href="http://shop.coles.com.au/online/national/personal-care-chemist/first-aid/gauze-tape" title="Gauze &amp; Tape">Gauze &amp; Tape</a></li>
							
								<li><a role="menuitem" id="sub-menu-14_20" href="http://shop.coles.com.au/online/national/personal-care-chemist/first-aid/sports-first-aid" title="Sports First Aid">Sports First Aid</a></li>
							
							<li class="section"><a role="menuitem" id="sub-menu-14_21" href="http://shop.coles.com.au/online/national/personal-care-chemist/hair-accessories" title="Hair Accessories sub category">Hair Accessories</a></li>
							
							
								<li><a role="menuitem" id="sub-menu-14_22" href="http://shop.coles.com.au/online/national/personal-care-chemist/hair-accessories/hair-brushes" title="Hair Brushes">Hair Brushes</a></li>
							
								<li><a role="menuitem" id="sub-menu-14_23" href="http://shop.coles.com.au/online/national/personal-care-chemist/hair-accessories/hair-fasteners" title="Hair Fasteners">Hair Fasteners</a></li>
							
							<li class="section"><a role="menuitem" id="sub-menu-14_24" href="http://shop.coles.com.au/online/national/personal-care-chemist/hair-care" title="Hair Care sub category">Hair Care</a></li>
							
							
								<li><a role="menuitem" id="sub-menu-14_25" href="http://shop.coles.com.au/online/national/personal-care-chemist/hair-care/colouring" title="Colouring">Colouring</a></li>
							
								<li><a role="menuitem" id="sub-menu-14_26" href="http://shop.coles.com.au/online/national/personal-care-chemist/hair-care/conditioner" title="Conditioner">Conditioner</a></li>
							
								<li><a role="menuitem" id="sub-menu-14_27" href="http://shop.coles.com.au/online/national/personal-care-chemist/hair-care/gel--mousse-styling" title="Gel, Mousse &amp; Styling">Gel, Mousse &amp; Styling</a></li>
							
								<li><a role="menuitem" id="sub-menu-14_28" href="http://shop.coles.com.au/online/national/personal-care-chemist/hair-care/hair-treatments" title="Hair Treatments">Hair Treatments</a></li>
							
								<li><a role="menuitem" id="sub-menu-14_29" href="http://shop.coles.com.au/online/national/personal-care-chemist/hair-care/shampoo" title="Shampoo">Shampoo</a></li>
							
							<li class="section"><a role="menuitem" id="sub-menu-14_30" href="http://shop.coles.com.au/online/national/personal-care-chemist/hair-removal" title="Hair Removal sub category">Hair Removal</a></li>
							
							
								<li><a role="menuitem" id="sub-menu-14_31" href="http://shop.coles.com.au/online/national/personal-care-chemist/hair-removal/after-shave-care" title="After Shave Care">After Shave Care</a></li>
							
								<li><a role="menuitem" id="sub-menu-14_32" href="http://shop.coles.com.au/online/national/personal-care-chemist/hair-removal/razors-blades" title="Razors &amp; Blades">Razors &amp; Blades</a></li>
							
								<li><a role="menuitem" id="sub-menu-14_33" href="http://shop.coles.com.au/online/national/personal-care-chemist/hair-removal/shave-gel-foam" title="Shave Gel &amp; Foam">Shave Gel &amp; Foam</a></li>
							
								<li><a role="menuitem" id="sub-menu-14_34" href="http://shop.coles.com.au/online/national/personal-care-chemist/hair-removal/wax--cream--bleach" title="Wax, Cream, Bleach">Wax, Cream, Bleach</a></li>
							
							<li class="section"><a role="menuitem" id="sub-menu-14_35" href="http://shop.coles.com.au/online/national/personal-care-chemist/medicinal" title="Medicinal sub category">Medicinal</a></li>
							
							
								<li><a role="menuitem" id="sub-menu-14_36" href="http://shop.coles.com.au/online/national/personal-care-chemist/medicinal/antacid-indigestion" title="Antacid &amp; Indigestion">Antacid &amp; Indigestion</a></li>
							
								<li><a role="menuitem" id="sub-menu-14_37" href="http://shop.coles.com.au/online/national/personal-care-chemist/medicinal/antiseptic" title="Antiseptic">Antiseptic</a></li>
							
								<li><a role="menuitem" id="sub-menu-14_38" href="http://shop.coles.com.au/online/national/personal-care-chemist/medicinal/cold-allergy" title="Cold &amp; Allergy">Cold &amp; Allergy</a></li>
							
								<li><a role="menuitem" id="sub-menu-14_39" href="http://shop.coles.com.au/online/national/personal-care-chemist/medicinal/cotton-wool" title="Cotton Wool">Cotton Wool</a></li>
							
								<li><a role="menuitem" id="sub-menu-14_40" href="http://shop.coles.com.au/online/national/personal-care-chemist/medicinal/eye-care" title="Eye Care">Eye Care</a></li>
							
								<li><a role="menuitem" id="sub-menu-14_41" href="http://shop.coles.com.au/online/national/personal-care-chemist/medicinal/medicinal-oils-ointments" title="Medicinal Oils &amp; Ointments">Medicinal Oils &amp; Ointments</a></li>
							
								<li><a role="menuitem" id="sub-menu-14_42" href="http://shop.coles.com.au/online/national/personal-care-chemist/medicinal/pain-relief" title="Pain Relief">Pain Relief</a></li>
							
								<li><a role="menuitem" id="sub-menu-14_43" href="http://shop.coles.com.au/online/national/personal-care-chemist/medicinal/skincare" title="Skincare">Skincare</a></li>
							
								<li><a role="menuitem" id="sub-menu-14_44" href="http://shop.coles.com.au/online/national/personal-care-chemist/medicinal/vitamins" title="Vitamins">Vitamins</a></li>
							
							<li class="section"><a role="menuitem" id="sub-menu-14_45" href="http://shop.coles.com.au/online/national/personal-care-chemist/personal-care-hygiene" title="Personal Care &amp; Hygiene sub category">Personal Care &amp; Hygiene</a></li>
							
							
								<li><a role="menuitem" id="sub-menu-14_46" href="http://shop.coles.com.au/online/national/personal-care-chemist/personal-care-hygiene/deodorants" title="Deodorants">Deodorants</a></li>
							
								<li><a role="menuitem" id="sub-menu-14_47" href="http://shop.coles.com.au/online/national/personal-care-chemist/personal-care-hygiene/deodorants-for-men" title="Deodorants for Men">Deodorants for Men</a></li>
							
								<li><a role="menuitem" id="sub-menu-14_48" href="http://shop.coles.com.au/online/national/personal-care-chemist/personal-care-hygiene/deodorants-for-women" title="Deodorants for Women">Deodorants for Women</a></li>
							
								<li><a role="menuitem" id="sub-menu-14_49" href="http://shop.coles.com.au/online/national/personal-care-chemist/personal-care-hygiene/feminine-care" title="Feminine Care">Feminine Care</a></li>
							
								<li><a role="menuitem" id="sub-menu-14_50" href="http://shop.coles.com.au/online/national/personal-care-chemist/personal-care-hygiene/footcare" title="Footcare">Footcare</a></li>
							
								<li><a role="menuitem" id="sub-menu-14_51" href="http://shop.coles.com.au/online/national/personal-care-chemist/personal-care-hygiene/incontinence-needs" title="Incontinence Needs">Incontinence Needs</a></li>
							
								<li><a role="menuitem" id="sub-menu-14_52" href="http://shop.coles.com.au/online/national/personal-care-chemist/personal-care-hygiene/nail-care" title="Nail Care">Nail Care</a></li>
							
								<li><a role="menuitem" id="sub-menu-14_53" href="http://shop.coles.com.au/online/national/personal-care-chemist/personal-care-hygiene/skincare-wipes" title="Skincare Wipes">Skincare Wipes</a></li>
							
								<li><a role="menuitem" id="sub-menu-14_54" href="http://shop.coles.com.au/online/national/personal-care-chemist/personal-care-hygiene/sports-supplements" title="Sports Supplements">Sports Supplements</a></li>
							
								<li><a role="menuitem" id="sub-menu-14_55" href="http://shop.coles.com.au/online/national/personal-care-chemist/personal-care-hygiene/tissues" title="Tissues">Tissues</a></li>
							
								<li><a role="menuitem" id="sub-menu-14_56" href="http://shop.coles.com.au/online/national/personal-care-chemist/personal-care-hygiene/toilet-paper" title="Toilet Paper">Toilet Paper</a></li>
							
								<li><a role="menuitem" id="sub-menu-14_57" href="http://shop.coles.com.au/online/national/personal-care-chemist/personal-care-hygiene/weight-loss" title="Weight Loss">Weight Loss</a></li>
							
								<li><a role="menuitem" id="sub-menu-14_58" href="http://shop.coles.com.au/online/national/personal-care-chemist/personal-care-hygiene/help-quit-smoking" title="Help Quit Smoking">Help Quit Smoking</a></li>
							
								<li><a role="menuitem" id="sub-menu-14_59" href="http://shop.coles.com.au/online/national/personal-care-chemist/personal-care-hygiene/contraception-sexual-health" title="Contraception &amp; Sexual Health">Contraception &amp; Sexual Health</a></li>
							
								<li><a role="menuitem" id="sub-menu-14_60" href="http://shop.coles.com.au/online/national/personal-care-chemist/personal-care-hygiene/pregnancy-tests" title="Pregnancy Tests">Pregnancy Tests</a></li>
							
							<li class="section"><a role="menuitem" id="sub-menu-14_61" href="http://shop.coles.com.au/online/national/personal-care-chemist/shower-bath-care" title="Shower &amp; Bath Care sub category">Shower &amp; Bath Care</a></li>
							
							
								<li><a role="menuitem" id="sub-menu-14_62" href="http://shop.coles.com.au/online/national/personal-care-chemist/shower-bath-care/bath-accessories" title="Bath Accessories">Bath Accessories</a></li>
							
								<li><a role="menuitem" id="sub-menu-14_63" href="http://shop.coles.com.au/online/national/personal-care-chemist/shower-bath-care/body-lotion" title="Body Lotion">Body Lotion</a></li>
							
								<li><a role="menuitem" id="sub-menu-14_64" href="http://shop.coles.com.au/online/national/personal-care-chemist/shower-bath-care/body-wash" title="Body Wash">Body Wash</a></li>
							
								<li><a role="menuitem" id="sub-menu-14_65" href="http://shop.coles.com.au/online/national/personal-care-chemist/shower-bath-care/bubble-bath-salts" title="Bubble Bath &amp; Salts">Bubble Bath &amp; Salts</a></li>
							
								<li><a role="menuitem" id="sub-menu-14_66" href="http://shop.coles.com.au/online/national/personal-care-chemist/shower-bath-care/soap" title="Soap and Hand Wash">Soap and Hand Wash</a></li>
							
							<li class="section"><a role="menuitem" id="sub-menu-14_67" href="http://shop.coles.com.au/online/national/personal-care-chemist/skin-care" title="Skin Care sub category">Skin Care</a></li>
							
							
								<li><a role="menuitem" id="sub-menu-14_68" href="http://shop.coles.com.au/online/national/personal-care-chemist/skin-care/aftershave-care" title="Aftershave Care">Aftershave Care</a></li>
							
								<li><a role="menuitem" id="sub-menu-14_69" href="http://shop.coles.com.au/online/national/personal-care-chemist/skin-care/body-moisturizer" title="Body Moisturiser">Body Moisturiser</a></li>
							
								<li><a role="menuitem" id="sub-menu-14_70" href="http://shop.coles.com.au/online/national/personal-care-chemist/skin-care/face-moisturizer" title="Face Moisturiser">Face Moisturiser</a></li>
							
								<li><a role="menuitem" id="sub-menu-14_71" href="http://shop.coles.com.au/online/national/personal-care-chemist/skin-care/cleansers-skin-care-wipes" title="Cleansers &amp; Skin Care Wipes">Cleansers &amp; Skin Care Wipes</a></li>
							
								<li><a role="menuitem" id="sub-menu-14_72" href="http://shop.coles.com.au/online/national/personal-care-chemist/skin-care/hand-moisturizer" title="Hand Moisturiser">Hand Moisturiser</a></li>
							
								<li><a role="menuitem" id="sub-menu-14_73" href="http://shop.coles.com.au/online/national/personal-care-chemist/skin-care/lip-care" title="Lip Care">Lip Care</a></li>
							
								<li><a role="menuitem" id="sub-menu-14_74" href="http://shop.coles.com.au/online/national/personal-care-chemist/skin-care/self-tanning" title="Self-Tanning">Self-Tanning</a></li>
							
								<li><a role="menuitem" id="sub-menu-14_75" href="http://shop.coles.com.au/online/national/personal-care-chemist/skin-care/sunscreen" title="Sunscreen">Sunscreen</a></li>
							
					</ul>
				</div>							
											
			</li>									
		
			
			<li>
				
							
					<a role="menuitem" id="aisleMenu_15" aria-haspopup="true" href="http://shop.coles.com.au/online/national/baby" class="aisle" title="Browse the Baby aisle">
						Baby <span>→</span>
					</a>
					
					<div id="menu-15" class="column-list clearfix" data-rows="22" role="navigation">
						<h2>
							<a role="menuitem" id="sub-menu-15_0" class="subCatHeader" title="Baby Category" href="http://shop.coles.com.au/online/national/baby">
								Baby
							</a>
							<span class="aisle-search">&nbsp;
								<a role="menuitem" id="sub-menu-15_1" class="browseAllSubCategory" href="http://shop.coles.com.au/online/national/baby/baby" title="Browse all items">
								 Browse all items<span>→</span>
								</a>
							</span>
						</h2>
						
						
					<ul role="menu" id="sub-menu-15" data-col-items="menu-15" class="hidden">
						
							<li class="section"><a role="menuitem" id="sub-menu-15_2" href="http://shop.coles.com.au/online/national/baby/nappies-changing" title="Nappies &amp; Changing sub category">Nappies &amp; Changing</a></li>
							
							
								<li><a role="menuitem" id="sub-menu-15_3" href="http://shop.coles.com.au/online/national/baby/nappies-changing/all-nappies" title="All Nappies">All Nappies</a></li>
							
								<li><a role="menuitem" id="sub-menu-15_4" href="http://shop.coles.com.au/online/national/baby/nappies-changing/nappies-newborn-%283-to-5kg%29" title="Nappies Newborn (3 to 5kg)">Nappies Newborn (3 to 5kg)</a></li>
							
								<li><a role="menuitem" id="sub-menu-15_5" href="http://shop.coles.com.au/online/national/baby/nappies-changing/nappies-3-6-months-%285-to-7kg%29" title="Nappies 3-6 months (5 to 7kg)">Nappies 3-6 months (5 to 7kg)</a></li>
							
								<li><a role="menuitem" id="sub-menu-15_6" href="http://shop.coles.com.au/online/national/baby/nappies-changing/nappies-6-12-months-%287-to-10kg%29" title="Nappies 6-12 months (7 to 10kg)">Nappies 6-12 months (7 to 10kg)</a></li>
							
								<li><a role="menuitem" id="sub-menu-15_7" href="http://shop.coles.com.au/online/national/baby/nappies-changing/nappies-12-18-months-%289-to-12kg%29" title="Nappies 12-18 months (9 to 12kg)">Nappies 12-18 months (9 to 12kg)</a></li>
							
								<li><a role="menuitem" id="sub-menu-15_8" href="http://shop.coles.com.au/online/national/baby/nappies-changing/nappies-18-months-%2810kg-plus%29" title="Nappies 18 months+ (10kg plus)">Nappies 18 months+ (10kg plus)</a></li>
							
								<li><a role="menuitem" id="sub-menu-15_9" href="http://shop.coles.com.au/online/national/baby/nappies-changing/baby-wipe" title="Baby Wipes">Baby Wipes</a></li>
							
								<li><a role="menuitem" id="sub-menu-15_10" href="http://shop.coles.com.au/online/national/baby/nappies-changing/nappy-changing" title="Nappy Changing">Nappy Changing</a></li>
							
							<li class="section"><a role="menuitem" id="sub-menu-15_11" href="http://shop.coles.com.au/online/national/baby/baby-toddler" title="Baby Accessories sub category">Baby Accessories</a></li>
							
							
								<li><a role="menuitem" id="sub-menu-15_12" href="http://shop.coles.com.au/online/national/baby/baby-toddler/bottles-baby-feeding" title="Bottles &amp; Baby Feeding">Bottles &amp; Baby Feeding</a></li>
							
								<li><a role="menuitem" id="sub-menu-15_13" href="http://shop.coles.com.au/online/national/baby/baby-toddler/teething" title="Teething">Teething</a></li>
							
								<li><a role="menuitem" id="sub-menu-15_14" href="http://shop.coles.com.au/online/national/baby/baby-toddler/bath-skincare" title="Bath &amp; Skincare">Bath &amp; Skincare</a></li>
							
								<li><a role="menuitem" id="sub-menu-15_15" href="http://shop.coles.com.au/online/national/baby/baby-toddler/baby-toddler-clothing" title="Baby &amp; Toddler Clothing">Baby &amp; Toddler Clothing</a></li>
							
								<li><a role="menuitem" id="sub-menu-15_16" href="http://shop.coles.com.au/online/national/baby/baby-toddler/baby-health-safety" title="Baby Health &amp; Safety">Baby Health &amp; Safety</a></li>
							
							<li class="section"><a role="menuitem" id="sub-menu-15_17" href="http://shop.coles.com.au/online/national/baby/food" title="Food sub category">Food</a></li>
							
							
								<li><a role="menuitem" id="sub-menu-15_18" href="http://shop.coles.com.au/online/national/baby/food/all-food" title="All Food">All Food</a></li>
							
								<li><a role="menuitem" id="sub-menu-15_19" href="http://shop.coles.com.au/online/national/baby/food/4-to-6-months" title="4 to 6 months">4 to 6 months</a></li>
							
								<li><a role="menuitem" id="sub-menu-15_20" href="http://shop.coles.com.au/online/national/baby/food/6-to-9-months" title="6 to 9 months">6 to 9 months</a></li>
							
								<li><a role="menuitem" id="sub-menu-15_21" href="http://shop.coles.com.au/online/national/baby/food/9--months" title="9 + months">9 + months</a></li>
							
								<li><a role="menuitem" id="sub-menu-15_22" href="http://shop.coles.com.au/online/national/baby/food/1-year-to-3-years" title="1 year to 3 years">1 year to 3 years</a></li>
							
								<li><a role="menuitem" id="sub-menu-15_23" href="http://shop.coles.com.au/online/national/baby/food/infant-drinks" title="Infant Drinks">Infant Drinks</a></li>
							
							<li class="section"><a role="menuitem" id="sub-menu-15_24" href="http://shop.coles.com.au/online/national/baby/formula" title="Formula sub category">Formula</a></li>
							
							
								<li><a role="menuitem" id="sub-menu-15_25" href="http://shop.coles.com.au/online/national/baby/formula/newborn" title="Newborn">Newborn</a></li>
							
								<li><a role="menuitem" id="sub-menu-15_26" href="http://shop.coles.com.au/online/national/baby/formula/infant" title="Infant">Infant</a></li>
							
								<li><a role="menuitem" id="sub-menu-15_27" href="http://shop.coles.com.au/online/national/baby/formula/specialty" title="Specialty">Specialty</a></li>
							
								<li><a role="menuitem" id="sub-menu-15_28" href="http://shop.coles.com.au/online/national/baby/formula/toddler" title="Toddler">Toddler</a></li>
							
					</ul>
				</div>							
											
			</li>									
		
			
			<li>
				
							
					<a role="menuitem" id="aisleMenu_16" aria-haspopup="true" href="http://shop.coles.com.au/online/national/pet" class="aisle" title="Browse the Pet aisle">
						Pet <span>→</span>
					</a>
					
					<div id="menu-16" class="column-list clearfix" data-rows="22" role="navigation">
						<h2>
							<a role="menuitem" id="sub-menu-16_0" class="subCatHeader" title="Pet Category" href="http://shop.coles.com.au/online/national/pet">
								Pet
							</a>
							<span class="aisle-search">&nbsp;
								<a role="menuitem" id="sub-menu-16_1" class="browseAllSubCategory" href="http://shop.coles.com.au/online/national/pet/pet" title="Browse all items">
								 Browse all items<span>→</span>
								</a>
							</span>
						</h2>
						
						
					<ul role="menu" id="sub-menu-16" data-col-items="menu-16" class="hidden">
						
							<li class="section"><a role="menuitem" id="sub-menu-16_2" href="http://shop.coles.com.au/online/national/pet/cat-kitten" title="Cat &amp; Kitten sub category">Cat &amp; Kitten</a></li>
							
							
								<li><a role="menuitem" id="sub-menu-16_3" href="http://shop.coles.com.au/online/national/pet/cat-kitten/dry-cat-food" title="Dry Cat Food">Dry Cat Food</a></li>
							
								<li><a role="menuitem" id="sub-menu-16_4" href="http://shop.coles.com.au/online/national/pet/cat-kitten/chilled-cat-food" title="Chilled Cat Food">Chilled Cat Food</a></li>
							
								<li><a role="menuitem" id="sub-menu-16_5" href="http://shop.coles.com.au/online/national/pet/cat-kitten/trays-cans-cat-food" title="Trays &amp; Cans Cat Food">Trays &amp; Cans Cat Food</a></li>
							
								<li><a role="menuitem" id="sub-menu-16_6" href="http://shop.coles.com.au/online/national/pet/cat-kitten/cat-accessories" title="Cat Accessories">Cat Accessories</a></li>
							
								<li><a role="menuitem" id="sub-menu-16_7" href="http://shop.coles.com.au/online/national/pet/cat-kitten/cat-grooming" title="Cat Grooming">Cat Grooming</a></li>
							
								<li><a role="menuitem" id="sub-menu-16_8" href="http://shop.coles.com.au/online/national/pet/cat-kitten/cat-healthcare" title="Cat Healthcare">Cat Healthcare</a></li>
							
								<li><a role="menuitem" id="sub-menu-16_9" href="http://shop.coles.com.au/online/national/pet/cat-kitten/cat-litter" title="Cat Litter">Cat Litter</a></li>
							
								<li><a role="menuitem" id="sub-menu-16_10" href="http://shop.coles.com.au/online/national/pet/cat-kitten/cat-toys" title="Cat Toys">Cat Toys</a></li>
							
								<li><a role="menuitem" id="sub-menu-16_11" href="http://shop.coles.com.au/online/national/pet/cat-kitten/cat-treats-milk" title="Cat Treats &amp; Milk">Cat Treats &amp; Milk</a></li>
							
							<li class="section"><a role="menuitem" id="sub-menu-16_12" href="http://shop.coles.com.au/online/national/pet/dog-puppy" title="Dog &amp; Puppy sub category">Dog &amp; Puppy</a></li>
							
							
								<li><a role="menuitem" id="sub-menu-16_13" href="http://shop.coles.com.au/online/national/pet/dog-puppy/dry-dog-food" title="Dry Dog Food">Dry Dog Food</a></li>
							
								<li><a role="menuitem" id="sub-menu-16_14" href="http://shop.coles.com.au/online/national/pet/dog-puppy/chilled-dog-food" title="Chilled Dog Food">Chilled Dog Food</a></li>
							
								<li><a role="menuitem" id="sub-menu-16_15" href="http://shop.coles.com.au/online/national/pet/dog-puppy/trays-cans-dog-food" title="Trays &amp; Cans Dog Food">Trays &amp; Cans Dog Food</a></li>
							
								<li><a role="menuitem" id="sub-menu-16_16" href="http://shop.coles.com.au/online/national/pet/dog-puppy/dog-accessories" title="Dog Accessories">Dog Accessories</a></li>
							
								<li><a role="menuitem" id="sub-menu-16_17" href="http://shop.coles.com.au/online/national/pet/dog-puppy/dog-collars-leads" title="Dog Collars &amp; Leads">Dog Collars &amp; Leads</a></li>
							
								<li><a role="menuitem" id="sub-menu-16_18" href="http://shop.coles.com.au/online/national/pet/dog-puppy/dog-grooming" title="Dog Grooming">Dog Grooming</a></li>
							
								<li><a role="menuitem" id="sub-menu-16_19" href="http://shop.coles.com.au/online/national/pet/dog-puppy/dog-healthcare" title="Dog Healthcare">Dog Healthcare</a></li>
							
								<li><a role="menuitem" id="sub-menu-16_20" href="http://shop.coles.com.au/online/national/pet/dog-puppy/dog-treats-milk" title="Dog Treats &amp; Milk">Dog Treats &amp; Milk</a></li>
							
							<li class="section"><a role="menuitem" id="sub-menu-16_21" href="http://shop.coles.com.au/online/national/pet/birds" title="Birds sub category">Birds</a></li>
							
							
								<li><a role="menuitem" id="sub-menu-16_22" href="http://shop.coles.com.au/online/national/pet/birds/bird-food" title="Bird Food">Bird Food</a></li>
							
								<li><a role="menuitem" id="sub-menu-16_23" href="http://shop.coles.com.au/online/national/pet/birds/bird-treats" title="Bird Treats">Bird Treats</a></li>
							
							<li class="section"><a role="menuitem" id="sub-menu-16_24" href="http://shop.coles.com.au/online/national/pet/fish-1074626" title="Fish sub category">Fish</a></li>
							
							
								<li><a role="menuitem" id="sub-menu-16_25" href="http://shop.coles.com.au/online/national/pet/fish-1074626/fish-food" title="Fish Food">Fish Food</a></li>
							
							<li class="section"><a role="menuitem" id="sub-menu-16_26" href="http://shop.coles.com.au/online/national/pet/small-pets" title="Small Pets sub category">Small Pets</a></li>
							
							
								<li><a role="menuitem" id="sub-menu-16_27" href="http://shop.coles.com.au/online/national/pet/small-pets/small-pets-food" title="Small Pets Food">Small Pets Food</a></li>
							
					</ul>
				</div>							
											
			</li>									
		
			
			<li>
				
							
					<a role="menuitem" id="aisleMenu_17" aria-haspopup="true" href="http://shop.coles.com.au/online/national/business-orders" class="aisle" title="Browse the Business Orders aisle">
						Business Orders <span>→</span>
					</a>
					
					<div id="menu-17" class="column-list clearfix" data-rows="22" role="navigation">
						<h2>
							<a role="menuitem" id="sub-menu-17_0" class="subCatHeader" title="Business Orders Category" href="http://shop.coles.com.au/online/national/business-orders">
								Business Orders
							</a>
							<span class="aisle-search">&nbsp;
								<a role="menuitem" id="sub-menu-17_1" class="browseAllSubCategory" href="http://shop.coles.com.au/online/national/business-orders/business-orders" title="Browse all items">
								 Browse all items<span>→</span>
								</a>
							</span>
						</h2>
						
						
					<ul role="menu" id="sub-menu-17" data-col-items="menu-17" class="hidden">
						
							<li class="section"><a role="menuitem" id="sub-menu-17_2" href="http://shop.coles.com.au/online/national/business-orders/all-businesses" title="All Businesses sub category">All Businesses</a></li>
							
							
								<li><a role="menuitem" id="sub-menu-17_3" href="http://shop.coles.com.au/online/national/business-orders/all-businesses/childcare" title="Childcare">Childcare</a></li>
							
								<li><a role="menuitem" id="sub-menu-17_4" href="http://shop.coles.com.au/online/national/business-orders/all-businesses/disability-aged-care" title="Disability &amp; Aged Care">Disability &amp; Aged Care</a></li>
							
								<li><a role="menuitem" id="sub-menu-17_5" href="http://shop.coles.com.au/online/national/business-orders/all-businesses/offices" title="Offices">Offices</a></li>
							
								<li><a role="menuitem" id="sub-menu-17_6" href="http://shop.coles.com.au/online/national/business-orders/all-businesses/schools" title="Schools">Schools</a></li>
							
					</ul>
				</div>							
											
			</li>									
		
			
			<li>
				
							
					<a role="menuitem" id="aisleMenu_18" aria-haspopup="true" href="http://shop.coles.com.au/online/national/stationery-media" class="aisle" title="Browse the Stationery &amp; Media aisle">
						Stationery &amp; Media <span>→</span>
					</a>
					
					<div id="menu-18" class="column-list clearfix" data-rows="22" role="navigation">
						<h2>
							<a role="menuitem" id="sub-menu-18_0" class="subCatHeader" title="Stationery &amp; Media Category" href="http://shop.coles.com.au/online/national/stationery-media">
								Stationery &amp; Media
							</a>
							<span class="aisle-search">&nbsp;
								<a role="menuitem" id="sub-menu-18_1" class="browseAllSubCategory" href="http://shop.coles.com.au/online/national/stationery-media/stationery-media" title="Browse all items">
								 Browse all items<span>→</span>
								</a>
							</span>
						</h2>
						
						
					<ul role="menu" id="sub-menu-18" data-col-items="menu-18" class="hidden">
						
							<li class="section"><a role="menuitem" id="sub-menu-18_2" href="http://shop.coles.com.au/online/national/stationery-media/books-section" title="Books sub category">Books</a></li>
							
							
								<li><a role="menuitem" id="sub-menu-18_3" href="http://shop.coles.com.au/online/national/stationery-media/books-section/childrens-books" title="Childrens Books">Childrens Books</a></li>
							
								<li><a role="menuitem" id="sub-menu-18_4" href="http://shop.coles.com.au/online/national/stationery-media/books-section/fiction-books" title="Fiction Books">Fiction Books</a></li>
							
								<li><a role="menuitem" id="sub-menu-18_5" href="http://shop.coles.com.au/online/national/stationery-media/books-section/non-fiction-books" title="Non-fiction Books">Non-fiction Books</a></li>
							
							<li class="section"><a role="menuitem" id="sub-menu-18_6" href="http://shop.coles.com.au/online/national/stationery-media/tv-shows-movies-section" title="Cds, Dvds &amp; Blu Rays sub category">Cds, Dvds &amp; Blu Rays</a></li>
							
							
								<li><a role="menuitem" id="sub-menu-18_7" href="http://shop.coles.com.au/online/national/stationery-media/tv-shows-movies-section/blu-rays" title="Blu Rays">Blu Rays</a></li>
							
								<li><a role="menuitem" id="sub-menu-18_8" href="http://shop.coles.com.au/online/national/stationery-media/tv-shows-movies-section/cds-music-dvds" title="CDs &amp; Music Dvds">CDs &amp; Music Dvds</a></li>
							
								<li><a role="menuitem" id="sub-menu-18_9" href="http://shop.coles.com.au/online/national/stationery-media/tv-shows-movies-section/childrens-tv-movies" title="Childrens TV &amp; Movies">Childrens TV &amp; Movies</a></li>
							
								<li><a role="menuitem" id="sub-menu-18_10" href="http://shop.coles.com.au/online/national/stationery-media/tv-shows-movies-section/family-child" title="Family &amp; Child">Family &amp; Child</a></li>
							
								<li><a role="menuitem" id="sub-menu-18_11" href="http://shop.coles.com.au/online/national/stationery-media/tv-shows-movies-section/feature-films-section" title="Feature Films">Feature Films</a></li>
							
								<li><a role="menuitem" id="sub-menu-18_12" href="http://shop.coles.com.au/online/national/stationery-media/tv-shows-movies-section/tv-shows-movies" title="TV Shows &amp; Movies">TV Shows &amp; Movies</a></li>
							
							<li class="section"><a role="menuitem" id="sub-menu-18_13" href="http://shop.coles.com.au/online/national/stationery-media/computer-photo" title="Computer &amp; Photo sub category">Computer &amp; Photo</a></li>
							
							
								<li><a role="menuitem" id="sub-menu-18_14" href="http://shop.coles.com.au/online/national/stationery-media/computer-photo/accessories" title="Accessories">Accessories</a></li>
							
								<li><a role="menuitem" id="sub-menu-18_15" href="http://shop.coles.com.au/online/national/stationery-media/computer-photo/paper" title="Paper">Paper</a></li>
							
								<li><a role="menuitem" id="sub-menu-18_16" href="http://shop.coles.com.au/online/national/stationery-media/computer-photo/recordable-media" title="Recordable Media">Recordable Media</a></li>
							
							<li class="section"><a role="menuitem" id="sub-menu-18_17" href="http://shop.coles.com.au/online/national/stationery-media/magazines-section" title="Magazines sub category">Magazines</a></li>
							
							
								<li><a role="menuitem" id="sub-menu-18_18" href="http://shop.coles.com.au/online/national/stationery-media/magazines-section/childrens-teens" title="Childrens &amp; Teens">Childrens &amp; Teens</a></li>
							
								<li><a role="menuitem" id="sub-menu-18_19" href="http://shop.coles.com.au/online/national/stationery-media/magazines-section/computers" title="Computers">Computers</a></li>
							
								<li><a role="menuitem" id="sub-menu-18_20" href="http://shop.coles.com.au/online/national/stationery-media/magazines-section/cooking-magazines" title="Cooking Magazines">Cooking Magazines</a></li>
							
								<li><a role="menuitem" id="sub-menu-18_21" href="http://shop.coles.com.au/online/national/stationery-media/magazines-section/crafts-hobbies" title="Crafts &amp; Hobbies">Crafts &amp; Hobbies</a></li>
							
								<li><a role="menuitem" id="sub-menu-18_22" href="http://shop.coles.com.au/online/national/stationery-media/magazines-section/fashion-lifestyle" title="Fashion &amp; Lifestyle">Fashion &amp; Lifestyle</a></li>
							
								<li><a role="menuitem" id="sub-menu-18_23" href="http://shop.coles.com.au/online/national/stationery-media/magazines-section/fashion-lifestyle-magazines" title="Fashion &amp; Lifestyle Magazines">Fashion &amp; Lifestyle Magazines</a></li>
							
								<li><a role="menuitem" id="sub-menu-18_24" href="http://shop.coles.com.au/online/national/stationery-media/magazines-section/general-interest" title="General Interest">General Interest</a></li>
							
								<li><a role="menuitem" id="sub-menu-18_25" href="http://shop.coles.com.au/online/national/stationery-media/magazines-section/general-interest-magazines" title="General Interest Magazines">General Interest Magazines</a></li>
							
								<li><a role="menuitem" id="sub-menu-18_26" href="http://shop.coles.com.au/online/national/stationery-media/magazines-section/home-magazines" title="Home Magazines">Home Magazines</a></li>
							
								<li><a role="menuitem" id="sub-menu-18_27" href="http://shop.coles.com.au/online/national/stationery-media/magazines-section/motoring-magazines" title="Motoring Magazines">Motoring Magazines</a></li>
							
								<li><a role="menuitem" id="sub-menu-18_28" href="http://shop.coles.com.au/online/national/stationery-media/magazines-section/sport" title="Sport">Sport</a></li>
							
								<li><a role="menuitem" id="sub-menu-18_29" href="http://shop.coles.com.au/online/national/stationery-media/magazines-section/sports-magazines" title="Sports Magazines">Sports Magazines</a></li>
							
								<li><a role="menuitem" id="sub-menu-18_30" href="http://shop.coles.com.au/online/national/stationery-media/magazines-section/tv-magazines" title="TV Magazines">TV Magazines</a></li>
							
							<li class="section"><a role="menuitem" id="sub-menu-18_31" href="http://shop.coles.com.au/online/national/stationery-media/stationery" title="Stationery sub category">Stationery</a></li>
							
							
								<li><a role="menuitem" id="sub-menu-18_32" href="http://shop.coles.com.au/online/national/stationery-media/stationery/backpack" title="Backpack">Backpack</a></li>
							
								<li><a role="menuitem" id="sub-menu-18_33" href="http://shop.coles.com.au/online/national/stationery-media/stationery/cards" title="Cards">Cards</a></li>
							
								<li><a role="menuitem" id="sub-menu-18_34" href="http://shop.coles.com.au/online/national/stationery-media/stationery/diaries-notebooks" title="Diaries &amp; Notebooks">Diaries &amp; Notebooks</a></li>
							
								<li><a role="menuitem" id="sub-menu-18_35" href="http://shop.coles.com.au/online/national/stationery-media/stationery/folders-binders" title="Folders &amp; Binders">Folders &amp; Binders</a></li>
							
								<li><a role="menuitem" id="sub-menu-18_36" href="http://shop.coles.com.au/online/national/stationery-media/stationery/paper-books" title="Paper &amp; Books">Paper &amp; Books</a></li>
							
								<li><a role="menuitem" id="sub-menu-18_37" href="http://shop.coles.com.au/online/national/stationery-media/stationery/pencil-cases" title="Pencil Cases">Pencil Cases</a></li>
							
								<li><a role="menuitem" id="sub-menu-18_38" href="http://shop.coles.com.au/online/national/stationery-media/stationery/refills" title="Refills">Refills</a></li>
							
								<li><a role="menuitem" id="sub-menu-18_39" href="http://shop.coles.com.au/online/national/stationery-media/stationery/rulers-calculators" title="Rulers &amp; Calculators">Rulers &amp; Calculators</a></li>
							
								<li><a role="menuitem" id="sub-menu-18_40" href="http://shop.coles.com.au/online/national/stationery-media/stationery/writing" title="Writing">Writing</a></li>
							
							<li class="section"><a role="menuitem" id="sub-menu-18_41" href="http://shop.coles.com.au/online/national/stationery-media/toys-games-section" title="Toys &amp; Games sub category">Toys &amp; Games</a></li>
							
							
								<li><a role="menuitem" id="sub-menu-18_42" href="http://shop.coles.com.au/online/national/stationery-media/toys-games-section/games-section" title="Games">Games</a></li>
							
								<li><a role="menuitem" id="sub-menu-18_43" href="http://shop.coles.com.au/online/national/stationery-media/toys-games-section/sports-outdoors-section" title="Sports &amp; Outdoors">Sports &amp; Outdoors</a></li>
							
								<li><a role="menuitem" id="sub-menu-18_44" href="http://shop.coles.com.au/online/national/stationery-media/toys-games-section/toys-section" title="Toys">Toys</a></li>
							
					</ul>
				</div>							
											
			</li>									
		
			
			<li>
				
							
					<a role="menuitem" id="aisleMenu_19" aria-haspopup="true" href="http://shop.coles.com.au/online/national/clothing" class="aisle" title="Browse the Clothing aisle">
						Clothing <span>→</span>
					</a>
					
					<div id="menu-19" class="column-list clearfix" data-rows="22" role="navigation">
						<h2>
							<a role="menuitem" id="sub-menu-19_0" class="subCatHeader" title="Clothing Category" href="http://shop.coles.com.au/online/national/clothing">
								Clothing
							</a>
							<span class="aisle-search">&nbsp;
								<a role="menuitem" id="sub-menu-19_1" class="browseAllSubCategory" href="http://shop.coles.com.au/online/national/clothing/clothing" title="Browse all items">
								 Browse all items<span>→</span>
								</a>
							</span>
						</h2>
						
						
					<ul role="menu" id="sub-menu-19" data-col-items="menu-19" class="hidden">
						
							<li class="section"><a role="menuitem" id="sub-menu-19_2" href="http://shop.coles.com.au/online/national/clothing/baby-stuff" title="Baby &amp; Child sub category">Baby &amp; Child</a></li>
							
							
								<li><a role="menuitem" id="sub-menu-19_3" href="http://shop.coles.com.au/online/national/clothing/baby-stuff/baby-socks" title="Baby Socks">Baby Socks</a></li>
							
								<li><a role="menuitem" id="sub-menu-19_4" href="http://shop.coles.com.au/online/national/clothing/baby-stuff/bibs" title="Bibs &amp; Accessories">Bibs &amp; Accessories</a></li>
							
								<li><a role="menuitem" id="sub-menu-19_5" href="http://shop.coles.com.au/online/national/clothing/baby-stuff/boys-girls-socks" title="Boys &amp; Girls Socks">Boys &amp; Girls Socks</a></li>
							
								<li><a role="menuitem" id="sub-menu-19_6" href="http://shop.coles.com.au/online/national/clothing/baby-stuff/boys-girls-underwear" title="Boys &amp; Girls Underwear">Boys &amp; Girls Underwear</a></li>
							
							<li class="section"><a role="menuitem" id="sub-menu-19_7" href="http://shop.coles.com.au/online/national/clothing/footwear" title="Footwear sub category">Footwear</a></li>
							
							
								<li><a role="menuitem" id="sub-menu-19_8" href="http://shop.coles.com.au/online/national/clothing/footwear/brushes-accessories" title="Brushes &amp; Accessories">Brushes &amp; Accessories</a></li>
							
								<li><a role="menuitem" id="sub-menu-19_9" href="http://shop.coles.com.au/online/national/clothing/footwear/insoles" title="Insoles">Insoles</a></li>
							
								<li><a role="menuitem" id="sub-menu-19_10" href="http://shop.coles.com.au/online/national/clothing/footwear/odour-control" title="Odour Control">Odour Control</a></li>
							
								<li><a role="menuitem" id="sub-menu-19_11" href="http://shop.coles.com.au/online/national/clothing/footwear/shoe-laces" title="Shoe Laces">Shoe Laces</a></li>
							
								<li><a role="menuitem" id="sub-menu-19_12" href="http://shop.coles.com.au/online/national/clothing/footwear/shoe-polish" title="Shoe Polish">Shoe Polish</a></li>
							
							<li class="section"><a role="menuitem" id="sub-menu-19_13" href="http://shop.coles.com.au/online/national/clothing/hosiery" title="Hosiery sub category">Hosiery</a></li>
							
							
								<li><a role="menuitem" id="sub-menu-19_14" href="http://shop.coles.com.au/online/national/clothing/hosiery/anklets" title="Anklets">Anklets</a></li>
							
								<li><a role="menuitem" id="sub-menu-19_15" href="http://shop.coles.com.au/online/national/clothing/hosiery/knee-highs" title="Knee Highs">Knee Highs</a></li>
							
								<li><a role="menuitem" id="sub-menu-19_16" href="http://shop.coles.com.au/online/national/clothing/hosiery/opaques-tights" title="Opaques &amp; Tights">Opaques &amp; Tights</a></li>
							
								<li><a role="menuitem" id="sub-menu-19_17" href="http://shop.coles.com.au/online/national/clothing/hosiery/pantyhose" title="Pantyhose">Pantyhose</a></li>
							
							<li class="section"><a role="menuitem" id="sub-menu-19_18" href="http://shop.coles.com.au/online/national/clothing/mens" title="Mens sub category">Mens</a></li>
							
							
								<li><a role="menuitem" id="sub-menu-19_19" href="http://shop.coles.com.au/online/national/clothing/mens/mens-socks" title="Men's Socks">Men's Socks</a></li>
							
								<li><a role="menuitem" id="sub-menu-19_20" href="http://shop.coles.com.au/online/national/clothing/mens/mens-underwear" title="Men's Underwear">Men's Underwear</a></li>
							
							<li class="section"><a role="menuitem" id="sub-menu-19_21" href="http://shop.coles.com.au/online/national/clothing/womens" title="Womens sub category">Womens</a></li>
							
							
								<li><a role="menuitem" id="sub-menu-19_22" href="http://shop.coles.com.au/online/national/clothing/womens/womens-accessories" title="Women's Accessories">Women's Accessories</a></li>
							
								<li><a role="menuitem" id="sub-menu-19_23" href="http://shop.coles.com.au/online/national/clothing/womens/womens-briefs" title="Women's Briefs">Women's Briefs</a></li>
							
								<li><a role="menuitem" id="sub-menu-19_24" href="http://shop.coles.com.au/online/national/clothing/womens/hoisery" title="Women's Hosiery">Women's Hosiery</a></li>
							
								<li><a role="menuitem" id="sub-menu-19_25" href="http://shop.coles.com.au/online/national/clothing/womens/womens-socks" title="Women's Socks">Women's Socks</a></li>
							
					</ul>
				</div>							
											
			</li>									
		
			
			<li>
				
							
					<a role="menuitem" id="aisleMenu_20" aria-haspopup="true" href="http://shop.coles.com.au/online/national/tobacco" class="aisle" title="Browse the Tobacco aisle">
						Tobacco <span>→</span>
					</a>
					
					<div id="menu-20" class="column-list clearfix" data-rows="22" role="navigation">
						<h2>
							<a role="menuitem" id="sub-menu-20_0" class="subCatHeader" title="Tobacco Category" href="http://shop.coles.com.au/online/national/tobacco">
								Tobacco
							</a>
							<span class="aisle-search">&nbsp;
								<a role="menuitem" id="sub-menu-20_1" class="browseAllSubCategory" href="http://shop.coles.com.au/online/national/tobacco/tobacco" title="Browse all items">
								 Browse all items<span>→</span>
								</a>
							</span>
						</h2>
						
						
					<ul role="menu" id="sub-menu-20" data-col-items="menu-20" class="hidden">
						
							<li class="section"><a role="menuitem" id="sub-menu-20_2" href="http://shop.coles.com.au/online/national/tobacco/tobacco--cigarettes-cigars" title="Tobacco, Cigarettes &amp; Cigars sub category">Tobacco, Cigarettes &amp; Cigars</a></li>
							
							
								<li><a role="menuitem" id="sub-menu-20_3" href="http://shop.coles.com.au/online/national/tobacco/tobacco--cigarettes-cigars/cigarettes" title="Cigarettes">Cigarettes</a></li>
							
								<li><a role="menuitem" id="sub-menu-20_4" href="http://shop.coles.com.au/online/national/tobacco/tobacco--cigarettes-cigars/papers-filters" title="Papers &amp; Filters">Papers &amp; Filters</a></li>
							
								<li><a role="menuitem" id="sub-menu-20_5" href="http://shop.coles.com.au/online/national/tobacco/tobacco--cigarettes-cigars/cigars" title="Cigars">Cigars</a></li>
							
								<li><a role="menuitem" id="sub-menu-20_6" href="http://shop.coles.com.au/online/national/tobacco/tobacco--cigarettes-cigars/loose-tobacco" title="Loose Tobacco">Loose Tobacco</a></li>
							
								<li><a role="menuitem" id="sub-menu-20_7" href="http://shop.coles.com.au/online/national/tobacco/tobacco--cigarettes-cigars/quit-smoking" title="Quit Smoking">Quit Smoking</a></li>
							
								<li><a role="menuitem" id="sub-menu-20_8" href="http://shop.coles.com.au/online/national/tobacco/tobacco--cigarettes-cigars/lighters-matches" title="Lighters &amp; Matches">Lighters &amp; Matches</a></li>
							
					</ul>
				</div>							
											
			</li>									
		
	</ul>
</div>

		<form id="search" name="search" action="http://shop.coles.com.au/online/SearchDisplay?pageView=image&amp;catalogId=10576&amp;beginIndex=0&amp;langId=-1&amp;storeId=10601" method="get" role="search">
			<input type="hidden" name="storeId" value="10601" id="WC_CachedHeaderDisplay_FormInput_storeId_In_CatalogSearchForm_1">
			<input type="hidden" name="catalogId" value="10576" id="WC_CachedHeaderDisplay_FormInput_catalogId_In_CatalogSearchForm_1">
			<input type="hidden" name="langId" value="-1" id="WC_CachedHeaderDisplay_FormInput_langId_In_CatalogSearchForm_1">
			<input type="hidden" name="beginIndex" value="0" id="WC_CachedHeaderDisplay_FormInput_beginIndex_In_CatalogSearchForm_1">
			<input type="hidden" name="browseView" value="false" id="WC_CachedHeaderDisplay_FormInput_browseView_In_CatalogSearchForm_1">
			<input type="hidden" name="searchSource" value="Q" id="WC_CachedHeaderDisplay_FormInput_searchSource_In_CatalogSearchForm_1">
			<input type="hidden" name="sType" value="SimpleSearch" id="WC_CachedHeaderDisplay_FormInput_sType_In_CatalogSearchForm_1">
			<input type="hidden" name="resultCatEntryType" value="2" id="WC_CachedHeaderDisplay_FormInput_resultType_In_CatalogSearchForm_1">
			<input type="hidden" name="showResultsPage" value="true" id="WC_CachedHeaderDisplay_input_1">
			<input type="hidden" name="pageView" value="image" id="WC_CachedHeaderDisplay_input_2">
			<fieldset>
				<legend class="off-left">Search products form</legend>
				<div class="inputContainer" id="inputContainer" data-suggestionsview="" data-searchurl="http://shop.coles.com.au/online/SearchDisplay?pageView=image&amp;catalogId=10576&amp;beginIndex=0&amp;langId=-1&amp;storeId=10601" data-corename="MC_10001_CatalogEntry_en_US" data-serverurl="http://solrprd.cmltd.net.au:27920/solr/MC_10001_CatalogEntry_en_US" data-catalogid="10576" data-storeid="10601" data-langid="-1">
					<div class="v-holder">
						<label for="searchTerm" class="off-left">Search</label>
						<input id="searchTerm" class="keyword pred-search rounded" type="text" placeholder="Search for..." name="searchTerm" value="" size="40" maxlength="65" autocomplete="off"><div class="pred-menu hidden" aria-hidden="true"><ul></ul></div>
					</div>
				</div>
				<input class="btn-search btn-grey pred-search btn-disabled" type="submit" role="button" title="Search" value="Search" disabled="disabled">
			</fieldset>
		</form>
		

<div id="myAccount">
	
			<button href="#register" role="button" class="btn-grey popup-launch action-register" title="Register">Register</button>
			<button href="#logIn" role="button" class="btn-grey popup-launch action-login" title="Log in">Log in</button>
		
</div>

	</div>
</div>	

<form method="post" name="SubHeaderData" id="SubHeaderData" class="hidden" aria-hidden="true">
		
	<input type="hidden" name="suburb" value="">	
	<input type="hidden" name="postcode" value="">
	<input type="hidden" name="state" value="">	
	
</form>



<div id="statusBarContainer">
	<ul id="statusBar" class="rounded grad-aqua1">
		
		
						<li id="statusGuest">
							<p><a role="button" href="#localisation" class="btn-grey-dbl popup-launch action-localise" title="Tell us your location and get started!">Tell us your location and get started!</a></p>
						</li>
					

<li id="statusItems" class="grad-aqua2" data-refresh="{refreshNode:'statusBar',refreshId:'miniShopCart',storeId:'10601',urlLangId:'-1',catalogId:'10576', orderId:''}">
    
    <div id="statusItemsContent">
		
				<div class="title">No items:</div>
				<div class="statusItemsIcon"></div>
				<p>Your trolley is empty</p>
				
				<input id="lpCartQuantity" type="hidden" value="0">
				
	</div>
	<p>
		
	    <a href="#" id="viewTrolley" class="arrow action-show-viewTrolley" title="View trolley">View trolley</a>
	    
	</p>
</li>
<li id="statusItemsAdding" class="hidden" aria-hidden="true" data-refresh="{refreshNode:'statusBar',refreshId:'miniShopCart',storeId:'10601',urlLangId:'-1',catalogId:'10576',orderId:''}">
	<div class="statusItemsIcon"></div>
	<div class="loader">
		<div class="title">Adding to trolley</div>
	</div>
</li>
<li id="statusTotal" class="grad-aqua3" data-refresh="{refreshNode:'statusBar',refreshId:'miniShopCart',storeId:'10601',urlLangId:'-1',catalogId:'10576',orderId:''}" aria-live="polite">
	<div class="title">Total:</div>
	
			<p id="price" class="currency">
				<span>$</span>0.00
			</p>
			
			<input id="lpCartTotal" type="hidden" value="0">	
			
</li>
<li id="statusCheckout" class="rounded grad-aqua3" data-refresh="{refreshNode:'statusBar',refreshId:'miniShopCart',storeId:'10601',urlLangId:'-1',catalogId:'10576',orderId:''}">
	<p>
		<a role="button" href="http://shop.coles.com.au/online/TraditionalAjaxShippingDetailsURL?cmdStoreId=10401&amp;channel=BeginDesktopCheckout&amp;calculationUsageId=-1&amp;calculationUsageId=-7&amp;updatePrices=1&amp;catalogId=10576&amp;errorViewName=TraditionalAjaxShippingDetailsURL&amp;orderId=&amp;langId=-1&amp;storeId=10601&amp;flow=BeginCheckout&amp;doPrice=N&amp;URL=TraditionalAjaxShippingDetailsURL" class="btn-grey-dbl" id="ribbonCheckout" title=""><span>Go to checkout</span></a>
	</p>
	<div class="clear"></div>
</li>

<li id="LiStatusItemsMU" class="hidden" data-refresh="{refreshNode:'statusBar',refreshId:'miniShopCart',storeId:'10601',urlLangId:'-1',catalogId:'10576',orderId:''}">
	<div id="statusItemsMU">
		
	</div>
</li>

<li id="rightHandSideTrolley" class="accessibility" data-refresh="{refreshNode:'statusBar',refreshId:'miniShopCart',storeId:'10601',urlLangId:'-1',catalogId:'10576',orderId:''}">
	<!-- TODO: The value to be given by business -->


 
    <div role="presentation" aria-hidden="true" class="trolleyTab">
		<a role="button" href="#" id="viewTrolleyTab" tabindex="-1" class="action-show-viewTrolley">
			trolley
		</a>		
	</div>
</li>

	</ul>
</div>

	</div>
    <div class="headerBottom"><div class="pageBottom"><div></div></div></div>
</div>

		<div id="MessageArea" class="globalMessageArea" data-urls="{contactUsURL: 'http://shop.coles.com.au/online/national/contact-us', startShoppingURL: 'http://shop.coles.com.au/online/national', clickAndCollectURL: 'http://shop.coles.com.au/online/national/info/click-collect-locations'}">
			
		</div>
	
<div id="compare" class="panel" tabindex="-1" aria-hidden="true" style="height: 7px; min-height: 219px; top: 0px; ">
	<div class="compareZone clearfix" style="display: block; ">
		

<div data-refresh="{refreshId: 'compareZone', catalogId: '10576', storeId: '10601', langId: '-1'}" aria-live="polite">
	

	<div class="compareContent" style="max-height: none; ">
		<div class="close"><a href="#" class="linotype" title="Return to shopping">Close</a></div>
		
	</div>
</div>

	</div>
	<div class="compareShadow"></div>
	<a href="#" class="panelTab grad-aqua1 unopenable" title="Show/hide the product comparison panel"><span>Compare items <span class="counter">0</span></span></a>
</div>

				<div id="contentPane" class="clearfix" role="main">
					 

<div id="searchDisplay" class="" data-refresh="{refreshId:'searchView', productView:'list', orderBy:'10601_6', beginIndex:'100', pageSize:'100', storeId:'10601', catalogId:'10576', categoryId:'25583',topcategoryId:'',browseView:'true'}">
	
	<div id="pageHead" class="clearfix">
		

<div class="floatLeft">
<ul class="breadcrumb">
    
    <li><a href="http://shop.coles.com.au/online/national" title="Navigate to the homepage">Home</a> <span>→</span></li>
    
                                                <li>Meat, Seafood &amp; Deli</li>
                                            
</ul>
</div>
<div class="clear"></div>

		<div class="floatLeft">
			<h1 id="page-heading">
    			Meat, Seafood &amp; Deli

			</h1>
		</div>
	
			<div class="floatRight pageInfoRight">
				<label for="orderBy" class="label">Sort by:</label>
				<div class="sortOrder rounded">
					<select id="orderBy" title="Product sort order" name="orderBy">
						<option selected="selected" value="10601_6">Top products</option>
						<option value="10601_5">Specials first</option>
						<option value="10601_3">Lowest price first</option>
						<option value="10601_4">Lowest unit price first</option>
						<option value="1">A-Z (Brand)</option>
						<option value="2">A-Z (Product Name)</option>
					</select>
				</div>
				
                 
				<ul id="productView">
					<li class="grid viewSwitcher" data-view="grid">
						<a href="#" title="Display products in grid view">
							<span class="viewInfo ir">Switch to grid view</span>
						</a>
					</li>
					<li class="list viewSwitcher" data-view="list">
						<a href="#" title="Display products in list view" class="selected">
							<span class="viewInfo ir">Switch to list view</span>
						</a>
					</li>
					<li class="text viewSwitcher" data-view="text">
						<a href="#" title="Display products in text view">
							<span class="viewInfo ir">Switch to text view</span>
						</a>
					</li>
				</ul>
			</div>
		
	</div>

	<div class="messageArea"></div>
	
	
	<div class="localisation-disclaimer msg-warning">
		Prices and range may differ from region to region. <a href="#localisation" class="popup-launch" title="Tell us your location to see your local prices">Tell us your location to see your local prices</a>	
	</div>
	
			<div class="layout-20-80 clearfix">
				<div class="column-1">
					
<div class="plain-box">
	
	
	<h2 class="keywords">Narrow your search:</h2>
	<ul id="keywords" role="presentation">
		<li><a href="http://shop.coles.com.au/online/SearchDisplay?multiSearch=&amp;showResultsPage=true&amp;langId=-1&amp;beginIndex=100&amp;sType=SimpleSearch&amp;browseView=true&amp;pageSize=100&amp;resultCatEntryType=&amp;catalogId=10576&amp;pageView=image&amp;urlLangId=-1&amp;categoryId=25583&amp;storeId=10601" title="Reset all">Reset all</a></li>
		<li>
			<ul role="presentation">
			
		<li role="presentation">
			<h3>Category</h3>
			
					<a class="1" href="http://shop.coles.com.au/online/SearchDisplay?multiSearch=&amp;showResultsPage=true&amp;langId=-1&amp;beginIndex=100&amp;sType=SimpleSearch&amp;browseView=true&amp;pageSize=100&amp;resultCatEntryType=&amp;catalogId=10576&amp;pageView=image&amp;urlLangId=-1&amp;categoryId=25583&amp;storeId=10601" name="type-Category" title=""><span class="cat-facet">Show all</span>&nbsp;<span role="presentation" aria-hidden="true" class="cat-count">(997)</span><span class="cat-count accessibility">(997items)</span></a>
				
  			<ul>
	     		
							<li>
								
										<a href="http://shop.coles.com.au/online/SearchDisplay?searchTermScope=&amp;multiSearch=&amp;searchType=2&amp;maxPrice=&amp;showResultsPage=true&amp;langId=-1&amp;beginIndex=0&amp;sType=SimpleSearch&amp;browseView=true&amp;metaData=&amp;manufacturer=&amp;resultCatEntryType=&amp;catalogId=10576&amp;pageView=&amp;minPrice=&amp;urlLangId=-1&amp;categoryId=1591551&amp;storeId=10601" name="type-Category" title=""><span class="cat-facet">Prepared Foods</span>&nbsp;<span role="presentation" aria-hidden="true" class="cat-count">(11)</span><span class="cat-count accessibility">(11items)</span></a>
									
							</li>
			     		
							<li>
								
										<a href="http://shop.coles.com.au/online/SearchDisplay?searchTermScope=&amp;multiSearch=&amp;searchType=2&amp;maxPrice=&amp;showResultsPage=true&amp;langId=-1&amp;beginIndex=0&amp;sType=SimpleSearch&amp;browseView=true&amp;metaData=&amp;manufacturer=&amp;resultCatEntryType=&amp;catalogId=10576&amp;pageView=&amp;minPrice=&amp;urlLangId=-1&amp;categoryId=1623051&amp;storeId=10601" name="type-Category" title=""><span class="cat-facet">Duck &amp; Other Poultry</span>&nbsp;<span role="presentation" aria-hidden="true" class="cat-count">(7)</span><span class="cat-count accessibility">(7items)</span></a>
									
							</li>
			     		
							<li>
								
										<a href="http://shop.coles.com.au/online/SearchDisplay?searchTermScope=&amp;multiSearch=&amp;searchType=2&amp;maxPrice=&amp;showResultsPage=true&amp;langId=-1&amp;beginIndex=0&amp;sType=SimpleSearch&amp;browseView=true&amp;metaData=&amp;manufacturer=&amp;resultCatEntryType=&amp;catalogId=10576&amp;pageView=&amp;minPrice=&amp;urlLangId=-1&amp;categoryId=25921&amp;storeId=10601" name="type-Category" title=""><span class="cat-facet">Deli Specialty</span>&nbsp;<span role="presentation" aria-hidden="true" class="cat-count">(303)</span><span class="cat-count accessibility">(303items)</span></a>
									
							</li>
			     		
							<li>
								
										<a href="http://shop.coles.com.au/online/SearchDisplay?searchTermScope=&amp;multiSearch=&amp;searchType=2&amp;maxPrice=&amp;showResultsPage=true&amp;langId=-1&amp;beginIndex=0&amp;sType=SimpleSearch&amp;browseView=true&amp;metaData=&amp;manufacturer=&amp;resultCatEntryType=&amp;catalogId=10576&amp;pageView=&amp;minPrice=&amp;urlLangId=-1&amp;categoryId=25974&amp;storeId=10601" name="type-Category" title=""><span class="cat-facet">Deli Meats</span>&nbsp;<span role="presentation" aria-hidden="true" class="cat-count">(207)</span><span class="cat-count accessibility">(207items)</span></a>
									
							</li>
			     		
							<li>
								
										<a href="http://shop.coles.com.au/online/SearchDisplay?searchTermScope=&amp;multiSearch=&amp;searchType=2&amp;maxPrice=&amp;showResultsPage=true&amp;langId=-1&amp;beginIndex=0&amp;sType=SimpleSearch&amp;browseView=true&amp;metaData=&amp;manufacturer=&amp;resultCatEntryType=&amp;catalogId=10576&amp;pageView=&amp;minPrice=&amp;urlLangId=-1&amp;categoryId=25988&amp;storeId=10601" name="type-Category" title=""><span class="cat-facet">Meat</span>&nbsp;<span role="presentation" aria-hidden="true" class="cat-count">(439)</span><span class="cat-count accessibility">(439items)</span></a>
									
							</li>
			     		
							<li>
								
										<a href="http://shop.coles.com.au/online/SearchDisplay?searchTermScope=&amp;multiSearch=&amp;searchType=2&amp;maxPrice=&amp;showResultsPage=true&amp;langId=-1&amp;beginIndex=0&amp;sType=SimpleSearch&amp;browseView=true&amp;metaData=&amp;manufacturer=&amp;resultCatEntryType=&amp;catalogId=10576&amp;pageView=&amp;minPrice=&amp;urlLangId=-1&amp;categoryId=25989&amp;storeId=10601" name="type-Category" title=""><span class="cat-facet">Seafood</span>&nbsp;<span role="presentation" aria-hidden="true" class="cat-count">(106)</span><span class="cat-count accessibility">(106items)</span></a>
									
							</li>
			     		
							<li>
								
										<a href="http://shop.coles.com.au/online/SearchDisplay?searchTermScope=&amp;multiSearch=&amp;searchType=2&amp;maxPrice=&amp;showResultsPage=true&amp;langId=-1&amp;beginIndex=0&amp;sType=SimpleSearch&amp;browseView=true&amp;metaData=&amp;manufacturer=&amp;resultCatEntryType=&amp;catalogId=10576&amp;pageView=&amp;minPrice=&amp;urlLangId=-1&amp;categoryId=27236&amp;storeId=10601" name="type-Category" title=""><span class="cat-facet">Prawns &amp; Shrimp</span>&nbsp;<span role="presentation" aria-hidden="true" class="cat-count">(16)</span><span class="cat-count accessibility">(16items)</span></a>
									
							</li>
			     		
							<li>
								
										<a href="http://shop.coles.com.au/online/SearchDisplay?searchTermScope=&amp;multiSearch=&amp;searchType=2&amp;maxPrice=&amp;showResultsPage=true&amp;langId=-1&amp;beginIndex=0&amp;sType=SimpleSearch&amp;browseView=true&amp;metaData=&amp;manufacturer=&amp;resultCatEntryType=&amp;catalogId=10576&amp;pageView=&amp;minPrice=&amp;urlLangId=-1&amp;categoryId=27280&amp;storeId=10601" name="type-Category" title=""><span class="cat-facet">Platters</span>&nbsp;<span role="presentation" aria-hidden="true" class="cat-count">(15)</span><span class="cat-count accessibility">(15items)</span></a>
									
							</li>
			     		
							<li>
								
										<a href="http://shop.coles.com.au/online/SearchDisplay?searchTermScope=&amp;multiSearch=&amp;searchType=2&amp;maxPrice=&amp;showResultsPage=true&amp;langId=-1&amp;beginIndex=0&amp;sType=SimpleSearch&amp;browseView=true&amp;metaData=&amp;manufacturer=&amp;resultCatEntryType=&amp;catalogId=10576&amp;pageView=&amp;minPrice=&amp;urlLangId=-1&amp;categoryId=27290&amp;storeId=10601" name="type-Category" title=""><span class="cat-facet">Deli Gourmet Cheese</span>&nbsp;<span role="presentation" aria-hidden="true" class="cat-count">(46)</span><span class="cat-count accessibility">(46items)</span></a>
									
							</li>
			     		
							<li>
								
										<a href="http://shop.coles.com.au/online/SearchDisplay?searchTermScope=&amp;multiSearch=&amp;searchType=2&amp;maxPrice=&amp;showResultsPage=true&amp;langId=-1&amp;beginIndex=0&amp;sType=SimpleSearch&amp;browseView=true&amp;metaData=&amp;manufacturer=&amp;resultCatEntryType=&amp;catalogId=10576&amp;pageView=&amp;minPrice=&amp;urlLangId=-1&amp;categoryId=27626&amp;storeId=10601" name="type-Category" title=""><span class="cat-facet">Bacon</span>&nbsp;<span role="presentation" aria-hidden="true" class="cat-count">(28)</span><span class="cat-count accessibility">(28items)</span></a>
									
							</li>
			     		
				<li><a href="#" class="more" data-hidden-facets="{&quot;type&quot;:&quot;Category&quot;,&quot;facets&quot;:[{&quot;url&quot;:&quot;http://shop.coles.com.au/online/SearchDisplay?searchTermScope=&amp;multiSearch=&amp;searchType=2&amp;maxPrice=&amp;showResultsPage=true&amp;langId=-1&amp;beginIndex=0&amp;sType=SimpleSearch&amp;browseView=true&amp;metaData=&amp;manufacturer=&amp;resultCatEntryType=&amp;catalogId=10576&amp;pageView=&amp;minPrice=&amp;urlLangId=-1&amp;categoryId=27875&amp;storeId=10601&quot;,&quot;name&quot;:&quot;Turkey&quot;,&quot;count&quot;:&quot;10&quot;,&quot;className&quot;:&quot;&quot;},{&quot;url&quot;:&quot;http://shop.coles.com.au/online/SearchDisplay?searchTermScope=&amp;multiSearch=&amp;searchType=2&amp;maxPrice=&amp;showResultsPage=true&amp;langId=-1&amp;beginIndex=0&amp;sType=SimpleSearch&amp;browseView=true&amp;metaData=&amp;manufacturer=&amp;resultCatEntryType=&amp;catalogId=10576&amp;pageView=&amp;minPrice=&amp;urlLangId=-1&amp;categoryId=27877&amp;storeId=10601&quot;,&quot;name&quot;:&quot;Burgers and Sausages&quot;,&quot;count&quot;:&quot;101&quot;,&quot;className&quot;:&quot;&quot;},{&quot;url&quot;:&quot;http://shop.coles.com.au/online/SearchDisplay?searchTermScope=&amp;multiSearch=&amp;searchType=2&amp;maxPrice=&amp;showResultsPage=true&amp;langId=-1&amp;beginIndex=0&amp;sType=SimpleSearch&amp;browseView=true&amp;metaData=&amp;manufacturer=&amp;resultCatEntryType=&amp;catalogId=10576&amp;pageView=&amp;minPrice=&amp;urlLangId=-1&amp;categoryId=27889&amp;storeId=10601&quot;,&quot;name&quot;:&quot;Frankfurts &amp; Sausages&quot;,&quot;count&quot;:&quot;14&quot;,&quot;className&quot;:&quot;&quot;},{&quot;url&quot;:&quot;http://shop.coles.com.au/online/SearchDisplay?searchTermScope=&amp;multiSearch=&amp;searchType=2&amp;maxPrice=&amp;showResultsPage=true&amp;langId=-1&amp;beginIndex=0&amp;sType=SimpleSearch&amp;browseView=true&amp;metaData=&amp;manufacturer=&amp;resultCatEntryType=&amp;catalogId=10576&amp;pageView=&amp;minPrice=&amp;urlLangId=-1&amp;categoryId=27890&amp;storeId=10601&quot;,&quot;name&quot;:&quot;Antipasto&quot;,&quot;count&quot;:&quot;28&quot;,&quot;className&quot;:&quot;&quot;},{&quot;url&quot;:&quot;http://shop.coles.com.au/online/SearchDisplay?searchTermScope=&amp;multiSearch=&amp;searchType=2&amp;maxPrice=&amp;showResultsPage=true&amp;langId=-1&amp;beginIndex=0&amp;sType=SimpleSearch&amp;browseView=true&amp;metaData=&amp;manufacturer=&amp;resultCatEntryType=&amp;catalogId=10576&amp;pageView=&amp;minPrice=&amp;urlLangId=-1&amp;categoryId=28164&amp;storeId=10601&quot;,&quot;name&quot;:&quot;Beef&quot;,&quot;count&quot;:&quot;78&quot;,&quot;className&quot;:&quot;&quot;},{&quot;url&quot;:&quot;http://shop.coles.com.au/online/SearchDisplay?searchTermScope=&amp;multiSearch=&amp;searchType=2&amp;maxPrice=&amp;showResultsPage=true&amp;langId=-1&amp;beginIndex=0&amp;sType=SimpleSearch&amp;browseView=true&amp;metaData=&amp;manufacturer=&amp;resultCatEntryType=&amp;catalogId=10576&amp;pageView=&amp;minPrice=&amp;urlLangId=-1&amp;categoryId=28166&amp;storeId=10601&quot;,&quot;name&quot;:&quot;Veal&quot;,&quot;count&quot;:&quot;6&quot;,&quot;className&quot;:&quot;&quot;},{&quot;url&quot;:&quot;http://shop.coles.com.au/online/SearchDisplay?searchTermScope=&amp;multiSearch=&amp;searchType=2&amp;maxPrice=&amp;showResultsPage=true&amp;langId=-1&amp;beginIndex=0&amp;sType=SimpleSearch&amp;browseView=true&amp;metaData=&amp;manufacturer=&amp;resultCatEntryType=&amp;catalogId=10576&amp;pageView=&amp;minPrice=&amp;urlLangId=-1&amp;categoryId=28167&amp;storeId=10601&quot;,&quot;name&quot;:&quot;Crab &amp; Lobster&quot;,&quot;count&quot;:&quot;3&quot;,&quot;className&quot;:&quot;&quot;},{&quot;url&quot;:&quot;http://shop.coles.com.au/online/SearchDisplay?searchTermScope=&amp;multiSearch=&amp;searchType=2&amp;maxPrice=&amp;showResultsPage=true&amp;langId=-1&amp;beginIndex=0&amp;sType=SimpleSearch&amp;browseView=true&amp;metaData=&amp;manufacturer=&amp;resultCatEntryType=&amp;catalogId=10576&amp;pageView=&amp;minPrice=&amp;urlLangId=-1&amp;categoryId=28169&amp;storeId=10601&quot;,&quot;name&quot;:&quot;Dips &amp; Pate&quot;,&quot;count&quot;:&quot;175&quot;,&quot;className&quot;:&quot;&quot;},{&quot;url&quot;:&quot;http://shop.coles.com.au/online/SearchDisplay?searchTermScope=&amp;multiSearch=&amp;searchType=2&amp;maxPrice=&amp;showResultsPage=true&amp;langId=-1&amp;beginIndex=0&amp;sType=SimpleSearch&amp;browseView=true&amp;metaData=&amp;manufacturer=&amp;resultCatEntryType=&amp;catalogId=10576&amp;pageView=&amp;minPrice=&amp;urlLangId=-1&amp;categoryId=28212&amp;storeId=10601&quot;,&quot;name&quot;:&quot;Chicken&quot;,&quot;count&quot;:&quot;95&quot;,&quot;className&quot;:&quot;&quot;},{&quot;url&quot;:&quot;http://shop.coles.com.au/online/SearchDisplay?searchTermScope=&amp;multiSearch=&amp;searchType=2&amp;maxPrice=&amp;showResultsPage=true&amp;langId=-1&amp;beginIndex=0&amp;sType=SimpleSearch&amp;browseView=true&amp;metaData=&amp;manufacturer=&amp;resultCatEntryType=&amp;catalogId=10576&amp;pageView=&amp;minPrice=&amp;urlLangId=-1&amp;categoryId=28213&amp;storeId=10601&quot;,&quot;name&quot;:&quot;Game&quot;,&quot;count&quot;:&quot;21&quot;,&quot;className&quot;:&quot;&quot;},{&quot;url&quot;:&quot;http://shop.coles.com.au/online/SearchDisplay?searchTermScope=&amp;multiSearch=&amp;searchType=2&amp;maxPrice=&amp;showResultsPage=true&amp;langId=-1&amp;beginIndex=0&amp;sType=SimpleSearch&amp;browseView=true&amp;metaData=&amp;manufacturer=&amp;resultCatEntryType=&amp;catalogId=10576&amp;pageView=&amp;minPrice=&amp;urlLangId=-1&amp;categoryId=28244&amp;storeId=10601&quot;,&quot;name&quot;:&quot;Fish&quot;,&quot;count&quot;:&quot;58&quot;,&quot;className&quot;:&quot;&quot;},{&quot;url&quot;:&quot;http://shop.coles.com.au/online/SearchDisplay?searchTermScope=&amp;multiSearch=&amp;searchType=2&amp;maxPrice=&amp;showResultsPage=true&amp;langId=-1&amp;beginIndex=0&amp;sType=SimpleSearch&amp;browseView=true&amp;metaData=&amp;manufacturer=&amp;resultCatEntryType=&amp;catalogId=10576&amp;pageView=&amp;minPrice=&amp;urlLangId=-1&amp;categoryId=28268&amp;storeId=10601&quot;,&quot;name&quot;:&quot;BBQ &amp; Party Packs&quot;,&quot;count&quot;:&quot;3&quot;,&quot;className&quot;:&quot;&quot;},{&quot;url&quot;:&quot;http://shop.coles.com.au/online/SearchDisplay?searchTermScope=&amp;multiSearch=&amp;searchType=2&amp;maxPrice=&amp;showResultsPage=true&amp;langId=-1&amp;beginIndex=0&amp;sType=SimpleSearch&amp;browseView=true&amp;metaData=&amp;manufacturer=&amp;resultCatEntryType=&amp;catalogId=10576&amp;pageView=&amp;minPrice=&amp;urlLangId=-1&amp;categoryId=28270&amp;storeId=10601&quot;,&quot;name&quot;:&quot;Squid &amp; Octopus&quot;,&quot;count&quot;:&quot;2&quot;,&quot;className&quot;:&quot;&quot;},{&quot;url&quot;:&quot;http://shop.coles.com.au/online/SearchDisplay?searchTermScope=&amp;multiSearch=&amp;searchType=2&amp;maxPrice=&amp;showResultsPage=true&amp;langId=-1&amp;beginIndex=0&amp;sType=SimpleSearch&amp;browseView=true&amp;metaData=&amp;manufacturer=&amp;resultCatEntryType=&amp;catalogId=10576&amp;pageView=&amp;minPrice=&amp;urlLangId=-1&amp;categoryId=28271&amp;storeId=10601&quot;,&quot;name&quot;:&quot;Sliced Meats&quot;,&quot;count&quot;:&quot;78&quot;,&quot;className&quot;:&quot;&quot;},{&quot;url&quot;:&quot;http://shop.coles.com.au/online/SearchDisplay?searchTermScope=&amp;multiSearch=&amp;searchType=2&amp;maxPrice=&amp;showResultsPage=true&amp;langId=-1&amp;beginIndex=0&amp;sType=SimpleSearch&amp;browseView=true&amp;metaData=&amp;manufacturer=&amp;resultCatEntryType=&amp;catalogId=10576&amp;pageView=&amp;minPrice=&amp;urlLangId=-1&amp;categoryId=28289&amp;storeId=10601&quot;,&quot;name&quot;:&quot;Lamb&quot;,&quot;count&quot;:&quot;51&quot;,&quot;className&quot;:&quot;&quot;},{&quot;url&quot;:&quot;http://shop.coles.com.au/online/SearchDisplay?searchTermScope=&amp;multiSearch=&amp;searchType=2&amp;maxPrice=&amp;showResultsPage=true&amp;langId=-1&amp;beginIndex=0&amp;sType=SimpleSearch&amp;browseView=true&amp;metaData=&amp;manufacturer=&amp;resultCatEntryType=&amp;catalogId=10576&amp;pageView=&amp;minPrice=&amp;urlLangId=-1&amp;categoryId=28290&amp;storeId=10601&quot;,&quot;name&quot;:&quot;Pork&quot;,&quot;count&quot;:&quot;76&quot;,&quot;className&quot;:&quot;&quot;},{&quot;url&quot;:&quot;http://shop.coles.com.au/online/SearchDisplay?searchTermScope=&amp;multiSearch=&amp;searchType=2&amp;maxPrice=&amp;showResultsPage=true&amp;langId=-1&amp;beginIndex=0&amp;sType=SimpleSearch&amp;browseView=true&amp;metaData=&amp;manufacturer=&amp;resultCatEntryType=&amp;catalogId=10576&amp;pageView=&amp;minPrice=&amp;urlLangId=-1&amp;categoryId=28291&amp;storeId=10601&quot;,&quot;name&quot;:&quot;Mixed Marinara&quot;,&quot;count&quot;:&quot;8&quot;,&quot;className&quot;:&quot;&quot;},{&quot;url&quot;:&quot;http://shop.coles.com.au/online/SearchDisplay?searchTermScope=&amp;multiSearch=&amp;searchType=2&amp;maxPrice=&amp;showResultsPage=true&amp;langId=-1&amp;beginIndex=0&amp;sType=SimpleSearch&amp;browseView=true&amp;metaData=&amp;manufacturer=&amp;resultCatEntryType=&amp;catalogId=10576&amp;pageView=&amp;minPrice=&amp;urlLangId=-1&amp;categoryId=28292&amp;storeId=10601&quot;,&quot;name&quot;:&quot;Cured &amp; Smoked&quot;,&quot;count&quot;:&quot;36&quot;,&quot;className&quot;:&quot;&quot;},{&quot;url&quot;:&quot;http://shop.coles.com.au/online/SearchDisplay?searchTermScope=&amp;multiSearch=&amp;searchType=2&amp;maxPrice=&amp;showResultsPage=true&amp;langId=-1&amp;beginIndex=0&amp;sType=SimpleSearch&amp;browseView=true&amp;metaData=&amp;manufacturer=&amp;resultCatEntryType=&amp;catalogId=10576&amp;pageView=&amp;minPrice=&amp;urlLangId=-1&amp;categoryId=378337&amp;storeId=10601&quot;,&quot;name&quot;:&quot;Ham&quot;,&quot;count&quot;:&quot;38&quot;,&quot;className&quot;:&quot;&quot;},{&quot;url&quot;:&quot;http://shop.coles.com.au/online/SearchDisplay?searchTermScope=&amp;multiSearch=&amp;searchType=2&amp;maxPrice=&amp;showResultsPage=true&amp;langId=-1&amp;beginIndex=0&amp;sType=SimpleSearch&amp;browseView=true&amp;metaData=&amp;manufacturer=&amp;resultCatEntryType=&amp;catalogId=10576&amp;pageView=&amp;minPrice=&amp;urlLangId=-1&amp;categoryId=381026&amp;storeId=10601&quot;,&quot;name&quot;:&quot;Deli Seafood&quot;,&quot;count&quot;:&quot;9&quot;,&quot;className&quot;:&quot;&quot;},{&quot;url&quot;:&quot;http://shop.coles.com.au/online/SearchDisplay?searchTermScope=&amp;multiSearch=&amp;searchType=2&amp;maxPrice=&amp;showResultsPage=true&amp;langId=-1&amp;beginIndex=0&amp;sType=SimpleSearch&amp;browseView=true&amp;metaData=&amp;manufacturer=&amp;resultCatEntryType=&amp;catalogId=10576&amp;pageView=&amp;minPrice=&amp;urlLangId=-1&amp;categoryId=381053&amp;storeId=10601&quot;,&quot;name&quot;:&quot;Olives&quot;,&quot;count&quot;:&quot;8&quot;,&quot;className&quot;:&quot;&quot;},{&quot;url&quot;:&quot;http://shop.coles.com.au/online/SearchDisplay?searchTermScope=&amp;multiSearch=&amp;searchType=2&amp;maxPrice=&amp;showResultsPage=true&amp;langId=-1&amp;beginIndex=0&amp;sType=SimpleSearch&amp;browseView=true&amp;metaData=&amp;manufacturer=&amp;resultCatEntryType=&amp;catalogId=10576&amp;pageView=&amp;minPrice=&amp;urlLangId=-1&amp;categoryId=381126&amp;storeId=10601&quot;,&quot;name&quot;:&quot;Poultry&quot;,&quot;count&quot;:&quot;8&quot;,&quot;className&quot;:&quot;&quot;},{&quot;url&quot;:&quot;http://shop.coles.com.au/online/SearchDisplay?searchTermScope=&amp;multiSearch=&amp;searchType=2&amp;maxPrice=&amp;showResultsPage=true&amp;langId=-1&amp;beginIndex=0&amp;sType=SimpleSearch&amp;browseView=true&amp;metaData=&amp;manufacturer=&amp;resultCatEntryType=&amp;catalogId=10576&amp;pageView=&amp;minPrice=&amp;urlLangId=-1&amp;categoryId=381137&amp;storeId=10601&quot;,&quot;name&quot;:&quot;Salami&quot;,&quot;count&quot;:&quot;27&quot;,&quot;className&quot;:&quot;&quot;},{&quot;url&quot;:&quot;http://shop.coles.com.au/online/SearchDisplay?searchTermScope=&amp;multiSearch=&amp;searchType=2&amp;maxPrice=&amp;showResultsPage=true&amp;langId=-1&amp;beginIndex=0&amp;sType=SimpleSearch&amp;browseView=true&amp;metaData=&amp;manufacturer=&amp;resultCatEntryType=&amp;catalogId=10576&amp;pageView=&amp;minPrice=&amp;urlLangId=-1&amp;categoryId=453557&amp;storeId=10601&quot;,&quot;name&quot;:&quot;Mussels &amp; Scallops&quot;,&quot;count&quot;:&quot;4&quot;,&quot;className&quot;:&quot;&quot;},{&quot;url&quot;:&quot;http://shop.coles.com.au/online/SearchDisplay?searchTermScope=&amp;multiSearch=&amp;searchType=2&amp;maxPrice=&amp;showResultsPage=true&amp;langId=-1&amp;beginIndex=0&amp;sType=SimpleSearch&amp;browseView=true&amp;metaData=&amp;manufacturer=&amp;resultCatEntryType=&amp;catalogId=10576&amp;pageView=&amp;minPrice=&amp;urlLangId=-1&amp;categoryId=453615&amp;storeId=10601&quot;,&quot;name&quot;:&quot;Oysters&quot;,&quot;count&quot;:&quot;1&quot;,&quot;className&quot;:&quot;&quot;},{&quot;url&quot;:&quot;http://shop.coles.com.au/online/SearchDisplay?searchTermScope=&amp;multiSearch=&amp;searchType=2&amp;maxPrice=&amp;showResultsPage=true&amp;langId=-1&amp;beginIndex=0&amp;sType=SimpleSearch&amp;browseView=true&amp;metaData=&amp;manufacturer=&amp;resultCatEntryType=&amp;catalogId=10576&amp;pageView=&amp;minPrice=&amp;urlLangId=-1&amp;categoryId=456636&amp;storeId=10601&quot;,&quot;name&quot;:&quot;Smoked Salmon&quot;,&quot;count&quot;:&quot;20&quot;,&quot;className&quot;:&quot;&quot;},{&quot;url&quot;:&quot;http://shop.coles.com.au/online/SearchDisplay?searchTermScope=&amp;multiSearch=&amp;searchType=2&amp;maxPrice=&amp;showResultsPage=true&amp;langId=-1&amp;beginIndex=0&amp;sType=SimpleSearch&amp;browseView=true&amp;metaData=&amp;manufacturer=&amp;resultCatEntryType=&amp;catalogId=10576&amp;pageView=&amp;minPrice=&amp;urlLangId=-1&amp;categoryId=456641&amp;storeId=10601&quot;,&quot;name&quot;:&quot;Prepacked Seafood&quot;,&quot;count&quot;:&quot;26&quot;,&quot;className&quot;:&quot;&quot;},{&quot;url&quot;:&quot;http://shop.coles.com.au/online/SearchDisplay?searchTermScope=&amp;multiSearch=&amp;searchType=2&amp;maxPrice=&amp;showResultsPage=true&amp;langId=-1&amp;beginIndex=0&amp;sType=SimpleSearch&amp;browseView=true&amp;metaData=&amp;manufacturer=&amp;resultCatEntryType=&amp;catalogId=10576&amp;pageView=&amp;minPrice=&amp;urlLangId=-1&amp;categoryId=976551&amp;storeId=10601&quot;,&quot;name&quot;:&quot;Salads&quot;,&quot;count&quot;:&quot;28&quot;,&quot;className&quot;:&quot;&quot;}]}" title="View other types">+  view 28 other types</a></li>
	     		
    		</ul>
		</li>
		
		<li role="presentation">
			<h3>Brand</h3>
			
					<a class="2" href="http://shop.coles.com.au/online/SearchDisplay?multiSearch=&amp;showResultsPage=true&amp;langId=-1&amp;beginIndex=100&amp;sType=SimpleSearch&amp;browseView=true&amp;pageSize=100&amp;resultCatEntryType=&amp;catalogId=10576&amp;pageView=image&amp;urlLangId=-1&amp;categoryId=25583&amp;storeId=10601" name="type-Brand" title=""><span class="cat-facet">Show all</span>&nbsp;<span role="presentation" aria-hidden="true" class="cat-count">(997)</span><span class="cat-count accessibility">(997items)</span></a>
				
  			<ul>
	     		
							<li>
								
										<a href="http://shop.coles.com.au/online/SearchDisplay?searchTermScope=&amp;multiSearch=&amp;searchType=2&amp;maxPrice=&amp;showResultsPage=true&amp;langId=-1&amp;beginIndex=0&amp;sType=SimpleSearch&amp;metaData=&amp;browseView=true&amp;manufacturer=&amp;resultCatEntryType=&amp;catalogId=10576&amp;pageView=&amp;facet=mfName_ntk_cs%253ABBQ&amp;minPrice=&amp;categoryId=25583&amp;storeId=10601" name="type-Brand" title=""><span class="cat-facet">BBQ</span>&nbsp;<span role="presentation" aria-hidden="true" class="cat-count">(1)</span><span class="cat-count accessibility">(1items)</span></a>
									
							</li>
			     		
							<li>
								
										<a href="http://shop.coles.com.au/online/SearchDisplay?searchTermScope=&amp;multiSearch=&amp;searchType=2&amp;maxPrice=&amp;showResultsPage=true&amp;langId=-1&amp;beginIndex=0&amp;sType=SimpleSearch&amp;metaData=&amp;browseView=true&amp;manufacturer=&amp;resultCatEntryType=&amp;catalogId=10576&amp;pageView=&amp;facet=mfName_ntk_cs%253ABeretta&amp;minPrice=&amp;categoryId=25583&amp;storeId=10601" name="type-Brand" title=""><span class="cat-facet">Beretta</span>&nbsp;<span role="presentation" aria-hidden="true" class="cat-count">(1)</span><span class="cat-count accessibility">(1items)</span></a>
									
							</li>
			     		
							<li>
								
										<a href="http://shop.coles.com.au/online/SearchDisplay?searchTermScope=&amp;multiSearch=&amp;searchType=2&amp;maxPrice=&amp;showResultsPage=true&amp;langId=-1&amp;beginIndex=0&amp;sType=SimpleSearch&amp;metaData=&amp;browseView=true&amp;manufacturer=&amp;resultCatEntryType=&amp;catalogId=10576&amp;pageView=&amp;facet=mfName_ntk_cs%253ABertocchi&amp;minPrice=&amp;categoryId=25583&amp;storeId=10601" name="type-Brand" title=""><span class="cat-facet">Bertocchi</span>&nbsp;<span role="presentation" aria-hidden="true" class="cat-count">(5)</span><span class="cat-count accessibility">(5items)</span></a>
									
							</li>
			     		
							<li>
								
										<a href="http://shop.coles.com.au/online/SearchDisplay?searchTermScope=&amp;multiSearch=&amp;searchType=2&amp;maxPrice=&amp;showResultsPage=true&amp;langId=-1&amp;beginIndex=0&amp;sType=SimpleSearch&amp;metaData=&amp;browseView=true&amp;manufacturer=&amp;resultCatEntryType=&amp;catalogId=10576&amp;pageView=&amp;facet=mfName_ntk_cs%253ABertocchi%2BBrothers&amp;minPrice=&amp;categoryId=25583&amp;storeId=10601" name="type-Brand" title=""><span class="cat-facet">Bertocchi Brothers</span>&nbsp;<span role="presentation" aria-hidden="true" class="cat-count">(4)</span><span class="cat-count accessibility">(4items)</span></a>
									
							</li>
			     		
							<li>
								
										<a href="http://shop.coles.com.au/online/SearchDisplay?searchTermScope=&amp;multiSearch=&amp;searchType=2&amp;maxPrice=&amp;showResultsPage=true&amp;langId=-1&amp;beginIndex=0&amp;sType=SimpleSearch&amp;metaData=&amp;browseView=true&amp;manufacturer=&amp;resultCatEntryType=&amp;catalogId=10576&amp;pageView=&amp;facet=mfName_ntk_cs%253ABlack%2BSwan&amp;minPrice=&amp;categoryId=25583&amp;storeId=10601" name="type-Brand" title=""><span class="cat-facet">Black Swan</span>&nbsp;<span role="presentation" aria-hidden="true" class="cat-count">(38)</span><span class="cat-count accessibility">(38items)</span></a>
									
							</li>
			     		
							<li>
								
										<a href="http://shop.coles.com.au/online/SearchDisplay?searchTermScope=&amp;multiSearch=&amp;searchType=2&amp;maxPrice=&amp;showResultsPage=true&amp;langId=-1&amp;beginIndex=0&amp;sType=SimpleSearch&amp;metaData=&amp;browseView=true&amp;manufacturer=&amp;resultCatEntryType=&amp;catalogId=10576&amp;pageView=&amp;facet=mfName_ntk_cs%253ABritish%2BSausage%2BCo.&amp;minPrice=&amp;categoryId=25583&amp;storeId=10601" name="type-Brand" title=""><span class="cat-facet">British Sausage Co.</span>&nbsp;<span role="presentation" aria-hidden="true" class="cat-count">(2)</span><span class="cat-count accessibility">(2items)</span></a>
									
							</li>
			     		
							<li>
								
										<a href="http://shop.coles.com.au/online/SearchDisplay?searchTermScope=&amp;multiSearch=&amp;searchType=2&amp;maxPrice=&amp;showResultsPage=true&amp;langId=-1&amp;beginIndex=0&amp;sType=SimpleSearch&amp;metaData=&amp;browseView=true&amp;manufacturer=&amp;resultCatEntryType=&amp;catalogId=10576&amp;pageView=&amp;facet=mfName_ntk_cs%253ACanon%2BFoods&amp;minPrice=&amp;categoryId=25583&amp;storeId=10601" name="type-Brand" title=""><span class="cat-facet">Canon Foods</span>&nbsp;<span role="presentation" aria-hidden="true" class="cat-count">(3)</span><span class="cat-count accessibility">(3items)</span></a>
									
							</li>
			     		
							<li>
								
										<a href="http://shop.coles.com.au/online/SearchDisplay?searchTermScope=&amp;multiSearch=&amp;searchType=2&amp;maxPrice=&amp;showResultsPage=true&amp;langId=-1&amp;beginIndex=0&amp;sType=SimpleSearch&amp;metaData=&amp;browseView=true&amp;manufacturer=&amp;resultCatEntryType=&amp;catalogId=10576&amp;pageView=&amp;facet=mfName_ntk_cs%253ACastello&amp;minPrice=&amp;categoryId=25583&amp;storeId=10601" name="type-Brand" title=""><span class="cat-facet">Castello</span>&nbsp;<span role="presentation" aria-hidden="true" class="cat-count">(1)</span><span class="cat-count accessibility">(1items)</span></a>
									
							</li>
			     		
							<li>
								
										<a href="http://shop.coles.com.au/online/SearchDisplay?searchTermScope=&amp;multiSearch=&amp;searchType=2&amp;maxPrice=&amp;showResultsPage=true&amp;langId=-1&amp;beginIndex=0&amp;sType=SimpleSearch&amp;metaData=&amp;browseView=true&amp;manufacturer=&amp;resultCatEntryType=&amp;catalogId=10576&amp;pageView=&amp;facet=mfName_ntk_cs%253AChrystal%2BFresh&amp;minPrice=&amp;categoryId=25583&amp;storeId=10601" name="type-Brand" title=""><span class="cat-facet">Chrystal Fresh</span>&nbsp;<span role="presentation" aria-hidden="true" class="cat-count">(2)</span><span class="cat-count accessibility">(2items)</span></a>
									
							</li>
			     		
							<li>
								
										<a href="http://shop.coles.com.au/online/SearchDisplay?searchTermScope=&amp;multiSearch=&amp;searchType=2&amp;maxPrice=&amp;showResultsPage=true&amp;langId=-1&amp;beginIndex=0&amp;sType=SimpleSearch&amp;metaData=&amp;browseView=true&amp;manufacturer=&amp;resultCatEntryType=&amp;catalogId=10576&amp;pageView=&amp;facet=mfName_ntk_cs%253ACleavers&amp;minPrice=&amp;categoryId=25583&amp;storeId=10601" name="type-Brand" title=""><span class="cat-facet">Cleavers</span>&nbsp;<span role="presentation" aria-hidden="true" class="cat-count">(2)</span><span class="cat-count accessibility">(2items)</span></a>
									
							</li>
			     		
				<li><a href="#" class="more" data-hidden-facets="{&quot;type&quot;:&quot;Brand&quot;,&quot;facets&quot;:[{&quot;url&quot;:&quot;http://shop.coles.com.au/online/SearchDisplay?searchTermScope=&amp;multiSearch=&amp;searchType=2&amp;maxPrice=&amp;showResultsPage=true&amp;langId=-1&amp;beginIndex=0&amp;sType=SimpleSearch&amp;metaData=&amp;browseView=true&amp;manufacturer=&amp;resultCatEntryType=&amp;catalogId=10576&amp;pageView=&amp;facet=mfName_ntk_cs%253ACleavers%2BOrganic&amp;minPrice=&amp;categoryId=25583&amp;storeId=10601&quot;,&quot;name&quot;:&quot;Cleavers Organic&quot;,&quot;count&quot;:&quot;16&quot;,&quot;className&quot;:&quot;&quot;},{&quot;url&quot;:&quot;http://shop.coles.com.au/online/SearchDisplay?searchTermScope=&amp;multiSearch=&amp;searchType=2&amp;maxPrice=&amp;showResultsPage=true&amp;langId=-1&amp;beginIndex=0&amp;sType=SimpleSearch&amp;metaData=&amp;browseView=true&amp;manufacturer=&amp;resultCatEntryType=&amp;catalogId=10576&amp;pageView=&amp;facet=mfName_ntk_cs%253AColes&amp;minPrice=&amp;categoryId=25583&amp;storeId=10601&quot;,&quot;name&quot;:&quot;Coles&quot;,&quot;count&quot;:&quot;219&quot;,&quot;className&quot;:&quot;&quot;},{&quot;url&quot;:&quot;http://shop.coles.com.au/online/SearchDisplay?searchTermScope=&amp;multiSearch=&amp;searchType=2&amp;maxPrice=&amp;showResultsPage=true&amp;langId=-1&amp;beginIndex=0&amp;sType=SimpleSearch&amp;metaData=&amp;browseView=true&amp;manufacturer=&amp;resultCatEntryType=&amp;catalogId=10576&amp;pageView=&amp;facet=mfName_ntk_cs%253AColes%2BBeef&amp;minPrice=&amp;categoryId=25583&amp;storeId=10601&quot;,&quot;name&quot;:&quot;Coles Beef&quot;,&quot;count&quot;:&quot;1&quot;,&quot;className&quot;:&quot;&quot;},{&quot;url&quot;:&quot;http://shop.coles.com.au/online/SearchDisplay?searchTermScope=&amp;multiSearch=&amp;searchType=2&amp;maxPrice=&amp;showResultsPage=true&amp;langId=-1&amp;beginIndex=0&amp;sType=SimpleSearch&amp;metaData=&amp;browseView=true&amp;manufacturer=&amp;resultCatEntryType=&amp;catalogId=10576&amp;pageView=&amp;facet=mfName_ntk_cs%253AColes%2BDeli&amp;minPrice=&amp;categoryId=25583&amp;storeId=10601&quot;,&quot;name&quot;:&quot;Coles Deli&quot;,&quot;count&quot;:&quot;225&quot;,&quot;className&quot;:&quot;&quot;},{&quot;url&quot;:&quot;http://shop.coles.com.au/online/SearchDisplay?searchTermScope=&amp;multiSearch=&amp;searchType=2&amp;maxPrice=&amp;showResultsPage=true&amp;langId=-1&amp;beginIndex=0&amp;sType=SimpleSearch&amp;metaData=&amp;browseView=true&amp;manufacturer=&amp;resultCatEntryType=&amp;catalogId=10576&amp;pageView=&amp;facet=mfName_ntk_cs%253AColes%2BFinest&amp;minPrice=&amp;categoryId=25583&amp;storeId=10601&quot;,&quot;name&quot;:&quot;Coles Finest&quot;,&quot;count&quot;:&quot;23&quot;,&quot;className&quot;:&quot;&quot;},{&quot;url&quot;:&quot;http://shop.coles.com.au/online/SearchDisplay?searchTermScope=&amp;multiSearch=&amp;searchType=2&amp;maxPrice=&amp;showResultsPage=true&amp;langId=-1&amp;beginIndex=0&amp;sType=SimpleSearch&amp;metaData=&amp;browseView=true&amp;manufacturer=&amp;resultCatEntryType=&amp;catalogId=10576&amp;pageView=&amp;facet=mfName_ntk_cs%253AColes%2BGrill&amp;minPrice=&amp;categoryId=25583&amp;storeId=10601&quot;,&quot;name&quot;:&quot;Coles Grill&quot;,&quot;count&quot;:&quot;20&quot;,&quot;className&quot;:&quot;&quot;},{&quot;url&quot;:&quot;http://shop.coles.com.au/online/SearchDisplay?searchTermScope=&amp;multiSearch=&amp;searchType=2&amp;maxPrice=&amp;showResultsPage=true&amp;langId=-1&amp;beginIndex=0&amp;sType=SimpleSearch&amp;metaData=&amp;browseView=true&amp;manufacturer=&amp;resultCatEntryType=&amp;catalogId=10576&amp;pageView=&amp;facet=mfName_ntk_cs%253AColes%2BMade%2BEasy&amp;minPrice=&amp;categoryId=25583&amp;storeId=10601&quot;,&quot;name&quot;:&quot;Coles Made Easy&quot;,&quot;count&quot;:&quot;15&quot;,&quot;className&quot;:&quot;&quot;},{&quot;url&quot;:&quot;http://shop.coles.com.au/online/SearchDisplay?searchTermScope=&amp;multiSearch=&amp;searchType=2&amp;maxPrice=&amp;showResultsPage=true&amp;langId=-1&amp;beginIndex=0&amp;sType=SimpleSearch&amp;metaData=&amp;browseView=true&amp;manufacturer=&amp;resultCatEntryType=&amp;catalogId=10576&amp;pageView=&amp;facet=mfName_ntk_cs%253AColes%2BMade%2BEasy%2BSlow%2BCook&amp;minPrice=&amp;categoryId=25583&amp;storeId=10601&quot;,&quot;name&quot;:&quot;Coles Made Easy Slow Cook&quot;,&quot;count&quot;:&quot;1&quot;,&quot;className&quot;:&quot;&quot;},{&quot;url&quot;:&quot;http://shop.coles.com.au/online/SearchDisplay?searchTermScope=&amp;multiSearch=&amp;searchType=2&amp;maxPrice=&amp;showResultsPage=true&amp;langId=-1&amp;beginIndex=0&amp;sType=SimpleSearch&amp;metaData=&amp;browseView=true&amp;manufacturer=&amp;resultCatEntryType=&amp;catalogId=10576&amp;pageView=&amp;facet=mfName_ntk_cs%253AColes%2BOnline&amp;minPrice=&amp;categoryId=25583&amp;storeId=10601&quot;,&quot;name&quot;:&quot;Coles Online&quot;,&quot;count&quot;:&quot;1&quot;,&quot;className&quot;:&quot;&quot;},{&quot;url&quot;:&quot;http://shop.coles.com.au/online/SearchDisplay?searchTermScope=&amp;multiSearch=&amp;searchType=2&amp;maxPrice=&amp;showResultsPage=true&amp;langId=-1&amp;beginIndex=0&amp;sType=SimpleSearch&amp;metaData=&amp;browseView=true&amp;manufacturer=&amp;resultCatEntryType=&amp;catalogId=10576&amp;pageView=&amp;facet=mfName_ntk_cs%253AColes%2BSimply%2BLess&amp;minPrice=&amp;categoryId=25583&amp;storeId=10601&quot;,&quot;name&quot;:&quot;Coles Simply Less&quot;,&quot;count&quot;:&quot;6&quot;,&quot;className&quot;:&quot;&quot;},{&quot;url&quot;:&quot;http://shop.coles.com.au/online/SearchDisplay?searchTermScope=&amp;multiSearch=&amp;searchType=2&amp;maxPrice=&amp;showResultsPage=true&amp;langId=-1&amp;beginIndex=0&amp;sType=SimpleSearch&amp;metaData=&amp;browseView=true&amp;manufacturer=&amp;resultCatEntryType=&amp;catalogId=10576&amp;pageView=&amp;facet=mfName_ntk_cs%253AColes%2BSmart%2BBuy&amp;minPrice=&amp;categoryId=25583&amp;storeId=10601&quot;,&quot;name&quot;:&quot;Coles Smart Buy&quot;,&quot;count&quot;:&quot;5&quot;,&quot;className&quot;:&quot;&quot;},{&quot;url&quot;:&quot;http://shop.coles.com.au/online/SearchDisplay?searchTermScope=&amp;multiSearch=&amp;searchType=2&amp;maxPrice=&amp;showResultsPage=true&amp;langId=-1&amp;beginIndex=0&amp;sType=SimpleSearch&amp;metaData=&amp;browseView=true&amp;manufacturer=&amp;resultCatEntryType=&amp;catalogId=10576&amp;pageView=&amp;facet=mfName_ntk_cs%253AContinental%2BKosher&amp;minPrice=&amp;categoryId=25583&amp;storeId=10601&quot;,&quot;name&quot;:&quot;Continental Kosher&quot;,&quot;count&quot;:&quot;35&quot;,&quot;className&quot;:&quot;&quot;},{&quot;url&quot;:&quot;http://shop.coles.com.au/online/SearchDisplay?searchTermScope=&amp;multiSearch=&amp;searchType=2&amp;maxPrice=&amp;showResultsPage=true&amp;langId=-1&amp;beginIndex=0&amp;sType=SimpleSearch&amp;metaData=&amp;browseView=true&amp;manufacturer=&amp;resultCatEntryType=&amp;catalogId=10576&amp;pageView=&amp;facet=mfName_ntk_cs%253ACordina&amp;minPrice=&amp;categoryId=25583&amp;storeId=10601&quot;,&quot;name&quot;:&quot;Cordina&quot;,&quot;count&quot;:&quot;1&quot;,&quot;className&quot;:&quot;&quot;},{&quot;url&quot;:&quot;http://shop.coles.com.au/online/SearchDisplay?searchTermScope=&amp;multiSearch=&amp;searchType=2&amp;maxPrice=&amp;showResultsPage=true&amp;langId=-1&amp;beginIndex=0&amp;sType=SimpleSearch&amp;metaData=&amp;browseView=true&amp;manufacturer=&amp;resultCatEntryType=&amp;catalogId=10576&amp;pageView=&amp;facet=mfName_ntk_cs%253AD%2527orsogna&amp;minPrice=&amp;categoryId=25583&amp;storeId=10601&quot;,&quot;name&quot;:&quot;D'orsogna&quot;,&quot;count&quot;:&quot;2&quot;,&quot;className&quot;:&quot;&quot;},{&quot;url&quot;:&quot;http://shop.coles.com.au/online/SearchDisplay?searchTermScope=&amp;multiSearch=&amp;searchType=2&amp;maxPrice=&amp;showResultsPage=true&amp;langId=-1&amp;beginIndex=0&amp;sType=SimpleSearch&amp;metaData=&amp;browseView=true&amp;manufacturer=&amp;resultCatEntryType=&amp;catalogId=10576&amp;pageView=&amp;facet=mfName_ntk_cs%253ADandy&amp;minPrice=&amp;categoryId=25583&amp;storeId=10601&quot;,&quot;name&quot;:&quot;Dandy&quot;,&quot;count&quot;:&quot;4&quot;,&quot;className&quot;:&quot;&quot;},{&quot;url&quot;:&quot;http://shop.coles.com.au/online/SearchDisplay?searchTermScope=&amp;multiSearch=&amp;searchType=2&amp;maxPrice=&amp;showResultsPage=true&amp;langId=-1&amp;beginIndex=0&amp;sType=SimpleSearch&amp;metaData=&amp;browseView=true&amp;manufacturer=&amp;resultCatEntryType=&amp;catalogId=10576&amp;pageView=&amp;facet=mfName_ntk_cs%253ADari%2527s%2BTable&amp;minPrice=&amp;categoryId=25583&amp;storeId=10601&quot;,&quot;name&quot;:&quot;Dari's Table&quot;,&quot;count&quot;:&quot;6&quot;,&quot;className&quot;:&quot;&quot;},{&quot;url&quot;:&quot;http://shop.coles.com.au/online/SearchDisplay?searchTermScope=&amp;multiSearch=&amp;searchType=2&amp;maxPrice=&amp;showResultsPage=true&amp;langId=-1&amp;beginIndex=0&amp;sType=SimpleSearch&amp;metaData=&amp;browseView=true&amp;manufacturer=&amp;resultCatEntryType=&amp;catalogId=10576&amp;pageView=&amp;facet=mfName_ntk_cs%253ADelre&amp;minPrice=&amp;categoryId=25583&amp;storeId=10601&quot;,&quot;name&quot;:&quot;Delre&quot;,&quot;count&quot;:&quot;1&quot;,&quot;className&quot;:&quot;&quot;},{&quot;url&quot;:&quot;http://shop.coles.com.au/online/SearchDisplay?searchTermScope=&amp;multiSearch=&amp;searchType=2&amp;maxPrice=&amp;showResultsPage=true&amp;langId=-1&amp;beginIndex=0&amp;sType=SimpleSearch&amp;metaData=&amp;browseView=true&amp;manufacturer=&amp;resultCatEntryType=&amp;catalogId=10576&amp;pageView=&amp;facet=mfName_ntk_cs%253ADon&amp;minPrice=&amp;categoryId=25583&amp;storeId=10601&quot;,&quot;name&quot;:&quot;Don&quot;,&quot;count&quot;:&quot;23&quot;,&quot;className&quot;:&quot;&quot;},{&quot;url&quot;:&quot;http://shop.coles.com.au/online/SearchDisplay?searchTermScope=&amp;multiSearch=&amp;searchType=2&amp;maxPrice=&amp;showResultsPage=true&amp;langId=-1&amp;beginIndex=0&amp;sType=SimpleSearch&amp;metaData=&amp;browseView=true&amp;manufacturer=&amp;resultCatEntryType=&amp;catalogId=10576&amp;pageView=&amp;facet=mfName_ntk_cs%253ADorsogna&amp;minPrice=&amp;categoryId=25583&amp;storeId=10601&quot;,&quot;name&quot;:&quot;Dorsogna&quot;,&quot;count&quot;:&quot;1&quot;,&quot;className&quot;:&quot;&quot;},{&quot;url&quot;:&quot;http://shop.coles.com.au/online/SearchDisplay?searchTermScope=&amp;multiSearch=&amp;searchType=2&amp;maxPrice=&amp;showResultsPage=true&amp;langId=-1&amp;beginIndex=0&amp;sType=SimpleSearch&amp;metaData=&amp;browseView=true&amp;manufacturer=&amp;resultCatEntryType=&amp;catalogId=10576&amp;pageView=&amp;facet=mfName_ntk_cs%253AEskal&amp;minPrice=&amp;categoryId=25583&amp;storeId=10601&quot;,&quot;name&quot;:&quot;Eskal&quot;,&quot;count&quot;:&quot;11&quot;,&quot;className&quot;:&quot;&quot;},{&quot;url&quot;:&quot;http://shop.coles.com.au/online/SearchDisplay?searchTermScope=&amp;multiSearch=&amp;searchType=2&amp;maxPrice=&amp;showResultsPage=true&amp;langId=-1&amp;beginIndex=0&amp;sType=SimpleSearch&amp;metaData=&amp;browseView=true&amp;manufacturer=&amp;resultCatEntryType=&amp;catalogId=10576&amp;pageView=&amp;facet=mfName_ntk_cs%253AFarm%2BFoods&amp;minPrice=&amp;categoryId=25583&amp;storeId=10601&quot;,&quot;name&quot;:&quot;Farm Foods&quot;,&quot;count&quot;:&quot;7&quot;,&quot;className&quot;:&quot;&quot;},{&quot;url&quot;:&quot;http://shop.coles.com.au/online/SearchDisplay?searchTermScope=&amp;multiSearch=&amp;searchType=2&amp;maxPrice=&amp;showResultsPage=true&amp;langId=-1&amp;beginIndex=0&amp;sType=SimpleSearch&amp;metaData=&amp;browseView=true&amp;manufacturer=&amp;resultCatEntryType=&amp;catalogId=10576&amp;pageView=&amp;facet=mfName_ntk_cs%253AFremantle&amp;minPrice=&amp;categoryId=25583&amp;storeId=10601&quot;,&quot;name&quot;:&quot;Fremantle&quot;,&quot;count&quot;:&quot;1&quot;,&quot;className&quot;:&quot;&quot;},{&quot;url&quot;:&quot;http://shop.coles.com.au/online/SearchDisplay?searchTermScope=&amp;multiSearch=&amp;searchType=2&amp;maxPrice=&amp;showResultsPage=true&amp;langId=-1&amp;beginIndex=0&amp;sType=SimpleSearch&amp;metaData=&amp;browseView=true&amp;manufacturer=&amp;resultCatEntryType=&amp;catalogId=10576&amp;pageView=&amp;facet=mfName_ntk_cs%253AGame%2BFarm&amp;minPrice=&amp;categoryId=25583&amp;storeId=10601&quot;,&quot;name&quot;:&quot;Game Farm&quot;,&quot;count&quot;:&quot;2&quot;,&quot;className&quot;:&quot;&quot;},{&quot;url&quot;:&quot;http://shop.coles.com.au/online/SearchDisplay?searchTermScope=&amp;multiSearch=&amp;searchType=2&amp;maxPrice=&amp;showResultsPage=true&amp;langId=-1&amp;beginIndex=0&amp;sType=SimpleSearch&amp;metaData=&amp;browseView=true&amp;manufacturer=&amp;resultCatEntryType=&amp;catalogId=10576&amp;pageView=&amp;facet=mfName_ntk_cs%253AGourmet%2BBrands&amp;minPrice=&amp;categoryId=25583&amp;storeId=10601&quot;,&quot;name&quot;:&quot;Gourmet Brands&quot;,&quot;count&quot;:&quot;2&quot;,&quot;className&quot;:&quot;&quot;},{&quot;url&quot;:&quot;http://shop.coles.com.au/online/SearchDisplay?searchTermScope=&amp;multiSearch=&amp;searchType=2&amp;maxPrice=&amp;showResultsPage=true&amp;langId=-1&amp;beginIndex=0&amp;sType=SimpleSearch&amp;metaData=&amp;browseView=true&amp;manufacturer=&amp;resultCatEntryType=&amp;catalogId=10576&amp;pageView=&amp;facet=mfName_ntk_cs%253AGraze&amp;minPrice=&amp;categoryId=25583&amp;storeId=10601&quot;,&quot;name&quot;:&quot;Graze&quot;,&quot;count&quot;:&quot;6&quot;,&quot;className&quot;:&quot;&quot;},{&quot;url&quot;:&quot;http://shop.coles.com.au/online/SearchDisplay?searchTermScope=&amp;multiSearch=&amp;searchType=2&amp;maxPrice=&amp;showResultsPage=true&amp;langId=-1&amp;beginIndex=0&amp;sType=SimpleSearch&amp;metaData=&amp;browseView=true&amp;manufacturer=&amp;resultCatEntryType=&amp;catalogId=10576&amp;pageView=&amp;facet=mfName_ntk_cs%253AHans&amp;minPrice=&amp;categoryId=25583&amp;storeId=10601&quot;,&quot;name&quot;:&quot;Hans&quot;,&quot;count&quot;:&quot;2&quot;,&quot;className&quot;:&quot;&quot;},{&quot;url&quot;:&quot;http://shop.coles.com.au/online/SearchDisplay?searchTermScope=&amp;multiSearch=&amp;searchType=2&amp;maxPrice=&amp;showResultsPage=true&amp;langId=-1&amp;beginIndex=0&amp;sType=SimpleSearch&amp;metaData=&amp;browseView=true&amp;manufacturer=&amp;resultCatEntryType=&amp;catalogId=10576&amp;pageView=&amp;facet=mfName_ntk_cs%253AHans%2BO%2BLiving&amp;minPrice=&amp;categoryId=25583&amp;storeId=10601&quot;,&quot;name&quot;:&quot;Hans O Living&quot;,&quot;count&quot;:&quot;13&quot;,&quot;className&quot;:&quot;&quot;},{&quot;url&quot;:&quot;http://shop.coles.com.au/online/SearchDisplay?searchTermScope=&amp;multiSearch=&amp;searchType=2&amp;maxPrice=&amp;showResultsPage=true&amp;langId=-1&amp;beginIndex=0&amp;sType=SimpleSearch&amp;metaData=&amp;browseView=true&amp;manufacturer=&amp;resultCatEntryType=&amp;catalogId=10576&amp;pageView=&amp;facet=mfName_ntk_cs%253AHeston%2BFor%2BColes&amp;minPrice=&amp;categoryId=25583&amp;storeId=10601&quot;,&quot;name&quot;:&quot;Heston For Coles&quot;,&quot;count&quot;:&quot;12&quot;,&quot;className&quot;:&quot;&quot;},{&quot;url&quot;:&quot;http://shop.coles.com.au/online/SearchDisplay?searchTermScope=&amp;multiSearch=&amp;searchType=2&amp;maxPrice=&amp;showResultsPage=true&amp;langId=-1&amp;beginIndex=0&amp;sType=SimpleSearch&amp;metaData=&amp;browseView=true&amp;manufacturer=&amp;resultCatEntryType=&amp;catalogId=10576&amp;pageView=&amp;facet=mfName_ntk_cs%253AHolland%2BHouse&amp;minPrice=&amp;categoryId=25583&amp;storeId=10601&quot;,&quot;name&quot;:&quot;Holland House&quot;,&quot;count&quot;:&quot;1&quot;,&quot;className&quot;:&quot;&quot;},{&quot;url&quot;:&quot;http://shop.coles.com.au/online/SearchDisplay?searchTermScope=&amp;multiSearch=&amp;searchType=2&amp;maxPrice=&amp;showResultsPage=true&amp;langId=-1&amp;beginIndex=0&amp;sType=SimpleSearch&amp;metaData=&amp;browseView=true&amp;manufacturer=&amp;resultCatEntryType=&amp;catalogId=10576&amp;pageView=&amp;facet=mfName_ntk_cs%253AHopkins%2BRiver&amp;minPrice=&amp;categoryId=25583&amp;storeId=10601&quot;,&quot;name&quot;:&quot;Hopkins River&quot;,&quot;count&quot;:&quot;2&quot;,&quot;className&quot;:&quot;&quot;},{&quot;url&quot;:&quot;http://shop.coles.com.au/online/SearchDisplay?searchTermScope=&amp;multiSearch=&amp;searchType=2&amp;maxPrice=&amp;showResultsPage=true&amp;langId=-1&amp;beginIndex=0&amp;sType=SimpleSearch&amp;metaData=&amp;browseView=true&amp;manufacturer=&amp;resultCatEntryType=&amp;catalogId=10576&amp;pageView=&amp;facet=mfName_ntk_cs%253AHuon&amp;minPrice=&amp;categoryId=25583&amp;storeId=10601&quot;,&quot;name&quot;:&quot;Huon&quot;,&quot;count&quot;:&quot;1&quot;,&quot;className&quot;:&quot;&quot;},{&quot;url&quot;:&quot;http://shop.coles.com.au/online/SearchDisplay?searchTermScope=&amp;multiSearch=&amp;searchType=2&amp;maxPrice=&amp;showResultsPage=true&amp;langId=-1&amp;beginIndex=0&amp;sType=SimpleSearch&amp;metaData=&amp;browseView=true&amp;manufacturer=&amp;resultCatEntryType=&amp;catalogId=10576&amp;pageView=&amp;facet=mfName_ntk_cs%253AIngham&amp;minPrice=&amp;categoryId=25583&amp;storeId=10601&quot;,&quot;name&quot;:&quot;Ingham&quot;,&quot;count&quot;:&quot;1&quot;,&quot;className&quot;:&quot;&quot;},{&quot;url&quot;:&quot;http://shop.coles.com.au/online/SearchDisplay?searchTermScope=&amp;multiSearch=&amp;searchType=2&amp;maxPrice=&amp;showResultsPage=true&amp;langId=-1&amp;beginIndex=0&amp;sType=SimpleSearch&amp;metaData=&amp;browseView=true&amp;manufacturer=&amp;resultCatEntryType=&amp;catalogId=10576&amp;pageView=&amp;facet=mfName_ntk_cs%253AInglewood%2BFarms&amp;minPrice=&amp;categoryId=25583&amp;storeId=10601&quot;,&quot;name&quot;:&quot;Inglewood Farms&quot;,&quot;count&quot;:&quot;5&quot;,&quot;className&quot;:&quot;&quot;},{&quot;url&quot;:&quot;http://shop.coles.com.au/online/SearchDisplay?searchTermScope=&amp;multiSearch=&amp;searchType=2&amp;maxPrice=&amp;showResultsPage=true&amp;langId=-1&amp;beginIndex=0&amp;sType=SimpleSearch&amp;metaData=&amp;browseView=true&amp;manufacturer=&amp;resultCatEntryType=&amp;catalogId=10576&amp;pageView=&amp;facet=mfName_ntk_cs%253AJohn%2BWest&amp;minPrice=&amp;categoryId=25583&amp;storeId=10601&quot;,&quot;name&quot;:&quot;John West&quot;,&quot;count&quot;:&quot;8&quot;,&quot;className&quot;:&quot;&quot;},{&quot;url&quot;:&quot;http://shop.coles.com.au/online/SearchDisplay?searchTermScope=&amp;multiSearch=&amp;searchType=2&amp;maxPrice=&amp;showResultsPage=true&amp;langId=-1&amp;beginIndex=0&amp;sType=SimpleSearch&amp;metaData=&amp;browseView=true&amp;manufacturer=&amp;resultCatEntryType=&amp;catalogId=10576&amp;pageView=&amp;facet=mfName_ntk_cs%253AJust%2BEntree&amp;minPrice=&amp;categoryId=25583&amp;storeId=10601&quot;,&quot;name&quot;:&quot;Just Entree&quot;,&quot;count&quot;:&quot;3&quot;,&quot;className&quot;:&quot;&quot;},{&quot;url&quot;:&quot;http://shop.coles.com.au/online/SearchDisplay?searchTermScope=&amp;multiSearch=&amp;searchType=2&amp;maxPrice=&amp;showResultsPage=true&amp;langId=-1&amp;beginIndex=0&amp;sType=SimpleSearch&amp;metaData=&amp;browseView=true&amp;manufacturer=&amp;resultCatEntryType=&amp;catalogId=10576&amp;pageView=&amp;facet=mfName_ntk_cs%253AKR%2BCastlemaine&amp;minPrice=&amp;categoryId=25583&amp;storeId=10601&quot;,&quot;name&quot;:&quot;KR Castlemaine&quot;,&quot;count&quot;:&quot;1&quot;,&quot;className&quot;:&quot;&quot;},{&quot;url&quot;:&quot;http://shop.coles.com.au/online/SearchDisplay?searchTermScope=&amp;multiSearch=&amp;searchType=2&amp;maxPrice=&amp;showResultsPage=true&amp;langId=-1&amp;beginIndex=0&amp;sType=SimpleSearch&amp;metaData=&amp;browseView=true&amp;manufacturer=&amp;resultCatEntryType=&amp;catalogId=10576&amp;pageView=&amp;facet=mfName_ntk_cs%253AKing%2BIsland&amp;minPrice=&amp;categoryId=25583&amp;storeId=10601&quot;,&quot;name&quot;:&quot;King Island&quot;,&quot;count&quot;:&quot;5&quot;,&quot;className&quot;:&quot;&quot;},{&quot;url&quot;:&quot;http://shop.coles.com.au/online/SearchDisplay?searchTermScope=&amp;multiSearch=&amp;searchType=2&amp;maxPrice=&amp;showResultsPage=true&amp;langId=-1&amp;beginIndex=0&amp;sType=SimpleSearch&amp;metaData=&amp;browseView=true&amp;manufacturer=&amp;resultCatEntryType=&amp;catalogId=10576&amp;pageView=&amp;facet=mfName_ntk_cs%253AKraft&amp;minPrice=&amp;categoryId=25583&amp;storeId=10601&quot;,&quot;name&quot;:&quot;Kraft&quot;,&quot;count&quot;:&quot;8&quot;,&quot;className&quot;:&quot;&quot;},{&quot;url&quot;:&quot;http://shop.coles.com.au/online/SearchDisplay?searchTermScope=&amp;multiSearch=&amp;searchType=2&amp;maxPrice=&amp;showResultsPage=true&amp;langId=-1&amp;beginIndex=0&amp;sType=SimpleSearch&amp;metaData=&amp;browseView=true&amp;manufacturer=&amp;resultCatEntryType=&amp;catalogId=10576&amp;pageView=&amp;facet=mfName_ntk_cs%253ALescure%2BCharente&amp;minPrice=&amp;categoryId=25583&amp;storeId=10601&quot;,&quot;name&quot;:&quot;Lescure Charente&quot;,&quot;count&quot;:&quot;1&quot;,&quot;className&quot;:&quot;&quot;},{&quot;url&quot;:&quot;http://shop.coles.com.au/online/SearchDisplay?searchTermScope=&amp;multiSearch=&amp;searchType=2&amp;maxPrice=&amp;showResultsPage=true&amp;langId=-1&amp;beginIndex=0&amp;sType=SimpleSearch&amp;metaData=&amp;browseView=true&amp;manufacturer=&amp;resultCatEntryType=&amp;catalogId=10576&amp;pageView=&amp;facet=mfName_ntk_cs%253ALilydale&amp;minPrice=&amp;categoryId=25583&amp;storeId=10601&quot;,&quot;name&quot;:&quot;Lilydale&quot;,&quot;count&quot;:&quot;12&quot;,&quot;className&quot;:&quot;&quot;},{&quot;url&quot;:&quot;http://shop.coles.com.au/online/SearchDisplay?searchTermScope=&amp;multiSearch=&amp;searchType=2&amp;maxPrice=&amp;showResultsPage=true&amp;langId=-1&amp;beginIndex=0&amp;sType=SimpleSearch&amp;metaData=&amp;browseView=true&amp;manufacturer=&amp;resultCatEntryType=&amp;catalogId=10576&amp;pageView=&amp;facet=mfName_ntk_cs%253ALuv%2BA%2BDuck&amp;minPrice=&amp;categoryId=25583&amp;storeId=10601&quot;,&quot;name&quot;:&quot;Luv A Duck&quot;,&quot;count&quot;:&quot;6&quot;,&quot;className&quot;:&quot;&quot;},{&quot;url&quot;:&quot;http://shop.coles.com.au/online/SearchDisplay?searchTermScope=&amp;multiSearch=&amp;searchType=2&amp;maxPrice=&amp;showResultsPage=true&amp;langId=-1&amp;beginIndex=0&amp;sType=SimpleSearch&amp;metaData=&amp;browseView=true&amp;manufacturer=&amp;resultCatEntryType=&amp;catalogId=10576&amp;pageView=&amp;facet=mfName_ntk_cs%253AM%2B%2526%2BM%2BKosher&amp;minPrice=&amp;categoryId=25583&amp;storeId=10601&quot;,&quot;name&quot;:&quot;M &amp; M Kosher&quot;,&quot;count&quot;:&quot;8&quot;,&quot;className&quot;:&quot;&quot;},{&quot;url&quot;:&quot;http://shop.coles.com.au/online/SearchDisplay?searchTermScope=&amp;multiSearch=&amp;searchType=2&amp;maxPrice=&amp;showResultsPage=true&amp;langId=-1&amp;beginIndex=0&amp;sType=SimpleSearch&amp;metaData=&amp;browseView=true&amp;manufacturer=&amp;resultCatEntryType=&amp;catalogId=10576&amp;pageView=&amp;facet=mfName_ntk_cs%253AMacro%2BMeats&amp;minPrice=&amp;categoryId=25583&amp;storeId=10601&quot;,&quot;name&quot;:&quot;Macro Meats&quot;,&quot;count&quot;:&quot;7&quot;,&quot;className&quot;:&quot;&quot;},{&quot;url&quot;:&quot;http://shop.coles.com.au/online/SearchDisplay?searchTermScope=&amp;multiSearch=&amp;searchType=2&amp;maxPrice=&amp;showResultsPage=true&amp;langId=-1&amp;beginIndex=0&amp;sType=SimpleSearch&amp;metaData=&amp;browseView=true&amp;manufacturer=&amp;resultCatEntryType=&amp;catalogId=10576&amp;pageView=&amp;facet=mfName_ntk_cs%253AMaggie%2BBeer&amp;minPrice=&amp;categoryId=25583&amp;storeId=10601&quot;,&quot;name&quot;:&quot;Maggie Beer&quot;,&quot;count&quot;:&quot;5&quot;,&quot;className&quot;:&quot;&quot;},{&quot;url&quot;:&quot;http://shop.coles.com.au/online/SearchDisplay?searchTermScope=&amp;multiSearch=&amp;searchType=2&amp;maxPrice=&amp;showResultsPage=true&amp;langId=-1&amp;beginIndex=0&amp;sType=SimpleSearch&amp;metaData=&amp;browseView=true&amp;manufacturer=&amp;resultCatEntryType=&amp;catalogId=10576&amp;pageView=&amp;facet=mfName_ntk_cs%253AMeredith%2BDairy&amp;minPrice=&amp;categoryId=25583&amp;storeId=10601&quot;,&quot;name&quot;:&quot;Meredith Dairy&quot;,&quot;count&quot;:&quot;2&quot;,&quot;className&quot;:&quot;&quot;},{&quot;url&quot;:&quot;http://shop.coles.com.au/online/SearchDisplay?searchTermScope=&amp;multiSearch=&amp;searchType=2&amp;maxPrice=&amp;showResultsPage=true&amp;langId=-1&amp;beginIndex=0&amp;sType=SimpleSearch&amp;metaData=&amp;browseView=true&amp;manufacturer=&amp;resultCatEntryType=&amp;catalogId=10576&amp;pageView=&amp;facet=mfName_ntk_cs%253AMoira%2BMac%2527s&amp;minPrice=&amp;categoryId=25583&amp;storeId=10601&quot;,&quot;name&quot;:&quot;Moira Mac's&quot;,&quot;count&quot;:&quot;6&quot;,&quot;className&quot;:&quot;&quot;},{&quot;url&quot;:&quot;http://shop.coles.com.au/online/SearchDisplay?searchTermScope=&amp;multiSearch=&amp;searchType=2&amp;maxPrice=&amp;showResultsPage=true&amp;langId=-1&amp;beginIndex=0&amp;sType=SimpleSearch&amp;metaData=&amp;browseView=true&amp;manufacturer=&amp;resultCatEntryType=&amp;catalogId=10576&amp;pageView=&amp;facet=mfName_ntk_cs%253AMr%2BBeaks&amp;minPrice=&amp;categoryId=25583&amp;storeId=10601&quot;,&quot;name&quot;:&quot;Mr Beaks&quot;,&quot;count&quot;:&quot;6&quot;,&quot;className&quot;:&quot;&quot;},{&quot;url&quot;:&quot;http://shop.coles.com.au/online/SearchDisplay?searchTermScope=&amp;multiSearch=&amp;searchType=2&amp;maxPrice=&amp;showResultsPage=true&amp;langId=-1&amp;beginIndex=0&amp;sType=SimpleSearch&amp;metaData=&amp;browseView=true&amp;manufacturer=&amp;resultCatEntryType=&amp;catalogId=10576&amp;pageView=&amp;facet=mfName_ntk_cs%253ANaturally%2BWild&amp;minPrice=&amp;categoryId=25583&amp;storeId=10601&quot;,&quot;name&quot;:&quot;Naturally Wild&quot;,&quot;count&quot;:&quot;4&quot;,&quot;className&quot;:&quot;&quot;},{&quot;url&quot;:&quot;http://shop.coles.com.au/online/SearchDisplay?searchTermScope=&amp;multiSearch=&amp;searchType=2&amp;maxPrice=&amp;showResultsPage=true&amp;langId=-1&amp;beginIndex=0&amp;sType=SimpleSearch&amp;metaData=&amp;browseView=true&amp;manufacturer=&amp;resultCatEntryType=&amp;catalogId=10576&amp;pageView=&amp;facet=mfName_ntk_cs%253ANorfolk%2BFoods&amp;minPrice=&amp;categoryId=25583&amp;storeId=10601&quot;,&quot;name&quot;:&quot;Norfolk Foods&quot;,&quot;count&quot;:&quot;2&quot;,&quot;className&quot;:&quot;&quot;},{&quot;url&quot;:&quot;http://shop.coles.com.au/online/SearchDisplay?searchTermScope=&amp;multiSearch=&amp;searchType=2&amp;maxPrice=&amp;showResultsPage=true&amp;langId=-1&amp;beginIndex=0&amp;sType=SimpleSearch&amp;metaData=&amp;browseView=true&amp;manufacturer=&amp;resultCatEntryType=&amp;catalogId=10576&amp;pageView=&amp;facet=mfName_ntk_cs%253ANormandie&amp;minPrice=&amp;categoryId=25583&amp;storeId=10601&quot;,&quot;name&quot;:&quot;Normandie&quot;,&quot;count&quot;:&quot;5&quot;,&quot;className&quot;:&quot;&quot;},{&quot;url&quot;:&quot;http://shop.coles.com.au/online/SearchDisplay?searchTermScope=&amp;multiSearch=&amp;searchType=2&amp;maxPrice=&amp;showResultsPage=true&amp;langId=-1&amp;beginIndex=0&amp;sType=SimpleSearch&amp;metaData=&amp;browseView=true&amp;manufacturer=&amp;resultCatEntryType=&amp;catalogId=10576&amp;pageView=&amp;facet=mfName_ntk_cs%253AObela&amp;minPrice=&amp;categoryId=25583&amp;storeId=10601&quot;,&quot;name&quot;:&quot;Obela&quot;,&quot;count&quot;:&quot;8&quot;,&quot;className&quot;:&quot;&quot;},{&quot;url&quot;:&quot;http://shop.coles.com.au/online/SearchDisplay?searchTermScope=&amp;multiSearch=&amp;searchType=2&amp;maxPrice=&amp;showResultsPage=true&amp;langId=-1&amp;beginIndex=0&amp;sType=SimpleSearch&amp;metaData=&amp;browseView=true&amp;manufacturer=&amp;resultCatEntryType=&amp;catalogId=10576&amp;pageView=&amp;facet=mfName_ntk_cs%253AOtway&amp;minPrice=&amp;categoryId=25583&amp;storeId=10601&quot;,&quot;name&quot;:&quot;Otway&quot;,&quot;count&quot;:&quot;10&quot;,&quot;className&quot;:&quot;&quot;},{&quot;url&quot;:&quot;http://shop.coles.com.au/online/SearchDisplay?searchTermScope=&amp;multiSearch=&amp;searchType=2&amp;maxPrice=&amp;showResultsPage=true&amp;langId=-1&amp;beginIndex=0&amp;sType=SimpleSearch&amp;metaData=&amp;browseView=true&amp;manufacturer=&amp;resultCatEntryType=&amp;catalogId=10576&amp;pageView=&amp;facet=mfName_ntk_cs%253AOutback%2BSpirit&amp;minPrice=&amp;categoryId=25583&amp;storeId=10601&quot;,&quot;name&quot;:&quot;Outback Spirit&quot;,&quot;count&quot;:&quot;2&quot;,&quot;className&quot;:&quot;&quot;},{&quot;url&quot;:&quot;http://shop.coles.com.au/online/SearchDisplay?searchTermScope=&amp;multiSearch=&amp;searchType=2&amp;maxPrice=&amp;showResultsPage=true&amp;langId=-1&amp;beginIndex=0&amp;sType=SimpleSearch&amp;metaData=&amp;browseView=true&amp;manufacturer=&amp;resultCatEntryType=&amp;catalogId=10576&amp;pageView=&amp;facet=mfName_ntk_cs%253APasta%2BMaster&amp;minPrice=&amp;categoryId=25583&amp;storeId=10601&quot;,&quot;name&quot;:&quot;Pasta Master&quot;,&quot;count&quot;:&quot;1&quot;,&quot;className&quot;:&quot;&quot;},{&quot;url&quot;:&quot;http://shop.coles.com.au/online/SearchDisplay?searchTermScope=&amp;multiSearch=&amp;searchType=2&amp;maxPrice=&amp;showResultsPage=true&amp;langId=-1&amp;beginIndex=0&amp;sType=SimpleSearch&amp;metaData=&amp;browseView=true&amp;manufacturer=&amp;resultCatEntryType=&amp;catalogId=10576&amp;pageView=&amp;facet=mfName_ntk_cs%253APerfecto%2BQuality%2BFoods&amp;minPrice=&amp;categoryId=25583&amp;storeId=10601&quot;,&quot;name&quot;:&quot;Perfecto Quality Foods&quot;,&quot;count&quot;:&quot;5&quot;,&quot;className&quot;:&quot;&quot;},{&quot;url&quot;:&quot;http://shop.coles.com.au/online/SearchDisplay?searchTermScope=&amp;multiSearch=&amp;searchType=2&amp;maxPrice=&amp;showResultsPage=true&amp;langId=-1&amp;beginIndex=0&amp;sType=SimpleSearch&amp;metaData=&amp;browseView=true&amp;manufacturer=&amp;resultCatEntryType=&amp;catalogId=10576&amp;pageView=&amp;facet=mfName_ntk_cs%253APilpel&amp;minPrice=&amp;categoryId=25583&amp;storeId=10601&quot;,&quot;name&quot;:&quot;Pilpel&quot;,&quot;count&quot;:&quot;9&quot;,&quot;className&quot;:&quot;&quot;},{&quot;url&quot;:&quot;http://shop.coles.com.au/online/SearchDisplay?searchTermScope=&amp;multiSearch=&amp;searchType=2&amp;maxPrice=&amp;showResultsPage=true&amp;langId=-1&amp;beginIndex=0&amp;sType=SimpleSearch&amp;metaData=&amp;browseView=true&amp;manufacturer=&amp;resultCatEntryType=&amp;catalogId=10576&amp;pageView=&amp;facet=mfName_ntk_cs%253APrimo&amp;minPrice=&amp;categoryId=25583&amp;storeId=10601&quot;,&quot;name&quot;:&quot;Primo&quot;,&quot;count&quot;:&quot;38&quot;,&quot;className&quot;:&quot;&quot;},{&quot;url&quot;:&quot;http://shop.coles.com.au/online/SearchDisplay?searchTermScope=&amp;multiSearch=&amp;searchType=2&amp;maxPrice=&amp;showResultsPage=true&amp;langId=-1&amp;beginIndex=0&amp;sType=SimpleSearch&amp;metaData=&amp;browseView=true&amp;manufacturer=&amp;resultCatEntryType=&amp;catalogId=10576&amp;pageView=&amp;facet=mfName_ntk_cs%253ARed%2BRock%2BDeli&amp;minPrice=&amp;categoryId=25583&amp;storeId=10601&quot;,&quot;name&quot;:&quot;Red Rock Deli&quot;,&quot;count&quot;:&quot;6&quot;,&quot;className&quot;:&quot;&quot;},{&quot;url&quot;:&quot;http://shop.coles.com.au/online/SearchDisplay?searchTermScope=&amp;multiSearch=&amp;searchType=2&amp;maxPrice=&amp;showResultsPage=true&amp;langId=-1&amp;beginIndex=0&amp;sType=SimpleSearch&amp;metaData=&amp;browseView=true&amp;manufacturer=&amp;resultCatEntryType=&amp;catalogId=10576&amp;pageView=&amp;facet=mfName_ntk_cs%253ARouzaire&amp;minPrice=&amp;categoryId=25583&amp;storeId=10601&quot;,&quot;name&quot;:&quot;Rouzaire&quot;,&quot;count&quot;:&quot;1&quot;,&quot;className&quot;:&quot;&quot;},{&quot;url&quot;:&quot;http://shop.coles.com.au/online/SearchDisplay?searchTermScope=&amp;multiSearch=&amp;searchType=2&amp;maxPrice=&amp;showResultsPage=true&amp;langId=-1&amp;beginIndex=0&amp;sType=SimpleSearch&amp;metaData=&amp;browseView=true&amp;manufacturer=&amp;resultCatEntryType=&amp;catalogId=10576&amp;pageView=&amp;facet=mfName_ntk_cs%253ASG&amp;minPrice=&amp;categoryId=25583&amp;storeId=10601&quot;,&quot;name&quot;:&quot;SG&quot;,&quot;count&quot;:&quot;1&quot;,&quot;className&quot;:&quot;&quot;},{&quot;url&quot;:&quot;http://shop.coles.com.au/online/SearchDisplay?searchTermScope=&amp;multiSearch=&amp;searchType=2&amp;maxPrice=&amp;showResultsPage=true&amp;langId=-1&amp;beginIndex=0&amp;sType=SimpleSearch&amp;metaData=&amp;browseView=true&amp;manufacturer=&amp;resultCatEntryType=&amp;catalogId=10576&amp;pageView=&amp;facet=mfName_ntk_cs%253ASavion%2BDairy&amp;minPrice=&amp;categoryId=25583&amp;storeId=10601&quot;,&quot;name&quot;:&quot;Savion Dairy&quot;,&quot;count&quot;:&quot;4&quot;,&quot;className&quot;:&quot;&quot;},{&quot;url&quot;:&quot;http://shop.coles.com.au/online/SearchDisplay?searchTermScope=&amp;multiSearch=&amp;searchType=2&amp;maxPrice=&amp;showResultsPage=true&amp;langId=-1&amp;beginIndex=0&amp;sType=SimpleSearch&amp;metaData=&amp;browseView=true&amp;manufacturer=&amp;resultCatEntryType=&amp;catalogId=10576&amp;pageView=&amp;facet=mfName_ntk_cs%253ASeafood%2BKitchen&amp;minPrice=&amp;categoryId=25583&amp;storeId=10601&quot;,&quot;name&quot;:&quot;Seafood Kitchen&quot;,&quot;count&quot;:&quot;2&quot;,&quot;className&quot;:&quot;&quot;},{&quot;url&quot;:&quot;http://shop.coles.com.au/online/SearchDisplay?searchTermScope=&amp;multiSearch=&amp;searchType=2&amp;maxPrice=&amp;showResultsPage=true&amp;langId=-1&amp;beginIndex=0&amp;sType=SimpleSearch&amp;metaData=&amp;browseView=true&amp;manufacturer=&amp;resultCatEntryType=&amp;catalogId=10576&amp;pageView=&amp;facet=mfName_ntk_cs%253ASouth%2BCape&amp;minPrice=&amp;categoryId=25583&amp;storeId=10601&quot;,&quot;name&quot;:&quot;South Cape&quot;,&quot;count&quot;:&quot;2&quot;,&quot;className&quot;:&quot;&quot;},{&quot;url&quot;:&quot;http://shop.coles.com.au/online/SearchDisplay?searchTermScope=&amp;multiSearch=&amp;searchType=2&amp;maxPrice=&amp;showResultsPage=true&amp;langId=-1&amp;beginIndex=0&amp;sType=SimpleSearch&amp;metaData=&amp;browseView=true&amp;manufacturer=&amp;resultCatEntryType=&amp;catalogId=10576&amp;pageView=&amp;facet=mfName_ntk_cs%253ASteggles&amp;minPrice=&amp;categoryId=25583&amp;storeId=10601&quot;,&quot;name&quot;:&quot;Steggles&quot;,&quot;count&quot;:&quot;7&quot;,&quot;className&quot;:&quot;&quot;},{&quot;url&quot;:&quot;http://shop.coles.com.au/online/SearchDisplay?searchTermScope=&amp;multiSearch=&amp;searchType=2&amp;maxPrice=&amp;showResultsPage=true&amp;langId=-1&amp;beginIndex=0&amp;sType=SimpleSearch&amp;metaData=&amp;browseView=true&amp;manufacturer=&amp;resultCatEntryType=&amp;catalogId=10576&amp;pageView=&amp;facet=mfName_ntk_cs%253AStrauss&amp;minPrice=&amp;categoryId=25583&amp;storeId=10601&quot;,&quot;name&quot;:&quot;Strauss&quot;,&quot;count&quot;:&quot;1&quot;,&quot;className&quot;:&quot;&quot;},{&quot;url&quot;:&quot;http://shop.coles.com.au/online/SearchDisplay?searchTermScope=&amp;multiSearch=&amp;searchType=2&amp;maxPrice=&amp;showResultsPage=true&amp;langId=-1&amp;beginIndex=0&amp;sType=SimpleSearch&amp;metaData=&amp;browseView=true&amp;manufacturer=&amp;resultCatEntryType=&amp;catalogId=10576&amp;pageView=&amp;facet=mfName_ntk_cs%253AStrauss%2BSP&amp;minPrice=&amp;categoryId=25583&amp;storeId=10601&quot;,&quot;name&quot;:&quot;Strauss SP&quot;,&quot;count&quot;:&quot;5&quot;,&quot;className&quot;:&quot;&quot;},{&quot;url&quot;:&quot;http://shop.coles.com.au/online/SearchDisplay?searchTermScope=&amp;multiSearch=&amp;searchType=2&amp;maxPrice=&amp;showResultsPage=true&amp;langId=-1&amp;beginIndex=0&amp;sType=SimpleSearch&amp;metaData=&amp;browseView=true&amp;manufacturer=&amp;resultCatEntryType=&amp;catalogId=10576&amp;pageView=&amp;facet=mfName_ntk_cs%253ASuperior%2BGold&amp;minPrice=&amp;categoryId=25583&amp;storeId=10601&quot;,&quot;name&quot;:&quot;Superior Gold&quot;,&quot;count&quot;:&quot;5&quot;,&quot;className&quot;:&quot;&quot;},{&quot;url&quot;:&quot;http://shop.coles.com.au/online/SearchDisplay?searchTermScope=&amp;multiSearch=&amp;searchType=2&amp;maxPrice=&amp;showResultsPage=true&amp;langId=-1&amp;beginIndex=0&amp;sType=SimpleSearch&amp;metaData=&amp;browseView=true&amp;manufacturer=&amp;resultCatEntryType=&amp;catalogId=10576&amp;pageView=&amp;facet=mfName_ntk_cs%253ATalleys&amp;minPrice=&amp;categoryId=25583&amp;storeId=10601&quot;,&quot;name&quot;:&quot;Talleys&quot;,&quot;count&quot;:&quot;3&quot;,&quot;className&quot;:&quot;&quot;},{&quot;url&quot;:&quot;http://shop.coles.com.au/online/SearchDisplay?searchTermScope=&amp;multiSearch=&amp;searchType=2&amp;maxPrice=&amp;showResultsPage=true&amp;langId=-1&amp;beginIndex=0&amp;sType=SimpleSearch&amp;metaData=&amp;browseView=true&amp;manufacturer=&amp;resultCatEntryType=&amp;catalogId=10576&amp;pageView=&amp;facet=mfName_ntk_cs%253ATassal&amp;minPrice=&amp;categoryId=25583&amp;storeId=10601&quot;,&quot;name&quot;:&quot;Tassal&quot;,&quot;count&quot;:&quot;6&quot;,&quot;className&quot;:&quot;&quot;},{&quot;url&quot;:&quot;http://shop.coles.com.au/online/SearchDisplay?searchTermScope=&amp;multiSearch=&amp;searchType=2&amp;maxPrice=&amp;showResultsPage=true&amp;langId=-1&amp;beginIndex=0&amp;sType=SimpleSearch&amp;metaData=&amp;browseView=true&amp;manufacturer=&amp;resultCatEntryType=&amp;catalogId=10576&amp;pageView=&amp;facet=mfName_ntk_cs%253ATender%2BValue%2BMeats&amp;minPrice=&amp;categoryId=25583&amp;storeId=10601&quot;,&quot;name&quot;:&quot;Tender Value Meats&quot;,&quot;count&quot;:&quot;1&quot;,&quot;className&quot;:&quot;&quot;},{&quot;url&quot;:&quot;http://shop.coles.com.au/online/SearchDisplay?searchTermScope=&amp;multiSearch=&amp;searchType=2&amp;maxPrice=&amp;showResultsPage=true&amp;langId=-1&amp;beginIndex=0&amp;sType=SimpleSearch&amp;metaData=&amp;browseView=true&amp;manufacturer=&amp;resultCatEntryType=&amp;catalogId=10576&amp;pageView=&amp;facet=mfName_ntk_cs%253AThomas%2BFarms&amp;minPrice=&amp;categoryId=25583&amp;storeId=10601&quot;,&quot;name&quot;:&quot;Thomas Farms&quot;,&quot;count&quot;:&quot;1&quot;,&quot;className&quot;:&quot;&quot;},{&quot;url&quot;:&quot;http://shop.coles.com.au/online/SearchDisplay?searchTermScope=&amp;multiSearch=&amp;searchType=2&amp;maxPrice=&amp;showResultsPage=true&amp;langId=-1&amp;beginIndex=0&amp;sType=SimpleSearch&amp;metaData=&amp;browseView=true&amp;manufacturer=&amp;resultCatEntryType=&amp;catalogId=10576&amp;pageView=&amp;facet=mfName_ntk_cs%253ATibaldi&amp;minPrice=&amp;categoryId=25583&amp;storeId=10601&quot;,&quot;name&quot;:&quot;Tibaldi&quot;,&quot;count&quot;:&quot;1&quot;,&quot;className&quot;:&quot;&quot;},{&quot;url&quot;:&quot;http://shop.coles.com.au/online/SearchDisplay?searchTermScope=&amp;multiSearch=&amp;searchType=2&amp;maxPrice=&amp;showResultsPage=true&amp;langId=-1&amp;beginIndex=0&amp;sType=SimpleSearch&amp;metaData=&amp;browseView=true&amp;manufacturer=&amp;resultCatEntryType=&amp;catalogId=10576&amp;pageView=&amp;facet=mfName_ntk_cs%253AVPC&amp;minPrice=&amp;categoryId=25583&amp;storeId=10601&quot;,&quot;name&quot;:&quot;VPC&quot;,&quot;count&quot;:&quot;1&quot;,&quot;className&quot;:&quot;&quot;},{&quot;url&quot;:&quot;http://shop.coles.com.au/online/SearchDisplay?searchTermScope=&amp;multiSearch=&amp;searchType=2&amp;maxPrice=&amp;showResultsPage=true&amp;langId=-1&amp;beginIndex=0&amp;sType=SimpleSearch&amp;metaData=&amp;browseView=true&amp;manufacturer=&amp;resultCatEntryType=&amp;catalogId=10576&amp;pageView=&amp;facet=mfName_ntk_cs%253AWattle%2BValley&amp;minPrice=&amp;categoryId=25583&amp;storeId=10601&quot;,&quot;name&quot;:&quot;Wattle Valley&quot;,&quot;count&quot;:&quot;11&quot;,&quot;className&quot;:&quot;&quot;},{&quot;url&quot;:&quot;http://shop.coles.com.au/online/SearchDisplay?searchTermScope=&amp;multiSearch=&amp;searchType=2&amp;maxPrice=&amp;showResultsPage=true&amp;langId=-1&amp;beginIndex=0&amp;sType=SimpleSearch&amp;metaData=&amp;browseView=true&amp;manufacturer=&amp;resultCatEntryType=&amp;catalogId=10576&amp;pageView=&amp;facet=mfName_ntk_cs%253AWattle%2BValley%2BChunky%2BDips&amp;minPrice=&amp;categoryId=25583&amp;storeId=10601&quot;,&quot;name&quot;:&quot;Wattle Valley Chunky Dips&quot;,&quot;count&quot;:&quot;1&quot;,&quot;className&quot;:&quot;&quot;},{&quot;url&quot;:&quot;http://shop.coles.com.au/online/SearchDisplay?searchTermScope=&amp;multiSearch=&amp;searchType=2&amp;maxPrice=&amp;showResultsPage=true&amp;langId=-1&amp;beginIndex=0&amp;sType=SimpleSearch&amp;metaData=&amp;browseView=true&amp;manufacturer=&amp;resultCatEntryType=&amp;catalogId=10576&amp;pageView=&amp;facet=mfName_ntk_cs%253AWattle%2BValley%2BDelish%2BDips&amp;minPrice=&amp;categoryId=25583&amp;storeId=10601&quot;,&quot;name&quot;:&quot;Wattle Valley Delish Dips&quot;,&quot;count&quot;:&quot;2&quot;,&quot;className&quot;:&quot;&quot;},{&quot;url&quot;:&quot;http://shop.coles.com.au/online/SearchDisplay?searchTermScope=&amp;multiSearch=&amp;searchType=2&amp;maxPrice=&amp;showResultsPage=true&amp;langId=-1&amp;beginIndex=0&amp;sType=SimpleSearch&amp;metaData=&amp;browseView=true&amp;manufacturer=&amp;resultCatEntryType=&amp;catalogId=10576&amp;pageView=&amp;facet=mfName_ntk_cs%253AWattle%2BValley%2BSuperdips&amp;minPrice=&amp;categoryId=25583&amp;storeId=10601&quot;,&quot;name&quot;:&quot;Wattle Valley Superdips&quot;,&quot;count&quot;:&quot;1&quot;,&quot;className&quot;:&quot;&quot;},{&quot;url&quot;:&quot;http://shop.coles.com.au/online/SearchDisplay?searchTermScope=&amp;multiSearch=&amp;searchType=2&amp;maxPrice=&amp;showResultsPage=true&amp;langId=-1&amp;beginIndex=0&amp;sType=SimpleSearch&amp;metaData=&amp;browseView=true&amp;manufacturer=&amp;resultCatEntryType=&amp;catalogId=10576&amp;pageView=&amp;facet=mfName_ntk_cs%253AWeight%2BWatchers&amp;minPrice=&amp;categoryId=25583&amp;storeId=10601&quot;,&quot;name&quot;:&quot;Weight Watchers&quot;,&quot;count&quot;:&quot;1&quot;,&quot;className&quot;:&quot;&quot;},{&quot;url&quot;:&quot;http://shop.coles.com.au/online/SearchDisplay?searchTermScope=&amp;multiSearch=&amp;searchType=2&amp;maxPrice=&amp;showResultsPage=true&amp;langId=-1&amp;beginIndex=0&amp;sType=SimpleSearch&amp;metaData=&amp;browseView=true&amp;manufacturer=&amp;resultCatEntryType=&amp;catalogId=10576&amp;pageView=&amp;facet=mfName_ntk_cs%253AWild%2BOz&amp;minPrice=&amp;categoryId=25583&amp;storeId=10601&quot;,&quot;name&quot;:&quot;Wild Oz&quot;,&quot;count&quot;:&quot;2&quot;,&quot;className&quot;:&quot;&quot;},{&quot;url&quot;:&quot;http://shop.coles.com.au/online/SearchDisplay?searchTermScope=&amp;multiSearch=&amp;searchType=2&amp;maxPrice=&amp;showResultsPage=true&amp;langId=-1&amp;beginIndex=0&amp;sType=SimpleSearch&amp;metaData=&amp;browseView=true&amp;manufacturer=&amp;resultCatEntryType=&amp;catalogId=10576&amp;pageView=&amp;facet=mfName_ntk_cs%253AYumi%2527s&amp;minPrice=&amp;categoryId=25583&amp;storeId=10601&quot;,&quot;name&quot;:&quot;Yumi's&quot;,&quot;count&quot;:&quot;36&quot;,&quot;className&quot;:&quot;&quot;},{&quot;url&quot;:&quot;http://shop.coles.com.au/online/SearchDisplay?searchTermScope=&amp;multiSearch=&amp;searchType=2&amp;maxPrice=&amp;showResultsPage=true&amp;langId=-1&amp;beginIndex=0&amp;sType=SimpleSearch&amp;metaData=&amp;browseView=true&amp;manufacturer=&amp;resultCatEntryType=&amp;catalogId=10576&amp;pageView=&amp;facet=mfName_ntk_cs%253AYumis&amp;minPrice=&amp;categoryId=25583&amp;storeId=10601&quot;,&quot;name&quot;:&quot;Yumis&quot;,&quot;count&quot;:&quot;4&quot;,&quot;className&quot;:&quot;&quot;}]}" title="View other types">+  view 81 other types</a></li>
	     		
    		</ul>
		</li>
		
		<li role="presentation">
			<h3>Type</h3>
			
					<a class="2" href="http://shop.coles.com.au/online/SearchDisplay?multiSearch=&amp;showResultsPage=true&amp;langId=-1&amp;beginIndex=100&amp;sType=SimpleSearch&amp;browseView=true&amp;pageSize=100&amp;resultCatEntryType=&amp;catalogId=10576&amp;pageView=image&amp;urlLangId=-1&amp;categoryId=25583&amp;storeId=10601" name="type-Type" title=""><span class="cat-facet">Show all</span>&nbsp;<span role="presentation" aria-hidden="true" class="cat-count">(997)</span><span class="cat-count accessibility">(997items)</span></a>
				
  			<ul>
	     		
							<li>
								
										<a href="http://shop.coles.com.au/online/SearchDisplay?searchTermScope=&amp;multiSearch=&amp;searchType=2&amp;maxPrice=&amp;showResultsPage=true&amp;langId=-1&amp;beginIndex=0&amp;sType=SimpleSearch&amp;metaData=&amp;browseView=true&amp;manufacturer=&amp;resultCatEntryType=&amp;catalogId=10576&amp;pageView=&amp;facet=ads_f8_ntk_cs%253ABlue%2BVein&amp;minPrice=&amp;categoryId=25583&amp;storeId=10601" name="type-Type" title=""><span class="cat-facet">Blue Vein</span>&nbsp;<span role="presentation" aria-hidden="true" class="cat-count">(3)</span><span class="cat-count accessibility">(3items)</span></a>
									
							</li>
			     		
							<li>
								
										<a href="http://shop.coles.com.au/online/SearchDisplay?searchTermScope=&amp;multiSearch=&amp;searchType=2&amp;maxPrice=&amp;showResultsPage=true&amp;langId=-1&amp;beginIndex=0&amp;sType=SimpleSearch&amp;metaData=&amp;browseView=true&amp;manufacturer=&amp;resultCatEntryType=&amp;catalogId=10576&amp;pageView=&amp;facet=ads_f8_ntk_cs%253ABreast%2B%2526%2BThigh%2BFillets&amp;minPrice=&amp;categoryId=25583&amp;storeId=10601" name="type-Type" title=""><span class="cat-facet">Breast &amp; Thigh Fillets</span>&nbsp;<span role="presentation" aria-hidden="true" class="cat-count">(8)</span><span class="cat-count accessibility">(8items)</span></a>
									
							</li>
			     		
							<li>
								
										<a href="http://shop.coles.com.au/online/SearchDisplay?searchTermScope=&amp;multiSearch=&amp;searchType=2&amp;maxPrice=&amp;showResultsPage=true&amp;langId=-1&amp;beginIndex=0&amp;sType=SimpleSearch&amp;metaData=&amp;browseView=true&amp;manufacturer=&amp;resultCatEntryType=&amp;catalogId=10576&amp;pageView=&amp;facet=ads_f8_ntk_cs%253ABreast%2BFillets&amp;minPrice=&amp;categoryId=25583&amp;storeId=10601" name="type-Type" title=""><span class="cat-facet">Breast Fillets</span>&nbsp;<span role="presentation" aria-hidden="true" class="cat-count">(15)</span><span class="cat-count accessibility">(15items)</span></a>
									
							</li>
			     		
							<li>
								
										<a href="http://shop.coles.com.au/online/SearchDisplay?searchTermScope=&amp;multiSearch=&amp;searchType=2&amp;maxPrice=&amp;showResultsPage=true&amp;langId=-1&amp;beginIndex=0&amp;sType=SimpleSearch&amp;metaData=&amp;browseView=true&amp;manufacturer=&amp;resultCatEntryType=&amp;catalogId=10576&amp;pageView=&amp;facet=ads_f8_ntk_cs%253ABrie%2B%2526%2BCamembert&amp;minPrice=&amp;categoryId=25583&amp;storeId=10601" name="type-Type" title=""><span class="cat-facet">Brie &amp; Camembert</span>&nbsp;<span role="presentation" aria-hidden="true" class="cat-count">(8)</span><span class="cat-count accessibility">(8items)</span></a>
									
							</li>
			     		
							<li>
								
										<a href="http://shop.coles.com.au/online/SearchDisplay?searchTermScope=&amp;multiSearch=&amp;searchType=2&amp;maxPrice=&amp;showResultsPage=true&amp;langId=-1&amp;beginIndex=0&amp;sType=SimpleSearch&amp;metaData=&amp;browseView=true&amp;manufacturer=&amp;resultCatEntryType=&amp;catalogId=10576&amp;pageView=&amp;facet=ads_f8_ntk_cs%253ABurgers%2B%2526%2BRissoles&amp;minPrice=&amp;categoryId=25583&amp;storeId=10601" name="type-Type" title=""><span class="cat-facet">Burgers &amp; Rissoles</span>&nbsp;<span role="presentation" aria-hidden="true" class="cat-count">(17)</span><span class="cat-count accessibility">(17items)</span></a>
									
							</li>
			     		
							<li>
								
										<a href="http://shop.coles.com.au/online/SearchDisplay?searchTermScope=&amp;multiSearch=&amp;searchType=2&amp;maxPrice=&amp;showResultsPage=true&amp;langId=-1&amp;beginIndex=0&amp;sType=SimpleSearch&amp;metaData=&amp;browseView=true&amp;manufacturer=&amp;resultCatEntryType=&amp;catalogId=10576&amp;pageView=&amp;facet=ads_f8_ntk_cs%253ACabanossi&amp;minPrice=&amp;categoryId=25583&amp;storeId=10601" name="type-Type" title=""><span class="cat-facet">Cabanossi</span>&nbsp;<span role="presentation" aria-hidden="true" class="cat-count">(2)</span><span class="cat-count accessibility">(2items)</span></a>
									
							</li>
			     		
							<li>
								
										<a href="http://shop.coles.com.au/online/SearchDisplay?searchTermScope=&amp;multiSearch=&amp;searchType=2&amp;maxPrice=&amp;showResultsPage=true&amp;langId=-1&amp;beginIndex=0&amp;sType=SimpleSearch&amp;metaData=&amp;browseView=true&amp;manufacturer=&amp;resultCatEntryType=&amp;catalogId=10576&amp;pageView=&amp;facet=ads_f8_ntk_cs%253ACapsicum&amp;minPrice=&amp;categoryId=25583&amp;storeId=10601" name="type-Type" title=""><span class="cat-facet">Capsicum</span>&nbsp;<span role="presentation" aria-hidden="true" class="cat-count">(1)</span><span class="cat-count accessibility">(1items)</span></a>
									
							</li>
			     		
							<li>
								
										<a href="http://shop.coles.com.au/online/SearchDisplay?searchTermScope=&amp;multiSearch=&amp;searchType=2&amp;maxPrice=&amp;showResultsPage=true&amp;langId=-1&amp;beginIndex=0&amp;sType=SimpleSearch&amp;metaData=&amp;browseView=true&amp;manufacturer=&amp;resultCatEntryType=&amp;catalogId=10576&amp;pageView=&amp;facet=ads_f8_ntk_cs%253ACasserole&amp;minPrice=&amp;categoryId=25583&amp;storeId=10601" name="type-Type" title=""><span class="cat-facet">Casserole</span>&nbsp;<span role="presentation" aria-hidden="true" class="cat-count">(6)</span><span class="cat-count accessibility">(6items)</span></a>
									
							</li>
			     		
							<li>
								
										<a href="http://shop.coles.com.au/online/SearchDisplay?searchTermScope=&amp;multiSearch=&amp;searchType=2&amp;maxPrice=&amp;showResultsPage=true&amp;langId=-1&amp;beginIndex=0&amp;sType=SimpleSearch&amp;metaData=&amp;browseView=true&amp;manufacturer=&amp;resultCatEntryType=&amp;catalogId=10576&amp;pageView=&amp;facet=ads_f8_ntk_cs%253ACheese%2BPlatters&amp;minPrice=&amp;categoryId=25583&amp;storeId=10601" name="type-Type" title=""><span class="cat-facet">Cheese Platters</span>&nbsp;<span role="presentation" aria-hidden="true" class="cat-count">(3)</span><span class="cat-count accessibility">(3items)</span></a>
									
							</li>
			     		
							<li>
								
										<a href="http://shop.coles.com.au/online/SearchDisplay?searchTermScope=&amp;multiSearch=&amp;searchType=2&amp;maxPrice=&amp;showResultsPage=true&amp;langId=-1&amp;beginIndex=0&amp;sType=SimpleSearch&amp;metaData=&amp;browseView=true&amp;manufacturer=&amp;resultCatEntryType=&amp;catalogId=10576&amp;pageView=&amp;facet=ads_f8_ntk_cs%253AChops%252C%2BCutlets%2B%2526%2BRibs&amp;minPrice=&amp;categoryId=25583&amp;storeId=10601" name="type-Type" title=""><span class="cat-facet">Chops, Cutlets &amp; Ribs</span>&nbsp;<span role="presentation" aria-hidden="true" class="cat-count">(25)</span><span class="cat-count accessibility">(25items)</span></a>
									
							</li>
			     		
				<li><a href="#" class="more" data-hidden-facets="{&quot;type&quot;:&quot;Type&quot;,&quot;facets&quot;:[{&quot;url&quot;:&quot;http://shop.coles.com.au/online/SearchDisplay?searchTermScope=&amp;multiSearch=&amp;searchType=2&amp;maxPrice=&amp;showResultsPage=true&amp;langId=-1&amp;beginIndex=0&amp;sType=SimpleSearch&amp;metaData=&amp;browseView=true&amp;manufacturer=&amp;resultCatEntryType=&amp;catalogId=10576&amp;pageView=&amp;facet=ads_f8_ntk_cs%253AChorizo&amp;minPrice=&amp;categoryId=25583&amp;storeId=10601&quot;,&quot;name&quot;:&quot;Chorizo&quot;,&quot;count&quot;:&quot;5&quot;,&quot;className&quot;:&quot;&quot;},{&quot;url&quot;:&quot;http://shop.coles.com.au/online/SearchDisplay?searchTermScope=&amp;multiSearch=&amp;searchType=2&amp;maxPrice=&amp;showResultsPage=true&amp;langId=-1&amp;beginIndex=0&amp;sType=SimpleSearch&amp;metaData=&amp;browseView=true&amp;manufacturer=&amp;resultCatEntryType=&amp;catalogId=10576&amp;pageView=&amp;facet=ads_f8_ntk_cs%253AChunky%2BDips&amp;minPrice=&amp;categoryId=25583&amp;storeId=10601&quot;,&quot;name&quot;:&quot;Chunky Dips&quot;,&quot;count&quot;:&quot;11&quot;,&quot;className&quot;:&quot;&quot;},{&quot;url&quot;:&quot;http://shop.coles.com.au/online/SearchDisplay?searchTermScope=&amp;multiSearch=&amp;searchType=2&amp;maxPrice=&amp;showResultsPage=true&amp;langId=-1&amp;beginIndex=0&amp;sType=SimpleSearch&amp;metaData=&amp;browseView=true&amp;manufacturer=&amp;resultCatEntryType=&amp;catalogId=10576&amp;pageView=&amp;facet=ads_f8_ntk_cs%253AClassic%2BDips&amp;minPrice=&amp;categoryId=25583&amp;storeId=10601&quot;,&quot;name&quot;:&quot;Classic Dips&quot;,&quot;count&quot;:&quot;36&quot;,&quot;className&quot;:&quot;&quot;},{&quot;url&quot;:&quot;http://shop.coles.com.au/online/SearchDisplay?searchTermScope=&amp;multiSearch=&amp;searchType=2&amp;maxPrice=&amp;showResultsPage=true&amp;langId=-1&amp;beginIndex=0&amp;sType=SimpleSearch&amp;metaData=&amp;browseView=true&amp;manufacturer=&amp;resultCatEntryType=&amp;catalogId=10576&amp;pageView=&amp;facet=ads_f8_ntk_cs%253ADiced%2B%2526%2BStir-fry&amp;minPrice=&amp;categoryId=25583&amp;storeId=10601&quot;,&quot;name&quot;:&quot;Diced &amp; Stir-fry&quot;,&quot;count&quot;:&quot;13&quot;,&quot;className&quot;:&quot;&quot;},{&quot;url&quot;:&quot;http://shop.coles.com.au/online/SearchDisplay?searchTermScope=&amp;multiSearch=&amp;searchType=2&amp;maxPrice=&amp;showResultsPage=true&amp;langId=-1&amp;beginIndex=0&amp;sType=SimpleSearch&amp;metaData=&amp;browseView=true&amp;manufacturer=&amp;resultCatEntryType=&amp;catalogId=10576&amp;pageView=&amp;facet=ads_f8_ntk_cs%253ADiced%2BBacon&amp;minPrice=&amp;categoryId=25583&amp;storeId=10601&quot;,&quot;name&quot;:&quot;Diced Bacon&quot;,&quot;count&quot;:&quot;3&quot;,&quot;className&quot;:&quot;&quot;},{&quot;url&quot;:&quot;http://shop.coles.com.au/online/SearchDisplay?searchTermScope=&amp;multiSearch=&amp;searchType=2&amp;maxPrice=&amp;showResultsPage=true&amp;langId=-1&amp;beginIndex=0&amp;sType=SimpleSearch&amp;metaData=&amp;browseView=true&amp;manufacturer=&amp;resultCatEntryType=&amp;catalogId=10576&amp;pageView=&amp;facet=ads_f8_ntk_cs%253ADip%2BMulti%2BPacks&amp;minPrice=&amp;categoryId=25583&amp;storeId=10601&quot;,&quot;name&quot;:&quot;Dip Multi Packs&quot;,&quot;count&quot;:&quot;3&quot;,&quot;className&quot;:&quot;&quot;},{&quot;url&quot;:&quot;http://shop.coles.com.au/online/SearchDisplay?searchTermScope=&amp;multiSearch=&amp;searchType=2&amp;maxPrice=&amp;showResultsPage=true&amp;langId=-1&amp;beginIndex=0&amp;sType=SimpleSearch&amp;metaData=&amp;browseView=true&amp;manufacturer=&amp;resultCatEntryType=&amp;catalogId=10576&amp;pageView=&amp;facet=ads_f8_ntk_cs%253AFeta%2B%2526%2BRicotta&amp;minPrice=&amp;categoryId=25583&amp;storeId=10601&quot;,&quot;name&quot;:&quot;Feta &amp; Ricotta&quot;,&quot;count&quot;:&quot;1&quot;,&quot;className&quot;:&quot;&quot;},{&quot;url&quot;:&quot;http://shop.coles.com.au/online/SearchDisplay?searchTermScope=&amp;multiSearch=&amp;searchType=2&amp;maxPrice=&amp;showResultsPage=true&amp;langId=-1&amp;beginIndex=0&amp;sType=SimpleSearch&amp;metaData=&amp;browseView=true&amp;manufacturer=&amp;resultCatEntryType=&amp;catalogId=10576&amp;pageView=&amp;facet=ads_f8_ntk_cs%253AFish%2BCakes&amp;minPrice=&amp;categoryId=25583&amp;storeId=10601&quot;,&quot;name&quot;:&quot;Fish Cakes&quot;,&quot;count&quot;:&quot;2&quot;,&quot;className&quot;:&quot;&quot;},{&quot;url&quot;:&quot;http://shop.coles.com.au/online/SearchDisplay?searchTermScope=&amp;multiSearch=&amp;searchType=2&amp;maxPrice=&amp;showResultsPage=true&amp;langId=-1&amp;beginIndex=0&amp;sType=SimpleSearch&amp;metaData=&amp;browseView=true&amp;manufacturer=&amp;resultCatEntryType=&amp;catalogId=10576&amp;pageView=&amp;facet=ads_f8_ntk_cs%253AFlavoured%2BCheese&amp;minPrice=&amp;categoryId=25583&amp;storeId=10601&quot;,&quot;name&quot;:&quot;Flavoured Cheese&quot;,&quot;count&quot;:&quot;2&quot;,&quot;className&quot;:&quot;&quot;},{&quot;url&quot;:&quot;http://shop.coles.com.au/online/SearchDisplay?searchTermScope=&amp;multiSearch=&amp;searchType=2&amp;maxPrice=&amp;showResultsPage=true&amp;langId=-1&amp;beginIndex=0&amp;sType=SimpleSearch&amp;metaData=&amp;browseView=true&amp;manufacturer=&amp;resultCatEntryType=&amp;catalogId=10576&amp;pageView=&amp;facet=ads_f8_ntk_cs%253AFlavoured%2BSausages&amp;minPrice=&amp;categoryId=25583&amp;storeId=10601&quot;,&quot;name&quot;:&quot;Flavoured Sausages&quot;,&quot;count&quot;:&quot;6&quot;,&quot;className&quot;:&quot;&quot;},{&quot;url&quot;:&quot;http://shop.coles.com.au/online/SearchDisplay?searchTermScope=&amp;multiSearch=&amp;searchType=2&amp;maxPrice=&amp;showResultsPage=true&amp;langId=-1&amp;beginIndex=0&amp;sType=SimpleSearch&amp;metaData=&amp;browseView=true&amp;manufacturer=&amp;resultCatEntryType=&amp;catalogId=10576&amp;pageView=&amp;facet=ads_f8_ntk_cs%253AFrankfurts&amp;minPrice=&amp;categoryId=25583&amp;storeId=10601&quot;,&quot;name&quot;:&quot;Frankfurts&quot;,&quot;count&quot;:&quot;12&quot;,&quot;className&quot;:&quot;&quot;},{&quot;url&quot;:&quot;http://shop.coles.com.au/online/SearchDisplay?searchTermScope=&amp;multiSearch=&amp;searchType=2&amp;maxPrice=&amp;showResultsPage=true&amp;langId=-1&amp;beginIndex=0&amp;sType=SimpleSearch&amp;metaData=&amp;browseView=true&amp;manufacturer=&amp;resultCatEntryType=&amp;catalogId=10576&amp;pageView=&amp;facet=ads_f8_ntk_cs%253AGourmet%2BDips&amp;minPrice=&amp;categoryId=25583&amp;storeId=10601&quot;,&quot;name&quot;:&quot;Gourmet Dips&quot;,&quot;count&quot;:&quot;25&quot;,&quot;className&quot;:&quot;&quot;},{&quot;url&quot;:&quot;http://shop.coles.com.au/online/SearchDisplay?searchTermScope=&amp;multiSearch=&amp;searchType=2&amp;maxPrice=&amp;showResultsPage=true&amp;langId=-1&amp;beginIndex=0&amp;sType=SimpleSearch&amp;metaData=&amp;browseView=true&amp;manufacturer=&amp;resultCatEntryType=&amp;catalogId=10576&amp;pageView=&amp;facet=ads_f8_ntk_cs%253AHam&amp;minPrice=&amp;categoryId=25583&amp;storeId=10601&quot;,&quot;name&quot;:&quot;Ham&quot;,&quot;count&quot;:&quot;13&quot;,&quot;className&quot;:&quot;&quot;},{&quot;url&quot;:&quot;http://shop.coles.com.au/online/SearchDisplay?searchTermScope=&amp;multiSearch=&amp;searchType=2&amp;maxPrice=&amp;showResultsPage=true&amp;langId=-1&amp;beginIndex=0&amp;sType=SimpleSearch&amp;metaData=&amp;browseView=true&amp;manufacturer=&amp;resultCatEntryType=&amp;catalogId=10576&amp;pageView=&amp;facet=ads_f8_ntk_cs%253AHerring&amp;minPrice=&amp;categoryId=25583&amp;storeId=10601&quot;,&quot;name&quot;:&quot;Herring&quot;,&quot;count&quot;:&quot;9&quot;,&quot;className&quot;:&quot;&quot;},{&quot;url&quot;:&quot;http://shop.coles.com.au/online/SearchDisplay?searchTermScope=&amp;multiSearch=&amp;searchType=2&amp;maxPrice=&amp;showResultsPage=true&amp;langId=-1&amp;beginIndex=0&amp;sType=SimpleSearch&amp;metaData=&amp;browseView=true&amp;manufacturer=&amp;resultCatEntryType=&amp;catalogId=10576&amp;pageView=&amp;facet=ads_f8_ntk_cs%253AHorseradish&amp;minPrice=&amp;categoryId=25583&amp;storeId=10601&quot;,&quot;name&quot;:&quot;Horseradish&quot;,&quot;count&quot;:&quot;3&quot;,&quot;className&quot;:&quot;&quot;},{&quot;url&quot;:&quot;http://shop.coles.com.au/online/SearchDisplay?searchTermScope=&amp;multiSearch=&amp;searchType=2&amp;maxPrice=&amp;showResultsPage=true&amp;langId=-1&amp;beginIndex=0&amp;sType=SimpleSearch&amp;metaData=&amp;browseView=true&amp;manufacturer=&amp;resultCatEntryType=&amp;catalogId=10576&amp;pageView=&amp;facet=ads_f8_ntk_cs%253AKabana&amp;minPrice=&amp;categoryId=25583&amp;storeId=10601&quot;,&quot;name&quot;:&quot;Kabana&quot;,&quot;count&quot;:&quot;1&quot;,&quot;className&quot;:&quot;&quot;},{&quot;url&quot;:&quot;http://shop.coles.com.au/online/SearchDisplay?searchTermScope=&amp;multiSearch=&amp;searchType=2&amp;maxPrice=&amp;showResultsPage=true&amp;langId=-1&amp;beginIndex=0&amp;sType=SimpleSearch&amp;metaData=&amp;browseView=true&amp;manufacturer=&amp;resultCatEntryType=&amp;catalogId=10576&amp;pageView=&amp;facet=ads_f8_ntk_cs%253AKebabs&amp;minPrice=&amp;categoryId=25583&amp;storeId=10601&quot;,&quot;name&quot;:&quot;Kebabs&quot;,&quot;count&quot;:&quot;5&quot;,&quot;className&quot;:&quot;&quot;},{&quot;url&quot;:&quot;http://shop.coles.com.au/online/SearchDisplay?searchTermScope=&amp;multiSearch=&amp;searchType=2&amp;maxPrice=&amp;showResultsPage=true&amp;langId=-1&amp;beginIndex=0&amp;sType=SimpleSearch&amp;metaData=&amp;browseView=true&amp;manufacturer=&amp;resultCatEntryType=&amp;catalogId=10576&amp;pageView=&amp;facet=ads_f8_ntk_cs%253AKievs&amp;minPrice=&amp;categoryId=25583&amp;storeId=10601&quot;,&quot;name&quot;:&quot;Kievs&quot;,&quot;count&quot;:&quot;3&quot;,&quot;className&quot;:&quot;&quot;},{&quot;url&quot;:&quot;http://shop.coles.com.au/online/SearchDisplay?searchTermScope=&amp;multiSearch=&amp;searchType=2&amp;maxPrice=&amp;showResultsPage=true&amp;langId=-1&amp;beginIndex=0&amp;sType=SimpleSearch&amp;metaData=&amp;browseView=true&amp;manufacturer=&amp;resultCatEntryType=&amp;catalogId=10576&amp;pageView=&amp;facet=ads_f8_ntk_cs%253AKnobs&amp;minPrice=&amp;categoryId=25583&amp;storeId=10601&quot;,&quot;name&quot;:&quot;Knobs&quot;,&quot;count&quot;:&quot;4&quot;,&quot;className&quot;:&quot;&quot;},{&quot;url&quot;:&quot;http://shop.coles.com.au/online/SearchDisplay?searchTermScope=&amp;multiSearch=&amp;searchType=2&amp;maxPrice=&amp;showResultsPage=true&amp;langId=-1&amp;beginIndex=0&amp;sType=SimpleSearch&amp;metaData=&amp;browseView=true&amp;manufacturer=&amp;resultCatEntryType=&amp;catalogId=10576&amp;pageView=&amp;facet=ads_f8_ntk_cs%253AKosher%2BDips&amp;minPrice=&amp;categoryId=25583&amp;storeId=10601&quot;,&quot;name&quot;:&quot;Kosher Dips&quot;,&quot;count&quot;:&quot;46&quot;,&quot;className&quot;:&quot;&quot;},{&quot;url&quot;:&quot;http://shop.coles.com.au/online/SearchDisplay?searchTermScope=&amp;multiSearch=&amp;searchType=2&amp;maxPrice=&amp;showResultsPage=true&amp;langId=-1&amp;beginIndex=0&amp;sType=SimpleSearch&amp;metaData=&amp;browseView=true&amp;manufacturer=&amp;resultCatEntryType=&amp;catalogId=10576&amp;pageView=&amp;facet=ads_f8_ntk_cs%253AKransky&amp;minPrice=&amp;categoryId=25583&amp;storeId=10601&quot;,&quot;name&quot;:&quot;Kransky&quot;,&quot;count&quot;:&quot;1&quot;,&quot;className&quot;:&quot;&quot;},{&quot;url&quot;:&quot;http://shop.coles.com.au/online/SearchDisplay?searchTermScope=&amp;multiSearch=&amp;searchType=2&amp;maxPrice=&amp;showResultsPage=true&amp;langId=-1&amp;beginIndex=0&amp;sType=SimpleSearch&amp;metaData=&amp;browseView=true&amp;manufacturer=&amp;resultCatEntryType=&amp;catalogId=10576&amp;pageView=&amp;facet=ads_f8_ntk_cs%253AMeat%2BPlatters&amp;minPrice=&amp;categoryId=25583&amp;storeId=10601&quot;,&quot;name&quot;:&quot;Meat Platters&quot;,&quot;count&quot;:&quot;1&quot;,&quot;className&quot;:&quot;&quot;},{&quot;url&quot;:&quot;http://shop.coles.com.au/online/SearchDisplay?searchTermScope=&amp;multiSearch=&amp;searchType=2&amp;maxPrice=&amp;showResultsPage=true&amp;langId=-1&amp;beginIndex=0&amp;sType=SimpleSearch&amp;metaData=&amp;browseView=true&amp;manufacturer=&amp;resultCatEntryType=&amp;catalogId=10576&amp;pageView=&amp;facet=ads_f8_ntk_cs%253AMeatballs&amp;minPrice=&amp;categoryId=25583&amp;storeId=10601&quot;,&quot;name&quot;:&quot;Meatballs&quot;,&quot;count&quot;:&quot;5&quot;,&quot;className&quot;:&quot;&quot;},{&quot;url&quot;:&quot;http://shop.coles.com.au/online/SearchDisplay?searchTermScope=&amp;multiSearch=&amp;searchType=2&amp;maxPrice=&amp;showResultsPage=true&amp;langId=-1&amp;beginIndex=0&amp;sType=SimpleSearch&amp;metaData=&amp;browseView=true&amp;manufacturer=&amp;resultCatEntryType=&amp;catalogId=10576&amp;pageView=&amp;facet=ads_f8_ntk_cs%253AMiddle%2BCut%2BBacon&amp;minPrice=&amp;categoryId=25583&amp;storeId=10601&quot;,&quot;name&quot;:&quot;Middle Cut Bacon&quot;,&quot;count&quot;:&quot;7&quot;,&quot;className&quot;:&quot;&quot;},{&quot;url&quot;:&quot;http://shop.coles.com.au/online/SearchDisplay?searchTermScope=&amp;multiSearch=&amp;searchType=2&amp;maxPrice=&amp;showResultsPage=true&amp;langId=-1&amp;beginIndex=0&amp;sType=SimpleSearch&amp;metaData=&amp;browseView=true&amp;manufacturer=&amp;resultCatEntryType=&amp;catalogId=10576&amp;pageView=&amp;facet=ads_f8_ntk_cs%253AMince&amp;minPrice=&amp;categoryId=25583&amp;storeId=10601&quot;,&quot;name&quot;:&quot;Mince&quot;,&quot;count&quot;:&quot;21&quot;,&quot;className&quot;:&quot;&quot;},{&quot;url&quot;:&quot;http://shop.coles.com.au/online/SearchDisplay?searchTermScope=&amp;multiSearch=&amp;searchType=2&amp;maxPrice=&amp;showResultsPage=true&amp;langId=-1&amp;beginIndex=0&amp;sType=SimpleSearch&amp;metaData=&amp;browseView=true&amp;manufacturer=&amp;resultCatEntryType=&amp;catalogId=10576&amp;pageView=&amp;facet=ads_f8_ntk_cs%253AMixed%2BAntipasto&amp;minPrice=&amp;categoryId=25583&amp;storeId=10601&quot;,&quot;name&quot;:&quot;Mixed Antipasto&quot;,&quot;count&quot;:&quot;1&quot;,&quot;className&quot;:&quot;&quot;},{&quot;url&quot;:&quot;http://shop.coles.com.au/online/SearchDisplay?searchTermScope=&amp;multiSearch=&amp;searchType=2&amp;maxPrice=&amp;showResultsPage=true&amp;langId=-1&amp;beginIndex=0&amp;sType=SimpleSearch&amp;metaData=&amp;browseView=true&amp;manufacturer=&amp;resultCatEntryType=&amp;catalogId=10576&amp;pageView=&amp;facet=ads_f8_ntk_cs%253AMixed%2BBBQ&amp;minPrice=&amp;categoryId=25583&amp;storeId=10601&quot;,&quot;name&quot;:&quot;Mixed BBQ&quot;,&quot;count&quot;:&quot;1&quot;,&quot;className&quot;:&quot;&quot;},{&quot;url&quot;:&quot;http://shop.coles.com.au/online/SearchDisplay?searchTermScope=&amp;multiSearch=&amp;searchType=2&amp;maxPrice=&amp;showResultsPage=true&amp;langId=-1&amp;beginIndex=0&amp;sType=SimpleSearch&amp;metaData=&amp;browseView=true&amp;manufacturer=&amp;resultCatEntryType=&amp;catalogId=10576&amp;pageView=&amp;facet=ads_f8_ntk_cs%253AMozzarella&amp;minPrice=&amp;categoryId=25583&amp;storeId=10601&quot;,&quot;name&quot;:&quot;Mozzarella&quot;,&quot;count&quot;:&quot;1&quot;,&quot;className&quot;:&quot;&quot;},{&quot;url&quot;:&quot;http://shop.coles.com.au/online/SearchDisplay?searchTermScope=&amp;multiSearch=&amp;searchType=2&amp;maxPrice=&amp;showResultsPage=true&amp;langId=-1&amp;beginIndex=0&amp;sType=SimpleSearch&amp;metaData=&amp;browseView=true&amp;manufacturer=&amp;resultCatEntryType=&amp;catalogId=10576&amp;pageView=&amp;facet=ads_f8_ntk_cs%253AMussels&amp;minPrice=&amp;categoryId=25583&amp;storeId=10601&quot;,&quot;name&quot;:&quot;Mussels&quot;,&quot;count&quot;:&quot;3&quot;,&quot;className&quot;:&quot;&quot;},{&quot;url&quot;:&quot;http://shop.coles.com.au/online/SearchDisplay?searchTermScope=&amp;multiSearch=&amp;searchType=2&amp;maxPrice=&amp;showResultsPage=true&amp;langId=-1&amp;beginIndex=0&amp;sType=SimpleSearch&amp;metaData=&amp;browseView=true&amp;manufacturer=&amp;resultCatEntryType=&amp;catalogId=10576&amp;pageView=&amp;facet=ads_f8_ntk_cs%253AOctopus&amp;minPrice=&amp;categoryId=25583&amp;storeId=10601&quot;,&quot;name&quot;:&quot;Octopus&quot;,&quot;count&quot;:&quot;1&quot;,&quot;className&quot;:&quot;&quot;},{&quot;url&quot;:&quot;http://shop.coles.com.au/online/SearchDisplay?searchTermScope=&amp;multiSearch=&amp;searchType=2&amp;maxPrice=&amp;showResultsPage=true&amp;langId=-1&amp;beginIndex=0&amp;sType=SimpleSearch&amp;metaData=&amp;browseView=true&amp;manufacturer=&amp;resultCatEntryType=&amp;catalogId=10576&amp;pageView=&amp;facet=ads_f8_ntk_cs%253AOffal%2B%2526%2BBones&amp;minPrice=&amp;categoryId=25583&amp;storeId=10601&quot;,&quot;name&quot;:&quot;Offal &amp; Bones&quot;,&quot;count&quot;:&quot;12&quot;,&quot;className&quot;:&quot;&quot;},{&quot;url&quot;:&quot;http://shop.coles.com.au/online/SearchDisplay?searchTermScope=&amp;multiSearch=&amp;searchType=2&amp;maxPrice=&amp;showResultsPage=true&amp;langId=-1&amp;beginIndex=0&amp;sType=SimpleSearch&amp;metaData=&amp;browseView=true&amp;manufacturer=&amp;resultCatEntryType=&amp;catalogId=10576&amp;pageView=&amp;facet=ads_f8_ntk_cs%253AOlives&amp;minPrice=&amp;categoryId=25583&amp;storeId=10601&quot;,&quot;name&quot;:&quot;Olives&quot;,&quot;count&quot;:&quot;2&quot;,&quot;className&quot;:&quot;&quot;},{&quot;url&quot;:&quot;http://shop.coles.com.au/online/SearchDisplay?searchTermScope=&amp;multiSearch=&amp;searchType=2&amp;maxPrice=&amp;showResultsPage=true&amp;langId=-1&amp;beginIndex=0&amp;sType=SimpleSearch&amp;metaData=&amp;browseView=true&amp;manufacturer=&amp;resultCatEntryType=&amp;catalogId=10576&amp;pageView=&amp;facet=ads_f8_ntk_cs%253AOysters&amp;minPrice=&amp;categoryId=25583&amp;storeId=10601&quot;,&quot;name&quot;:&quot;Oysters&quot;,&quot;count&quot;:&quot;1&quot;,&quot;className&quot;:&quot;&quot;},{&quot;url&quot;:&quot;http://shop.coles.com.au/online/SearchDisplay?searchTermScope=&amp;multiSearch=&amp;searchType=2&amp;maxPrice=&amp;showResultsPage=true&amp;langId=-1&amp;beginIndex=0&amp;sType=SimpleSearch&amp;metaData=&amp;browseView=true&amp;manufacturer=&amp;resultCatEntryType=&amp;catalogId=10576&amp;pageView=&amp;facet=ads_f8_ntk_cs%253APancetta%2B%2526%2BProsciutto&amp;minPrice=&amp;categoryId=25583&amp;storeId=10601&quot;,&quot;name&quot;:&quot;Pancetta &amp; Prosciutto&quot;,&quot;count&quot;:&quot;3&quot;,&quot;className&quot;:&quot;&quot;},{&quot;url&quot;:&quot;http://shop.coles.com.au/online/SearchDisplay?searchTermScope=&amp;multiSearch=&amp;searchType=2&amp;maxPrice=&amp;showResultsPage=true&amp;langId=-1&amp;beginIndex=0&amp;sType=SimpleSearch&amp;metaData=&amp;browseView=true&amp;manufacturer=&amp;resultCatEntryType=&amp;catalogId=10576&amp;pageView=&amp;facet=ads_f8_ntk_cs%253APastrami&amp;minPrice=&amp;categoryId=25583&amp;storeId=10601&quot;,&quot;name&quot;:&quot;Pastrami&quot;,&quot;count&quot;:&quot;2&quot;,&quot;className&quot;:&quot;&quot;},{&quot;url&quot;:&quot;http://shop.coles.com.au/online/SearchDisplay?searchTermScope=&amp;multiSearch=&amp;searchType=2&amp;maxPrice=&amp;showResultsPage=true&amp;langId=-1&amp;beginIndex=0&amp;sType=SimpleSearch&amp;metaData=&amp;browseView=true&amp;manufacturer=&amp;resultCatEntryType=&amp;catalogId=10576&amp;pageView=&amp;facet=ads_f8_ntk_cs%253APate&amp;minPrice=&amp;categoryId=25583&amp;storeId=10601&quot;,&quot;name&quot;:&quot;Pate&quot;,&quot;count&quot;:&quot;6&quot;,&quot;className&quot;:&quot;&quot;},{&quot;url&quot;:&quot;http://shop.coles.com.au/online/SearchDisplay?searchTermScope=&amp;multiSearch=&amp;searchType=2&amp;maxPrice=&amp;showResultsPage=true&amp;langId=-1&amp;beginIndex=0&amp;sType=SimpleSearch&amp;metaData=&amp;browseView=true&amp;manufacturer=&amp;resultCatEntryType=&amp;catalogId=10576&amp;pageView=&amp;facet=ads_f8_ntk_cs%253APepperoni&amp;minPrice=&amp;categoryId=25583&amp;storeId=10601&quot;,&quot;name&quot;:&quot;Pepperoni&quot;,&quot;count&quot;:&quot;5&quot;,&quot;className&quot;:&quot;&quot;},{&quot;url&quot;:&quot;http://shop.coles.com.au/online/SearchDisplay?searchTermScope=&amp;multiSearch=&amp;searchType=2&amp;maxPrice=&amp;showResultsPage=true&amp;langId=-1&amp;beginIndex=0&amp;sType=SimpleSearch&amp;metaData=&amp;browseView=true&amp;manufacturer=&amp;resultCatEntryType=&amp;catalogId=10576&amp;pageView=&amp;facet=ads_f8_ntk_cs%253APlain%2BSausages&amp;minPrice=&amp;categoryId=25583&amp;storeId=10601&quot;,&quot;name&quot;:&quot;Plain Sausages&quot;,&quot;count&quot;:&quot;6&quot;,&quot;className&quot;:&quot;&quot;},{&quot;url&quot;:&quot;http://shop.coles.com.au/online/SearchDisplay?searchTermScope=&amp;multiSearch=&amp;searchType=2&amp;maxPrice=&amp;showResultsPage=true&amp;langId=-1&amp;beginIndex=0&amp;sType=SimpleSearch&amp;metaData=&amp;browseView=true&amp;manufacturer=&amp;resultCatEntryType=&amp;catalogId=10576&amp;pageView=&amp;facet=ads_f8_ntk_cs%253APoultry%2BPortions&amp;minPrice=&amp;categoryId=25583&amp;storeId=10601&quot;,&quot;name&quot;:&quot;Poultry Portions&quot;,&quot;count&quot;:&quot;1&quot;,&quot;className&quot;:&quot;&quot;},{&quot;url&quot;:&quot;http://shop.coles.com.au/online/SearchDisplay?searchTermScope=&amp;multiSearch=&amp;searchType=2&amp;maxPrice=&amp;showResultsPage=true&amp;langId=-1&amp;beginIndex=0&amp;sType=SimpleSearch&amp;metaData=&amp;browseView=true&amp;manufacturer=&amp;resultCatEntryType=&amp;catalogId=10576&amp;pageView=&amp;facet=ads_f8_ntk_cs%253APrawns%2B%2526%2BMarinara%2Bmix&amp;minPrice=&amp;categoryId=25583&amp;storeId=10601&quot;,&quot;name&quot;:&quot;Prawns &amp; Marinara mix&quot;,&quot;count&quot;:&quot;2&quot;,&quot;className&quot;:&quot;&quot;},{&quot;url&quot;:&quot;http://shop.coles.com.au/online/SearchDisplay?searchTermScope=&amp;multiSearch=&amp;searchType=2&amp;maxPrice=&amp;showResultsPage=true&amp;langId=-1&amp;beginIndex=0&amp;sType=SimpleSearch&amp;metaData=&amp;browseView=true&amp;manufacturer=&amp;resultCatEntryType=&amp;catalogId=10576&amp;pageView=&amp;facet=ads_f8_ntk_cs%253ARoasts&amp;minPrice=&amp;categoryId=25583&amp;storeId=10601&quot;,&quot;name&quot;:&quot;Roasts&quot;,&quot;count&quot;:&quot;49&quot;,&quot;className&quot;:&quot;&quot;},{&quot;url&quot;:&quot;http://shop.coles.com.au/online/SearchDisplay?searchTermScope=&amp;multiSearch=&amp;searchType=2&amp;maxPrice=&amp;showResultsPage=true&amp;langId=-1&amp;beginIndex=0&amp;sType=SimpleSearch&amp;metaData=&amp;browseView=true&amp;manufacturer=&amp;resultCatEntryType=&amp;catalogId=10576&amp;pageView=&amp;facet=ads_f8_ntk_cs%253ASalami&amp;minPrice=&amp;categoryId=25583&amp;storeId=10601&quot;,&quot;name&quot;:&quot;Salami&quot;,&quot;count&quot;:&quot;19&quot;,&quot;className&quot;:&quot;&quot;},{&quot;url&quot;:&quot;http://shop.coles.com.au/online/SearchDisplay?searchTermScope=&amp;multiSearch=&amp;searchType=2&amp;maxPrice=&amp;showResultsPage=true&amp;langId=-1&amp;beginIndex=0&amp;sType=SimpleSearch&amp;metaData=&amp;browseView=true&amp;manufacturer=&amp;resultCatEntryType=&amp;catalogId=10576&amp;pageView=&amp;facet=ads_f8_ntk_cs%253ASalmon%2B%2526%2BTrout%2BFillets&amp;minPrice=&amp;categoryId=25583&amp;storeId=10601&quot;,&quot;name&quot;:&quot;Salmon &amp; Trout Fillets&quot;,&quot;count&quot;:&quot;24&quot;,&quot;className&quot;:&quot;&quot;},{&quot;url&quot;:&quot;http://shop.coles.com.au/online/SearchDisplay?searchTermScope=&amp;multiSearch=&amp;searchType=2&amp;maxPrice=&amp;showResultsPage=true&amp;langId=-1&amp;beginIndex=0&amp;sType=SimpleSearch&amp;metaData=&amp;browseView=true&amp;manufacturer=&amp;resultCatEntryType=&amp;catalogId=10576&amp;pageView=&amp;facet=ads_f8_ntk_cs%253ASausages&amp;minPrice=&amp;categoryId=25583&amp;storeId=10601&quot;,&quot;name&quot;:&quot;Sausages&quot;,&quot;count&quot;:&quot;21&quot;,&quot;className&quot;:&quot;&quot;},{&quot;url&quot;:&quot;http://shop.coles.com.au/online/SearchDisplay?searchTermScope=&amp;multiSearch=&amp;searchType=2&amp;maxPrice=&amp;showResultsPage=true&amp;langId=-1&amp;beginIndex=0&amp;sType=SimpleSearch&amp;metaData=&amp;browseView=true&amp;manufacturer=&amp;resultCatEntryType=&amp;catalogId=10576&amp;pageView=&amp;facet=ads_f8_ntk_cs%253AScallops&amp;minPrice=&amp;categoryId=25583&amp;storeId=10601&quot;,&quot;name&quot;:&quot;Scallops&quot;,&quot;count&quot;:&quot;1&quot;,&quot;className&quot;:&quot;&quot;},{&quot;url&quot;:&quot;http://shop.coles.com.au/online/SearchDisplay?searchTermScope=&amp;multiSearch=&amp;searchType=2&amp;maxPrice=&amp;showResultsPage=true&amp;langId=-1&amp;beginIndex=0&amp;sType=SimpleSearch&amp;metaData=&amp;browseView=true&amp;manufacturer=&amp;resultCatEntryType=&amp;catalogId=10576&amp;pageView=&amp;facet=ads_f8_ntk_cs%253ASchnitzels&amp;minPrice=&amp;categoryId=25583&amp;storeId=10601&quot;,&quot;name&quot;:&quot;Schnitzels&quot;,&quot;count&quot;:&quot;8&quot;,&quot;className&quot;:&quot;&quot;},{&quot;url&quot;:&quot;http://shop.coles.com.au/online/SearchDisplay?searchTermScope=&amp;multiSearch=&amp;searchType=2&amp;maxPrice=&amp;showResultsPage=true&amp;langId=-1&amp;beginIndex=0&amp;sType=SimpleSearch&amp;metaData=&amp;browseView=true&amp;manufacturer=&amp;resultCatEntryType=&amp;catalogId=10576&amp;pageView=&amp;facet=ads_f8_ntk_cs%253AShanks&amp;minPrice=&amp;categoryId=25583&amp;storeId=10601&quot;,&quot;name&quot;:&quot;Shanks&quot;,&quot;count&quot;:&quot;5&quot;,&quot;className&quot;:&quot;&quot;},{&quot;url&quot;:&quot;http://shop.coles.com.au/online/SearchDisplay?searchTermScope=&amp;multiSearch=&amp;searchType=2&amp;maxPrice=&amp;showResultsPage=true&amp;langId=-1&amp;beginIndex=0&amp;sType=SimpleSearch&amp;metaData=&amp;browseView=true&amp;manufacturer=&amp;resultCatEntryType=&amp;catalogId=10576&amp;pageView=&amp;facet=ads_f8_ntk_cs%253AShort%2BCut%2BBacon&amp;minPrice=&amp;categoryId=25583&amp;storeId=10601&quot;,&quot;name&quot;:&quot;Short Cut Bacon&quot;,&quot;count&quot;:&quot;12&quot;,&quot;className&quot;:&quot;&quot;},{&quot;url&quot;:&quot;http://shop.coles.com.au/online/SearchDisplay?searchTermScope=&amp;multiSearch=&amp;searchType=2&amp;maxPrice=&amp;showResultsPage=true&amp;langId=-1&amp;beginIndex=0&amp;sType=SimpleSearch&amp;metaData=&amp;browseView=true&amp;manufacturer=&amp;resultCatEntryType=&amp;catalogId=10576&amp;pageView=&amp;facet=ads_f8_ntk_cs%253ASliced%2BCheese&amp;minPrice=&amp;categoryId=25583&amp;storeId=10601&quot;,&quot;name&quot;:&quot;Sliced Cheese&quot;,&quot;count&quot;:&quot;2&quot;,&quot;className&quot;:&quot;&quot;},{&quot;url&quot;:&quot;http://shop.coles.com.au/online/SearchDisplay?searchTermScope=&amp;multiSearch=&amp;searchType=2&amp;maxPrice=&amp;showResultsPage=true&amp;langId=-1&amp;beginIndex=0&amp;sType=SimpleSearch&amp;metaData=&amp;browseView=true&amp;manufacturer=&amp;resultCatEntryType=&amp;catalogId=10576&amp;pageView=&amp;facet=ads_f8_ntk_cs%253ASteak&amp;minPrice=&amp;categoryId=25583&amp;storeId=10601&quot;,&quot;name&quot;:&quot;Steak&quot;,&quot;count&quot;:&quot;50&quot;,&quot;className&quot;:&quot;&quot;},{&quot;url&quot;:&quot;http://shop.coles.com.au/online/SearchDisplay?searchTermScope=&amp;multiSearch=&amp;searchType=2&amp;maxPrice=&amp;showResultsPage=true&amp;langId=-1&amp;beginIndex=0&amp;sType=SimpleSearch&amp;metaData=&amp;browseView=true&amp;manufacturer=&amp;resultCatEntryType=&amp;catalogId=10576&amp;pageView=&amp;facet=ads_f8_ntk_cs%253ASundried%2BTomatoes&amp;minPrice=&amp;categoryId=25583&amp;storeId=10601&quot;,&quot;name&quot;:&quot;Sundried Tomatoes&quot;,&quot;count&quot;:&quot;1&quot;,&quot;className&quot;:&quot;&quot;},{&quot;url&quot;:&quot;http://shop.coles.com.au/online/SearchDisplay?searchTermScope=&amp;multiSearch=&amp;searchType=2&amp;maxPrice=&amp;showResultsPage=true&amp;langId=-1&amp;beginIndex=0&amp;sType=SimpleSearch&amp;metaData=&amp;browseView=true&amp;manufacturer=&amp;resultCatEntryType=&amp;catalogId=10576&amp;pageView=&amp;facet=ads_f8_ntk_cs%253ASwiss%2BCheese&amp;minPrice=&amp;categoryId=25583&amp;storeId=10601&quot;,&quot;name&quot;:&quot;Swiss Cheese&quot;,&quot;count&quot;:&quot;2&quot;,&quot;className&quot;:&quot;&quot;},{&quot;url&quot;:&quot;http://shop.coles.com.au/online/SearchDisplay?searchTermScope=&amp;multiSearch=&amp;searchType=2&amp;maxPrice=&amp;showResultsPage=true&amp;langId=-1&amp;beginIndex=0&amp;sType=SimpleSearch&amp;metaData=&amp;browseView=true&amp;manufacturer=&amp;resultCatEntryType=&amp;catalogId=10576&amp;pageView=&amp;facet=ads_f8_ntk_cs%253ATasty%2BCheese&amp;minPrice=&amp;categoryId=25583&amp;storeId=10601&quot;,&quot;name&quot;:&quot;Tasty Cheese&quot;,&quot;count&quot;:&quot;2&quot;,&quot;className&quot;:&quot;&quot;},{&quot;url&quot;:&quot;http://shop.coles.com.au/online/SearchDisplay?searchTermScope=&amp;multiSearch=&amp;searchType=2&amp;maxPrice=&amp;showResultsPage=true&amp;langId=-1&amp;beginIndex=0&amp;sType=SimpleSearch&amp;metaData=&amp;browseView=true&amp;manufacturer=&amp;resultCatEntryType=&amp;catalogId=10576&amp;pageView=&amp;facet=ads_f8_ntk_cs%253ATurkey%2B%2526%2BChicken&amp;minPrice=&amp;categoryId=25583&amp;storeId=10601&quot;,&quot;name&quot;:&quot;Turkey &amp; Chicken&quot;,&quot;count&quot;:&quot;8&quot;,&quot;className&quot;:&quot;&quot;},{&quot;url&quot;:&quot;http://shop.coles.com.au/online/SearchDisplay?searchTermScope=&amp;multiSearch=&amp;searchType=2&amp;maxPrice=&amp;showResultsPage=true&amp;langId=-1&amp;beginIndex=0&amp;sType=SimpleSearch&amp;metaData=&amp;browseView=true&amp;manufacturer=&amp;resultCatEntryType=&amp;catalogId=10576&amp;pageView=&amp;facet=ads_f8_ntk_cs%253AWhite%2BFish%2BFillets&amp;minPrice=&amp;categoryId=25583&amp;storeId=10601&quot;,&quot;name&quot;:&quot;White Fish Fillets&quot;,&quot;count&quot;:&quot;1&quot;,&quot;className&quot;:&quot;&quot;},{&quot;url&quot;:&quot;http://shop.coles.com.au/online/SearchDisplay?searchTermScope=&amp;multiSearch=&amp;searchType=2&amp;maxPrice=&amp;showResultsPage=true&amp;langId=-1&amp;beginIndex=0&amp;sType=SimpleSearch&amp;metaData=&amp;browseView=true&amp;manufacturer=&amp;resultCatEntryType=&amp;catalogId=10576&amp;pageView=&amp;facet=ads_f8_ntk_cs%253AWhole%2B%2526%2BRoast&amp;minPrice=&amp;categoryId=25583&amp;storeId=10601&quot;,&quot;name&quot;:&quot;Whole &amp; Roast&quot;,&quot;count&quot;:&quot;8&quot;,&quot;className&quot;:&quot;&quot;},{&quot;url&quot;:&quot;http://shop.coles.com.au/online/SearchDisplay?searchTermScope=&amp;multiSearch=&amp;searchType=2&amp;maxPrice=&amp;showResultsPage=true&amp;langId=-1&amp;beginIndex=0&amp;sType=SimpleSearch&amp;metaData=&amp;browseView=true&amp;manufacturer=&amp;resultCatEntryType=&amp;catalogId=10576&amp;pageView=&amp;facet=ads_f8_ntk_cs%253AWhole%2B%2526%2BRoast%2BBirds&amp;minPrice=&amp;categoryId=25583&amp;storeId=10601&quot;,&quot;name&quot;:&quot;Whole &amp; Roast Birds&quot;,&quot;count&quot;:&quot;1&quot;,&quot;className&quot;:&quot;&quot;},{&quot;url&quot;:&quot;http://shop.coles.com.au/online/SearchDisplay?searchTermScope=&amp;multiSearch=&amp;searchType=2&amp;maxPrice=&amp;showResultsPage=true&amp;langId=-1&amp;beginIndex=0&amp;sType=SimpleSearch&amp;metaData=&amp;browseView=true&amp;manufacturer=&amp;resultCatEntryType=&amp;catalogId=10576&amp;pageView=&amp;facet=ads_f8_ntk_cs%253AWings%2B%2526%2BDrumsticks&amp;minPrice=&amp;categoryId=25583&amp;storeId=10601&quot;,&quot;name&quot;:&quot;Wings &amp; Drumsticks&quot;,&quot;count&quot;:&quot;12&quot;,&quot;className&quot;:&quot;&quot;}]}" title="View other types">+  view 58 other types</a></li>
	     		
    		</ul>
		</li>
		
		<li role="presentation">
			<h3>Dietary</h3>
			
					<a class="2" href="http://shop.coles.com.au/online/SearchDisplay?multiSearch=&amp;showResultsPage=true&amp;langId=-1&amp;beginIndex=100&amp;sType=SimpleSearch&amp;browseView=true&amp;pageSize=100&amp;resultCatEntryType=&amp;catalogId=10576&amp;pageView=image&amp;urlLangId=-1&amp;categoryId=25583&amp;storeId=10601" name="type-Dietary" title=""><span class="cat-facet">Show all</span>&nbsp;<span role="presentation" aria-hidden="true" class="cat-count">(997)</span><span class="cat-count accessibility">(997items)</span></a>
				
  			<ul>
	     		
							<li>
								
										<a href="http://shop.coles.com.au/online/SearchDisplay?searchTermScope=&amp;multiSearch=&amp;searchType=2&amp;maxPrice=&amp;showResultsPage=true&amp;langId=-1&amp;beginIndex=0&amp;sType=SimpleSearch&amp;metaData=&amp;browseView=true&amp;manufacturer=&amp;resultCatEntryType=&amp;catalogId=10576&amp;pageView=&amp;facet=ads_f3_ntk_cs%253A97%2525%2BFat%2BFree&amp;minPrice=&amp;categoryId=25583&amp;storeId=10601" name="type-Dietary" title=""><span class="cat-facet">97% Fat Free</span>&nbsp;<span role="presentation" aria-hidden="true" class="cat-count">(17)</span><span class="cat-count accessibility">(17items)</span></a>
									
							</li>
			     		
							<li>
								
										<a href="http://shop.coles.com.au/online/SearchDisplay?searchTermScope=&amp;multiSearch=&amp;searchType=2&amp;maxPrice=&amp;showResultsPage=true&amp;langId=-1&amp;beginIndex=0&amp;sType=SimpleSearch&amp;metaData=&amp;browseView=true&amp;manufacturer=&amp;resultCatEntryType=&amp;catalogId=10576&amp;pageView=&amp;facet=ads_f3_ntk_cs%253A98%2525%2BFat%2BFree&amp;minPrice=&amp;categoryId=25583&amp;storeId=10601" name="type-Dietary" title=""><span class="cat-facet">98% Fat Free</span>&nbsp;<span role="presentation" aria-hidden="true" class="cat-count">(1)</span><span class="cat-count accessibility">(1items)</span></a>
									
							</li>
			     		
							<li>
								
										<a href="http://shop.coles.com.au/online/SearchDisplay?searchTermScope=&amp;multiSearch=&amp;searchType=2&amp;maxPrice=&amp;showResultsPage=true&amp;langId=-1&amp;beginIndex=0&amp;sType=SimpleSearch&amp;metaData=&amp;browseView=true&amp;manufacturer=&amp;resultCatEntryType=&amp;catalogId=10576&amp;pageView=&amp;facet=ads_f3_ntk_cs%253A99%2525%2BFat%2BFree&amp;minPrice=&amp;categoryId=25583&amp;storeId=10601" name="type-Dietary" title=""><span class="cat-facet">99% Fat Free</span>&nbsp;<span role="presentation" aria-hidden="true" class="cat-count">(1)</span><span class="cat-count accessibility">(1items)</span></a>
									
							</li>
			     		
							<li>
								
										<a href="http://shop.coles.com.au/online/SearchDisplay?searchTermScope=&amp;multiSearch=&amp;searchType=2&amp;maxPrice=&amp;showResultsPage=true&amp;langId=-1&amp;beginIndex=0&amp;sType=SimpleSearch&amp;metaData=&amp;browseView=true&amp;manufacturer=&amp;resultCatEntryType=&amp;catalogId=10576&amp;pageView=&amp;facet=ads_f3_ntk_cs%253ANo%2BAdded%2BColours&amp;minPrice=&amp;categoryId=25583&amp;storeId=10601" name="type-Dietary" title=""><span class="cat-facet">No Added Colours</span>&nbsp;<span role="presentation" aria-hidden="true" class="cat-count">(1)</span><span class="cat-count accessibility">(1items)</span></a>
									
							</li>
			     		
							<li>
								
										<a href="http://shop.coles.com.au/online/SearchDisplay?searchTermScope=&amp;multiSearch=&amp;searchType=2&amp;maxPrice=&amp;showResultsPage=true&amp;langId=-1&amp;beginIndex=0&amp;sType=SimpleSearch&amp;metaData=&amp;browseView=true&amp;manufacturer=&amp;resultCatEntryType=&amp;catalogId=10576&amp;pageView=&amp;facet=ads_f3_ntk_cs%253ANo%2BArtificial%2BFlavours%2Bor%2BColours&amp;minPrice=&amp;categoryId=25583&amp;storeId=10601" name="type-Dietary" title=""><span class="cat-facet">No Artificial Flavours or Colours</span>&nbsp;<span role="presentation" aria-hidden="true" class="cat-count">(53)</span><span class="cat-count accessibility">(53items)</span></a>
									
							</li>
			     		
							<li>
								
										<a href="http://shop.coles.com.au/online/SearchDisplay?searchTermScope=&amp;multiSearch=&amp;searchType=2&amp;maxPrice=&amp;showResultsPage=true&amp;langId=-1&amp;beginIndex=0&amp;sType=SimpleSearch&amp;metaData=&amp;browseView=true&amp;manufacturer=&amp;resultCatEntryType=&amp;catalogId=10576&amp;pageView=&amp;facet=ads_f3_ntk_cs%253ANo%2BPreservatives&amp;minPrice=&amp;categoryId=25583&amp;storeId=10601" name="type-Dietary" title=""><span class="cat-facet">No Preservatives</span>&nbsp;<span role="presentation" aria-hidden="true" class="cat-count">(35)</span><span class="cat-count accessibility">(35items)</span></a>
									
							</li>
			     		
							<li>
								
										<a href="http://shop.coles.com.au/online/SearchDisplay?searchTermScope=&amp;multiSearch=&amp;searchType=2&amp;maxPrice=&amp;showResultsPage=true&amp;langId=-1&amp;beginIndex=0&amp;sType=SimpleSearch&amp;metaData=&amp;browseView=true&amp;manufacturer=&amp;resultCatEntryType=&amp;catalogId=10576&amp;pageView=&amp;facet=ads_f3_ntk_cs%253AOmega%2B3&amp;minPrice=&amp;categoryId=25583&amp;storeId=10601" name="type-Dietary" title=""><span class="cat-facet">Omega 3</span>&nbsp;<span role="presentation" aria-hidden="true" class="cat-count">(15)</span><span class="cat-count accessibility">(15items)</span></a>
									
							</li>
			     		
    		</ul>
		</li>
		
		<li role="presentation">
			<h3>Allergen</h3>
			
					<a class="2" href="http://shop.coles.com.au/online/SearchDisplay?multiSearch=&amp;showResultsPage=true&amp;langId=-1&amp;beginIndex=100&amp;sType=SimpleSearch&amp;browseView=true&amp;pageSize=100&amp;resultCatEntryType=&amp;catalogId=10576&amp;pageView=image&amp;urlLangId=-1&amp;categoryId=25583&amp;storeId=10601" name="type-Allergen" title=""><span class="cat-facet">Show all</span>&nbsp;<span role="presentation" aria-hidden="true" class="cat-count">(997)</span><span class="cat-count accessibility">(997items)</span></a>
				
  			<ul>
	     		
							<li>
								
										<a href="http://shop.coles.com.au/online/SearchDisplay?searchTermScope=&amp;multiSearch=&amp;searchType=2&amp;maxPrice=&amp;showResultsPage=true&amp;langId=-1&amp;beginIndex=0&amp;sType=SimpleSearch&amp;metaData=&amp;browseView=true&amp;manufacturer=&amp;resultCatEntryType=&amp;catalogId=10576&amp;pageView=&amp;facet=ads_f2_ntk_cs%253ADairy%2BFree&amp;minPrice=&amp;categoryId=25583&amp;storeId=10601" name="type-Allergen" title=""><span class="cat-facet">Dairy Free</span>&nbsp;<span role="presentation" aria-hidden="true" class="cat-count">(35)</span><span class="cat-count accessibility">(35items)</span></a>
									
							</li>
			     		
							<li>
								
										<a href="http://shop.coles.com.au/online/SearchDisplay?searchTermScope=&amp;multiSearch=&amp;searchType=2&amp;maxPrice=&amp;showResultsPage=true&amp;langId=-1&amp;beginIndex=0&amp;sType=SimpleSearch&amp;metaData=&amp;browseView=true&amp;manufacturer=&amp;resultCatEntryType=&amp;catalogId=10576&amp;pageView=&amp;facet=ads_f2_ntk_cs%253AEgg%2BFree&amp;minPrice=&amp;categoryId=25583&amp;storeId=10601" name="type-Allergen" title=""><span class="cat-facet">Egg Free</span>&nbsp;<span role="presentation" aria-hidden="true" class="cat-count">(7)</span><span class="cat-count accessibility">(7items)</span></a>
									
							</li>
			     		
							<li>
								
										<a href="http://shop.coles.com.au/online/SearchDisplay?searchTermScope=&amp;multiSearch=&amp;searchType=2&amp;maxPrice=&amp;showResultsPage=true&amp;langId=-1&amp;beginIndex=0&amp;sType=SimpleSearch&amp;metaData=&amp;browseView=true&amp;manufacturer=&amp;resultCatEntryType=&amp;catalogId=10576&amp;pageView=&amp;facet=ads_f2_ntk_cs%253AFree%2Bfrom%2BArtificial%2BColours&amp;minPrice=&amp;categoryId=25583&amp;storeId=10601" name="type-Allergen" title=""><span class="cat-facet">Free from Artificial Colours</span>&nbsp;<span role="presentation" aria-hidden="true" class="cat-count">(44)</span><span class="cat-count accessibility">(44items)</span></a>
									
							</li>
			     		
							<li>
								
										<a href="http://shop.coles.com.au/online/SearchDisplay?searchTermScope=&amp;multiSearch=&amp;searchType=2&amp;maxPrice=&amp;showResultsPage=true&amp;langId=-1&amp;beginIndex=0&amp;sType=SimpleSearch&amp;metaData=&amp;browseView=true&amp;manufacturer=&amp;resultCatEntryType=&amp;catalogId=10576&amp;pageView=&amp;facet=ads_f2_ntk_cs%253AFree%2Bfrom%2BArtificial%2BFlavours&amp;minPrice=&amp;categoryId=25583&amp;storeId=10601" name="type-Allergen" title=""><span class="cat-facet">Free from Artificial Flavours</span>&nbsp;<span role="presentation" aria-hidden="true" class="cat-count">(45)</span><span class="cat-count accessibility">(45items)</span></a>
									
							</li>
			     		
							<li>
								
										<a href="http://shop.coles.com.au/online/SearchDisplay?searchTermScope=&amp;multiSearch=&amp;searchType=2&amp;maxPrice=&amp;showResultsPage=true&amp;langId=-1&amp;beginIndex=0&amp;sType=SimpleSearch&amp;metaData=&amp;browseView=true&amp;manufacturer=&amp;resultCatEntryType=&amp;catalogId=10576&amp;pageView=&amp;facet=ads_f2_ntk_cs%253AFree%2Bfrom%2BArtificial%2BPreservatives&amp;minPrice=&amp;categoryId=25583&amp;storeId=10601" name="type-Allergen" title=""><span class="cat-facet">Free from Artificial Preservatives</span>&nbsp;<span role="presentation" aria-hidden="true" class="cat-count">(13)</span><span class="cat-count accessibility">(13items)</span></a>
									
							</li>
			     		
							<li>
								
										<a href="http://shop.coles.com.au/online/SearchDisplay?searchTermScope=&amp;multiSearch=&amp;searchType=2&amp;maxPrice=&amp;showResultsPage=true&amp;langId=-1&amp;beginIndex=0&amp;sType=SimpleSearch&amp;metaData=&amp;browseView=true&amp;manufacturer=&amp;resultCatEntryType=&amp;catalogId=10576&amp;pageView=&amp;facet=ads_f2_ntk_cs%253AGluten%2BFree&amp;minPrice=&amp;categoryId=25583&amp;storeId=10601" name="type-Allergen" title=""><span class="cat-facet">Gluten Free</span>&nbsp;<span role="presentation" aria-hidden="true" class="cat-count">(110)</span><span class="cat-count accessibility">(110items)</span></a>
									
							</li>
			     		
							<li>
								
										<a href="http://shop.coles.com.au/online/SearchDisplay?searchTermScope=&amp;multiSearch=&amp;searchType=2&amp;maxPrice=&amp;showResultsPage=true&amp;langId=-1&amp;beginIndex=0&amp;sType=SimpleSearch&amp;metaData=&amp;browseView=true&amp;manufacturer=&amp;resultCatEntryType=&amp;catalogId=10576&amp;pageView=&amp;facet=ads_f2_ntk_cs%253ANo%2BAdded%2BSugar&amp;minPrice=&amp;categoryId=25583&amp;storeId=10601" name="type-Allergen" title=""><span class="cat-facet">No Added Sugar</span>&nbsp;<span role="presentation" aria-hidden="true" class="cat-count">(1)</span><span class="cat-count accessibility">(1items)</span></a>
									
							</li>
			     		
							<li>
								
										<a href="http://shop.coles.com.au/online/SearchDisplay?searchTermScope=&amp;multiSearch=&amp;searchType=2&amp;maxPrice=&amp;showResultsPage=true&amp;langId=-1&amp;beginIndex=0&amp;sType=SimpleSearch&amp;metaData=&amp;browseView=true&amp;manufacturer=&amp;resultCatEntryType=&amp;catalogId=10576&amp;pageView=&amp;facet=ads_f2_ntk_cs%253ANut%2BFree&amp;minPrice=&amp;categoryId=25583&amp;storeId=10601" name="type-Allergen" title=""><span class="cat-facet">Nut Free</span>&nbsp;<span role="presentation" aria-hidden="true" class="cat-count">(4)</span><span class="cat-count accessibility">(4items)</span></a>
									
							</li>
			     		
							<li>
								
										<a href="http://shop.coles.com.au/online/SearchDisplay?searchTermScope=&amp;multiSearch=&amp;searchType=2&amp;maxPrice=&amp;showResultsPage=true&amp;langId=-1&amp;beginIndex=0&amp;sType=SimpleSearch&amp;metaData=&amp;browseView=true&amp;manufacturer=&amp;resultCatEntryType=&amp;catalogId=10576&amp;pageView=&amp;facet=ads_f2_ntk_cs%253APermeate%2BFree&amp;minPrice=&amp;categoryId=25583&amp;storeId=10601" name="type-Allergen" title=""><span class="cat-facet">Permeate Free</span>&nbsp;<span role="presentation" aria-hidden="true" class="cat-count">(1)</span><span class="cat-count accessibility">(1items)</span></a>
									
							</li>
			     		
    		</ul>
		</li>
		
		<li role="presentation">
			<h3>Environmental</h3>
			
					<a class="2" href="http://shop.coles.com.au/online/SearchDisplay?multiSearch=&amp;showResultsPage=true&amp;langId=-1&amp;beginIndex=100&amp;sType=SimpleSearch&amp;browseView=true&amp;pageSize=100&amp;resultCatEntryType=&amp;catalogId=10576&amp;pageView=image&amp;urlLangId=-1&amp;categoryId=25583&amp;storeId=10601" name="type-Environmental" title=""><span class="cat-facet">Show all</span>&nbsp;<span role="presentation" aria-hidden="true" class="cat-count">(997)</span><span class="cat-count accessibility">(997items)</span></a>
				
  			<ul>
	     		
							<li>
								
										<a href="http://shop.coles.com.au/online/SearchDisplay?searchTermScope=&amp;multiSearch=&amp;searchType=2&amp;maxPrice=&amp;showResultsPage=true&amp;langId=-1&amp;beginIndex=0&amp;sType=SimpleSearch&amp;metaData=&amp;browseView=true&amp;manufacturer=&amp;resultCatEntryType=&amp;catalogId=10576&amp;pageView=&amp;facet=ads_f5_ntk_cs%253AAustralian%2BGrown&amp;minPrice=&amp;categoryId=25583&amp;storeId=10601" name="type-Environmental" title=""><span class="cat-facet">Australian Grown</span>&nbsp;<span role="presentation" aria-hidden="true" class="cat-count">(6)</span><span class="cat-count accessibility">(6items)</span></a>
									
							</li>
			     		
							<li>
								
										<a href="http://shop.coles.com.au/online/SearchDisplay?searchTermScope=&amp;multiSearch=&amp;searchType=2&amp;maxPrice=&amp;showResultsPage=true&amp;langId=-1&amp;beginIndex=0&amp;sType=SimpleSearch&amp;metaData=&amp;browseView=true&amp;manufacturer=&amp;resultCatEntryType=&amp;catalogId=10576&amp;pageView=&amp;facet=ads_f5_ntk_cs%253AAustralian%2BMade%2Band%2BOwned&amp;minPrice=&amp;categoryId=25583&amp;storeId=10601" name="type-Environmental" title=""><span class="cat-facet">Australian Made and Owned</span>&nbsp;<span role="presentation" aria-hidden="true" class="cat-count">(13)</span><span class="cat-count accessibility">(13items)</span></a>
									
							</li>
			     		
							<li>
								
										<a href="http://shop.coles.com.au/online/SearchDisplay?searchTermScope=&amp;multiSearch=&amp;searchType=2&amp;maxPrice=&amp;showResultsPage=true&amp;langId=-1&amp;beginIndex=0&amp;sType=SimpleSearch&amp;metaData=&amp;browseView=true&amp;manufacturer=&amp;resultCatEntryType=&amp;catalogId=10576&amp;pageView=&amp;facet=ads_f5_ntk_cs%253ARecycled&amp;minPrice=&amp;categoryId=25583&amp;storeId=10601" name="type-Environmental" title=""><span class="cat-facet">Recycled</span>&nbsp;<span role="presentation" aria-hidden="true" class="cat-count">(1)</span><span class="cat-count accessibility">(1items)</span></a>
									
							</li>
			     		
    		</ul>
		</li>
		
		<li role="presentation">
			<h3>Lifestyle</h3>
			
					<a class="2" href="http://shop.coles.com.au/online/SearchDisplay?multiSearch=&amp;showResultsPage=true&amp;langId=-1&amp;beginIndex=100&amp;sType=SimpleSearch&amp;browseView=true&amp;pageSize=100&amp;resultCatEntryType=&amp;catalogId=10576&amp;pageView=image&amp;urlLangId=-1&amp;categoryId=25583&amp;storeId=10601" name="type-Lifestyle" title=""><span class="cat-facet">Show all</span>&nbsp;<span role="presentation" aria-hidden="true" class="cat-count">(997)</span><span class="cat-count accessibility">(997items)</span></a>
				
  			<ul>
	     		
							<li>
								
										<a href="http://shop.coles.com.au/online/SearchDisplay?searchTermScope=&amp;multiSearch=&amp;searchType=2&amp;maxPrice=&amp;showResultsPage=true&amp;langId=-1&amp;beginIndex=0&amp;sType=SimpleSearch&amp;metaData=&amp;browseView=true&amp;manufacturer=&amp;resultCatEntryType=&amp;catalogId=10576&amp;pageView=&amp;facet=ads_f1_ntk_cs%253AFree%2BRange&amp;minPrice=&amp;categoryId=25583&amp;storeId=10601" name="type-Lifestyle" title=""><span class="cat-facet">Free Range</span>&nbsp;<span role="presentation" aria-hidden="true" class="cat-count">(17)</span><span class="cat-count accessibility">(17items)</span></a>
									
							</li>
			     		
							<li>
								
										<a href="http://shop.coles.com.au/online/SearchDisplay?searchTermScope=&amp;multiSearch=&amp;searchType=2&amp;maxPrice=&amp;showResultsPage=true&amp;langId=-1&amp;beginIndex=0&amp;sType=SimpleSearch&amp;metaData=&amp;browseView=true&amp;manufacturer=&amp;resultCatEntryType=&amp;catalogId=10576&amp;pageView=&amp;facet=ads_f1_ntk_cs%253AHalal&amp;minPrice=&amp;categoryId=25583&amp;storeId=10601" name="type-Lifestyle" title=""><span class="cat-facet">Halal</span>&nbsp;<span role="presentation" aria-hidden="true" class="cat-count">(34)</span><span class="cat-count accessibility">(34items)</span></a>
									
							</li>
			     		
							<li>
								
										<a href="http://shop.coles.com.au/online/SearchDisplay?searchTermScope=&amp;multiSearch=&amp;searchType=2&amp;maxPrice=&amp;showResultsPage=true&amp;langId=-1&amp;beginIndex=0&amp;sType=SimpleSearch&amp;metaData=&amp;browseView=true&amp;manufacturer=&amp;resultCatEntryType=&amp;catalogId=10576&amp;pageView=&amp;facet=ads_f1_ntk_cs%253AHormone%2BFree&amp;minPrice=&amp;categoryId=25583&amp;storeId=10601" name="type-Lifestyle" title=""><span class="cat-facet">Hormone Free</span>&nbsp;<span role="presentation" aria-hidden="true" class="cat-count">(1)</span><span class="cat-count accessibility">(1items)</span></a>
									
							</li>
			     		
							<li>
								
										<a href="http://shop.coles.com.au/online/SearchDisplay?searchTermScope=&amp;multiSearch=&amp;searchType=2&amp;maxPrice=&amp;showResultsPage=true&amp;langId=-1&amp;beginIndex=0&amp;sType=SimpleSearch&amp;metaData=&amp;browseView=true&amp;manufacturer=&amp;resultCatEntryType=&amp;catalogId=10576&amp;pageView=&amp;facet=ads_f1_ntk_cs%253AKosher&amp;minPrice=&amp;categoryId=25583&amp;storeId=10601" name="type-Lifestyle" title=""><span class="cat-facet">Kosher</span>&nbsp;<span role="presentation" aria-hidden="true" class="cat-count">(122)</span><span class="cat-count accessibility">(122items)</span></a>
									
							</li>
			     		
							<li>
								
										<a href="http://shop.coles.com.au/online/SearchDisplay?searchTermScope=&amp;multiSearch=&amp;searchType=2&amp;maxPrice=&amp;showResultsPage=true&amp;langId=-1&amp;beginIndex=0&amp;sType=SimpleSearch&amp;metaData=&amp;browseView=true&amp;manufacturer=&amp;resultCatEntryType=&amp;catalogId=10576&amp;pageView=&amp;facet=ads_f1_ntk_cs%253AOrganic&amp;minPrice=&amp;categoryId=25583&amp;storeId=10601" name="type-Lifestyle" title=""><span class="cat-facet">Organic</span>&nbsp;<span role="presentation" aria-hidden="true" class="cat-count">(19)</span><span class="cat-count accessibility">(19items)</span></a>
									
							</li>
			     		
							<li>
								
										<a href="http://shop.coles.com.au/online/SearchDisplay?searchTermScope=&amp;multiSearch=&amp;searchType=2&amp;maxPrice=&amp;showResultsPage=true&amp;langId=-1&amp;beginIndex=0&amp;sType=SimpleSearch&amp;metaData=&amp;browseView=true&amp;manufacturer=&amp;resultCatEntryType=&amp;catalogId=10576&amp;pageView=&amp;facet=ads_f1_ntk_cs%253AVegan&amp;minPrice=&amp;categoryId=25583&amp;storeId=10601" name="type-Lifestyle" title=""><span class="cat-facet">Vegan</span>&nbsp;<span role="presentation" aria-hidden="true" class="cat-count">(5)</span><span class="cat-count accessibility">(5items)</span></a>
									
							</li>
			     		
							<li>
								
										<a href="http://shop.coles.com.au/online/SearchDisplay?searchTermScope=&amp;multiSearch=&amp;searchType=2&amp;maxPrice=&amp;showResultsPage=true&amp;langId=-1&amp;beginIndex=0&amp;sType=SimpleSearch&amp;metaData=&amp;browseView=true&amp;manufacturer=&amp;resultCatEntryType=&amp;catalogId=10576&amp;pageView=&amp;facet=ads_f1_ntk_cs%253AVegetarian&amp;minPrice=&amp;categoryId=25583&amp;storeId=10601" name="type-Lifestyle" title=""><span class="cat-facet">Vegetarian</span>&nbsp;<span role="presentation" aria-hidden="true" class="cat-count">(11)</span><span class="cat-count accessibility">(11items)</span></a>
									
							</li>
			     		
    		</ul>
		</li>
		
			</ul>
		</li>
	</ul>
	<button type="submit" class="hidden" title="Refine results">Refine results</button>
</div>

				</div>
				

<div id="searchResults" class="column-2">
	
		<div class="column-100 clearfix">
			<div class="espot searchEspot">
				

<div data-analytics="center-top" class="genericESpot" id="WC_ContentAreaESpot_div_1_28651" style="width: 768px; min-height: -1px;">
	
	    <p class="caption" style="display:none" id="WC_ContentAreaESpot_div_2_28651">[CAT_All_Product_1]</p>   
	
        <h2><span>Featured</span> products </h2>
    
	<div class="billboard-view">
		

<span class="available hidden"></span>


<div class="outer-prod prodtile" data-refresh="{
					catalogId: &quot;10576&quot;,
					doInventory: &quot;N&quot;,
					fulfillmentCenterId: &quot;11576&quot;,
					forStoreId: &quot;10401&quot;,
					catEntryOverlayPrefix:&quot;CAT_All_Product_1_&quot;,
					productDisplayURL: &quot;http://shop.coles.com.au/online/national/lilydale-free-range-satay-chicken-breast-skewers&quot;				
			}">
	<form id="CAT_All_Product_1_catEntryForm_407510" name="catEntryForm_407510" action="AjaxOrderChangeServiceItemAdd">
		
<div class=" " data-catentry="catEntry_407510" data-refresh="{
				addCalculationUsage: &quot;-1&quot;,
				langId: &quot;-1&quot;,
				storeId: &quot;10601&quot;, 
				catEntryId: &quot;407510&quot;, 
				catEntryName: &quot;Free Range Satay Chicken Breast Skewers&quot;, 
				productView: &quot;list&quot;,
				productId: &quot;407510&quot;,
				itemId: &quot;407518&quot;,
				hideMultibuy: &quot;false&quot;,
                ticketType: &quot;&quot;,
                partNumber: &quot;2020520&quot;,
                offerCode: &quot;20130923&quot;
		}">
   	<div class="wrapper clearfix">   	
		

<h4 class="accessibility" id="heading_407510" tabindex="-1">
		Lilydale&nbsp;Free Range Satay Chicken Breast Skewers&nbsp;
		300g&nbsp;
		 
</h4> 

<div class="offer-icon"></div>
<a role="presentation" aria-hidden="true" class="product-url" href="http://shop.coles.com.au/online/national/lilydale-free-range-satay-chicken-breast-skewers">
	    <img role="presentation" aria-hidden="true" class="photo" src="/wcsstore/Coles-CAS/images/2/0/2/2020520-th.jpg" onerror="this.src='/wcsstore/ColesStorefrontAssetStore/dist/e0a775baf05f/images/spacer.gif'" alt="Free Range Satay Chicken Breast Skewers" width="110" height="110">
	</a>

<div class="detail">	
    <span role="presentation" aria-hidden="true" class="brand">Lilydale</span>
    <span class="item" role="presentation" aria-hidden="true">
        <a role="presentation" aria-hidden="true" class="product-url" href="http://shop.coles.com.au/online/national/lilydale-free-range-satay-chicken-breast-skewers">
        	Free Range Satay Chicken Breast Skewers&nbsp;
        	300g
        </a>
    </span>
	<span class="size">
			
 	</span>
</div>


	<div class="purchasing">	    
	    <div class="saving">
	    	
	    </div>
	   	
	    		<div class="price"><span class="accessibility">Purchase price </span><small>$</small>7.50</div>
	    	
	    <div class="unit-price"><span class="accessibility">Unit price </span>$25.00 per 1Kg</div>
	    <div class="special-offer">	    	
	    	
	    </div> 
	    <div class="availability">Temporarily unavailable</div>
	    <div class="purchase">
		
			<input type="number" title="Add Quantity for Lilydale Free Range Satay Chicken Breast Skewers 300g" name="quantity" id="catEntry_407510_qty" value="1" maxlength="2" size="2" class="v-mandatory v-numeric v-minval-1">
	        <button role="button" type="submit" title="Add to trolley&nbsp;Lilydale Free Range Satay Chicken Breast Skewers 300g" class="btn-red action-addToTrolley"><span role="presentation" aria-hidden="true">Add to trolley</span></button>
		
		</div>
	</div>
	<div class="lists">
		
	</div>


	    <div class="actions">
	        			
			   <div class="MUItemForTrolleyDiv MUItemForTrolley_407518" data-catentry="407518">
		         <div class="MUul_407518"><div class="MUli_407518 hidden" aria-hidden="true"><span class="inTrolley"><span class="MUSpan_407518">0</span> in trolley</span></div></div>
		       </div>
		        <p class="clear"></p>
			 
			<div class="member-usuals-remove">
				<a href="#" class="action-removeFromUsuals usuals-remove">Remove from list <span class="accessibility">Lilydale Free Range Satay Chicken Breast Skewers 300g</span></a>			
			</div>
			
				<div class="list">
					<a href="#" class="action-addToList action-list-add">Add to list <span class="accessibility">Lilydale Free Range Satay Chicken Breast Skewers 300g</span></a> 
				</div>
				<div class="member-list-add">
					<a href="#" class="action-addToList action-list-add">Add to another list <span class="accessibility">Lilydale Free Range Satay Chicken Breast Skewers 300g</span></a>
				</div>
			
			<div class="member-list-remove">
				 <a href="#" class="action-removeFromList">Remove from list <span class="accessibility">Lilydale Free Range Satay Chicken Breast Skewers 300g</span></a> 
			</div>
			
				<div class="compareProd" role="presentation" aria-hidden="true">
					<a href="#" class="compare compare-add">Compare</a>
				</div>
			
				<a href="http://shop.coles.com.au/online/national/lilydale-free-range-satay-chicken-breast-skewers" class="product-url accessibility">More details for Lilydale&nbsp;Free Range Satay Chicken Breast Skewers</a>
			
		</div>  
      

       	
		    <div role="presentation" aria-hidden="true" id="share" class="share" data-social="{productImgUrl:'http://shop.coles.com.au:27900/wcsstore/Coles-CAS/images/2/0/2/2020520-th.jpg'
	                                               ,productDisplayUrl:'http://shop.coles.com.au/online/ProductDisplay?storeId=10601&amp;productId=407510&amp;urlRequestType=Base&amp;langId=-1&amp;catalogId=10001'
	                                               ,title:'Lilydale Free Range Satay Chicken Breast Skewers '
	                                               ,description:'&amp;lt;span style=&amp;#034;font-family: &amp;amp;quot;arial&amp;amp;quot;,&amp;amp;quot;sans-serif&amp;amp;quot;; font-size: 10pt; mso-fareast-font-family: calibri; mso-fareast-theme-font: minor-latin; mso-ansi-language: en-au; mso-fareast-language: en-au; mso-bidi-language: ar-sa&amp;#034;&amp;gt;Tender breast pieces, marinated in a mild satay, infused with sweet coconut for richness&amp;lt;/span&amp;gt;&amp;lt;span style=&amp;#034;font-family: &amp;amp;quot;times new roman&amp;amp;quot;,&amp;amp;quot;serif&amp;amp;quot;; font-size: 12pt; mso-fareast-font-family: calibri; mso-fareast-theme-font: minor-latin; mso-ansi-language: en-au; mso-fareast-language: en-au; mso-bidi-language: ar-sa&amp;#034;&amp;gt; &amp;lt;/span&amp;gt;'}">
		 	</div>
 		
	</div>
</div>


	</form>
</div>


<span class="available hidden"></span>


<div class="outer-prod prodtile" data-refresh="{
					catalogId: &quot;10576&quot;,
					doInventory: &quot;N&quot;,
					fulfillmentCenterId: &quot;11576&quot;,
					forStoreId: &quot;10401&quot;,
					catEntryOverlayPrefix:&quot;CAT_All_Product_1_&quot;,
					productDisplayURL: &quot;http://shop.coles.com.au/online/national/lilydale-free-range-chicken-breast-schnitzel&quot;				
			}">
	<form id="CAT_All_Product_1_catEntryForm_407507" name="catEntryForm_407507" action="AjaxOrderChangeServiceItemAdd">
		
<div class=" " data-catentry="catEntry_407507" data-refresh="{
				addCalculationUsage: &quot;-1&quot;,
				langId: &quot;-1&quot;,
				storeId: &quot;10601&quot;, 
				catEntryId: &quot;407507&quot;, 
				catEntryName: &quot;Free Range Chicken Breast Schnitzel&quot;, 
				productView: &quot;billboard&quot;,
				productId: &quot;407507&quot;,
				itemId: &quot;407523&quot;,
				hideMultibuy: &quot;false&quot;,
                ticketType: &quot;&quot;,
                partNumber: &quot;2020428&quot;,
                offerCode: &quot;20130923&quot;
		}">
   	<div class="wrapper clearfix">   	
		

<h4 class="accessibility" id="heading_407507" tabindex="-1">
		Lilydale&nbsp;Free Range Chicken Breast Schnitzel&nbsp;
		approx. 350g&nbsp;
		 
</h4> 

<div class="offer-icon"></div>
<a role="presentation" aria-hidden="true" class="product-url" href="http://shop.coles.com.au/online/national/lilydale-free-range-chicken-breast-schnitzel">
	    <img role="presentation" aria-hidden="true" class="photo" src="/wcsstore/Coles-CAS/images/2/0/2/2020428-th.jpg" onerror="this.src='/wcsstore/ColesStorefrontAssetStore/dist/e0a775baf05f/images/spacer.gif'" alt="Free Range Chicken Breast Schnitzel" width="110" height="110">
	</a>

<div class="detail">	
    <span role="presentation" aria-hidden="true" class="brand">Lilydale</span>
    <span class="item" role="presentation" aria-hidden="true">
        <a role="presentation" aria-hidden="true" class="product-url" href="http://shop.coles.com.au/online/national/lilydale-free-range-chicken-breast-schnitzel">
        	Free Range Chicken Breast Schnitzel&nbsp;
        	approx. 350g
        </a>
    </span>
	<span class="size">
		Indicated price based on approx. weight. Weight may vary between 310g and 390g. 	
 	</span>
</div>


	<div class="purchasing">	    
	    <div class="saving">
	    	
	    </div>
	   	
	    		<div class="price"><span class="accessibility">Purchase price </span><small>$</small>10.08</div>
	    	
	    <div class="unit-price"><span class="accessibility">Unit price </span>$28.80 per 1Kg</div>
	    <div class="special-offer">	    	
	    	
	    </div> 
	    <div class="availability">Temporarily unavailable</div>
	    <div class="purchase">
		
			<input type="number" title="Add Quantity for Lilydale Free Range Chicken Breast Schnitzel approx. 350g" name="quantity" id="catEntry_407507_qty" value="1" maxlength="2" size="2" class="v-mandatory v-numeric v-minval-1">
	        <button role="button" type="submit" title="Add to trolley&nbsp;Lilydale Free Range Chicken Breast Schnitzel approx. 350g" class="btn-red action-addToTrolley"><span role="presentation" aria-hidden="true">Add to trolley</span></button>
		
		</div>
	</div>
	<div class="lists">
		
	</div>


	    <div class="actions">
	        			
			   <div class="MUItemForTrolleyDiv MUItemForTrolley_407523" data-catentry="407523">
		         <div class="MUul_407523"><div class="MUli_407523 hidden" aria-hidden="true"><span class="inTrolley"><span class="MUSpan_407523">0</span> in trolley</span></div></div>
		       </div>
		        <p class="clear"></p>
			 
			<div class="member-usuals-remove">
				<a href="#" class="action-removeFromUsuals usuals-remove">Remove from list <span class="accessibility">Lilydale Free Range Chicken Breast Schnitzel approx. 350g</span></a>			
			</div>
			
				<div class="list">
					<a href="#" class="action-addToList action-list-add">Add to list <span class="accessibility">Lilydale Free Range Chicken Breast Schnitzel approx. 350g</span></a> 
				</div>
				<div class="member-list-add">
					<a href="#" class="action-addToList action-list-add">Add to another list <span class="accessibility">Lilydale Free Range Chicken Breast Schnitzel approx. 350g</span></a>
				</div>
			
			<div class="member-list-remove">
				 <a href="#" class="action-removeFromList">Remove from list <span class="accessibility">Lilydale Free Range Chicken Breast Schnitzel approx. 350g</span></a> 
			</div>
			
				<div class="compareProd" role="presentation" aria-hidden="true">
					<a href="#" class="compare compare-add">Compare</a>
				</div>
			
				<a href="http://shop.coles.com.au/online/national/lilydale-free-range-chicken-breast-schnitzel" class="product-url accessibility">More details for Lilydale&nbsp;Free Range Chicken Breast Schnitzel</a>
			
		</div>  
      

       	
		    <div role="presentation" aria-hidden="true" id="share" class="share" data-social="{productImgUrl:'http://shop.coles.com.au:27900/wcsstore/Coles-CAS/images/2/0/2/2020428-th.jpg'
	                                               ,productDisplayUrl:'http://shop.coles.com.au/online/national/lilydale-free-range-chicken-breast-schnitzel'
	                                               ,title:'Lilydale Free Range Chicken Breast Schnitzel Indicated price based on approx. weight. Weight may vary between 310g and 390g. '
	                                               ,description:'&amp;lt;span style=&amp;#034;font-family: &amp;amp;quot;arial&amp;amp;quot;,&amp;amp;quot;sans-serif&amp;amp;quot;; font-size: 10pt; mso-fareast-font-family: calibri; mso-fareast-theme-font: minor-latin; mso-ansi-language: en-au; mso-fareast-language: en-au; mso-bidi-language: ar-sa&amp;#034;&amp;gt;Chicken breast in a home bake crumb, delicately seasoned with oregano, parsley &amp;amp;amp; basil&amp;lt;/span&amp;gt;'}">
		 	</div>
 		
	</div>
</div>


	</form>
</div>

	</div>

            <div class="ad" id="ad_28651">
        
									<a id="WC_ContentAreaESpot_links_3_3" href="http://shop.coles.com.au/webapp/wcs/stores/servlet/ClickInfo?evtype=CpgnClick&amp;mpe_id=28651&amp;intv_id=95604&amp;storeId=10601&amp;catalogId=10576&amp;langId=-1&amp;URL=ColesBrowsePromotionView%3fpromoName%3dlilydale%26WT.ic_id%3dpr_Banner_Aisle_20150120_Lilydale">
									
										<img src="/wcsstore/ColesStorefrontAssetStore/images/-catimg/2015/01/20150120_Lilydale/728X90_Lilydale_20012015.jpg" alt="Lilydale, free range chicken. The new ready for you summer range. Click here to shop now!" border="0">
									
										</a>
									
            </div>
        


</div>


			</div>
		</div>
        
    <div class="list-view viewContainer clearfix searchEspot">
<p id="skip-to-products" class="accessibility">Product list for Meat, Seafood &amp; Deli</p>	 


<span class="available hidden"></span>


<div class="outer-prod prodtile" data-refresh="{
					catalogId: &quot;10576&quot;,
					doInventory: &quot;N&quot;,
					fulfillmentCenterId: &quot;11576&quot;,
					forStoreId: &quot;10401&quot;,
					
					productDisplayURL: &quot;http://shop.coles.com.au/online/national/coles-grill-chicken-wings-spicy-buffalo&quot;				
			}">
	<form id="catEntryForm_23238" name="catEntryForm_23238" action="AjaxOrderChangeServiceItemAdd">
		
<div class=" " data-catentry="catEntry_23238" data-refresh="{
				addCalculationUsage: &quot;-1&quot;,
				langId: &quot;-1&quot;,
				storeId: &quot;10601&quot;, 
				catEntryId: &quot;23238&quot;, 
				catEntryName: &quot;Spicy Buffalo Chicken Wings&quot;, 
				productView: &quot;list&quot;,
				productId: &quot;23238&quot;,
				itemId: &quot;39224&quot;,
				hideMultibuy: &quot;false&quot;,
                ticketType: &quot;&quot;,
                partNumber: &quot;1001122&quot;,
                offerCode: &quot;20150128&quot;
		}">
   	<div class="wrapper clearfix">   	
		

<h4 class="accessibility" id="heading_23238" tabindex="-1">
		Coles Grill&nbsp;Spicy Buffalo Chicken Wings&nbsp;
		1kg&nbsp;
		 
</h4> 

<div class="offer-icon"></div>
<a role="presentation" aria-hidden="true" class="product-url" href="http://shop.coles.com.au/online/national/coles-grill-chicken-wings-spicy-buffalo">
	    <img role="presentation" aria-hidden="true" class="photo" src="/wcsstore/Coles-CAS/images/1/0/0/1001122-th.jpg" onerror="this.src='/wcsstore/ColesStorefrontAssetStore/dist/e0a775baf05f/images/spacer.gif'" alt="Spicy Buffalo Chicken Wings" width="110" height="110">
	</a>

<div class="detail">	
    <span role="presentation" aria-hidden="true" class="brand">Coles Grill</span>
    <span class="item" role="presentation" aria-hidden="true">
        <a role="presentation" aria-hidden="true" class="product-url" href="http://shop.coles.com.au/online/national/coles-grill-chicken-wings-spicy-buffalo">
        	Spicy Buffalo Chicken Wings&nbsp;
        	1kg
        </a>
    </span>
	<span class="size">
			
 	</span>
</div>


	<div class="purchasing">	    
	    <div class="saving">
	    	
	    </div>
	   	
	    		<div class="price"><span class="accessibility">Purchase price </span><small>$</small>7.90</div>
	    	
	    <div class="unit-price"><span class="accessibility">Unit price </span>$7.90 per 1Kg</div>
	    <div class="special-offer">	    	
	    	
	    </div> 
	    <div class="availability">Temporarily unavailable</div>
	    <div class="purchase">
		
			<input type="number" title="Add Quantity for Coles Grill Spicy Buffalo Chicken Wings 1kg" name="quantity" id="catEntry_23238_qty" value="1" maxlength="2" size="2" class="v-mandatory v-numeric v-minval-1">
	        <button role="button" type="submit" title="Add to trolley&nbsp;Coles Grill Spicy Buffalo Chicken Wings 1kg" class="btn-red action-addToTrolley"><span role="presentation" aria-hidden="true">Add to trolley</span></button>
		
		</div>
	</div>
	<div class="lists">
		
	</div>


	    <div class="actions">
	        			
			   <div class="MUItemForTrolleyDiv MUItemForTrolley_39224" data-catentry="39224">
		         <div class="MUul_39224"><div class="MUli_39224 hidden" aria-hidden="true"><span class="inTrolley"><span class="MUSpan_39224">0</span> in trolley</span></div></div>
		       </div>
		        <p class="clear"></p>
			 
			<div class="member-usuals-remove">
				<a href="#" class="action-removeFromUsuals usuals-remove">Remove from list <span class="accessibility">Coles Grill Spicy Buffalo Chicken Wings 1kg</span></a>			
			</div>
			
				<div class="list">
					<a href="#" class="action-addToList action-list-add">Add to list <span class="accessibility">Coles Grill Spicy Buffalo Chicken Wings 1kg</span></a> 
				</div>
				<div class="member-list-add">
					<a href="#" class="action-addToList action-list-add">Add to another list <span class="accessibility">Coles Grill Spicy Buffalo Chicken Wings 1kg</span></a>
				</div>
			
			<div class="member-list-remove">
				 <a href="#" class="action-removeFromList">Remove from list <span class="accessibility">Coles Grill Spicy Buffalo Chicken Wings 1kg</span></a> 
			</div>
			
				<div class="compareProd" role="presentation" aria-hidden="true">
					<a href="#" class="compare compare-add">Compare</a>
				</div>
			
				<a href="http://shop.coles.com.au/online/national/coles-grill-chicken-wings-spicy-buffalo" class="product-url accessibility">More details for Coles Grill&nbsp;Spicy Buffalo Chicken Wings</a>
			
		</div>  
      

       	
		    <div role="presentation" aria-hidden="true" id="share" class="share" data-social="{productImgUrl:'http://shop.coles.com.au:27900/wcsstore/Coles-CAS/images/1/0/0/1001122-th.jpg'
	                                               ,productDisplayUrl:'http://shop.coles.com.au/online/national/coles-grill-chicken-wings-spicy-buffalo'
	                                               ,title:'Coles Grill Spicy Buffalo Chicken Wings  '
	                                               ,description:''}">
		 	</div>
 		
	</div>
</div>


	</form>
</div>


<span class="available hidden"></span>


<div class="outer-prod prodtile" data-refresh="{
					catalogId: &quot;10576&quot;,
					doInventory: &quot;N&quot;,
					fulfillmentCenterId: &quot;11576&quot;,
					forStoreId: &quot;10401&quot;,
					
					productDisplayURL: &quot;http://shop.coles.com.au/online/national/coles-grill-lamb-souvlaki-strips&quot;				
			}">
	<form id="catEntryForm_252025" name="catEntryForm_252025" action="AjaxOrderChangeServiceItemAdd">
		
<div class=" " data-catentry="catEntry_252025" data-refresh="{
				addCalculationUsage: &quot;-1&quot;,
				langId: &quot;-1&quot;,
				storeId: &quot;10601&quot;, 
				catEntryId: &quot;252025&quot;, 
				catEntryName: &quot;Lamb Souvlaki Strips&quot;, 
				productView: &quot;&quot;,
				productId: &quot;252025&quot;,
				itemId: &quot;252088&quot;,
				hideMultibuy: &quot;false&quot;,
                ticketType: &quot;&quot;,
                partNumber: &quot;1496411&quot;,
                offerCode: &quot;20150121&quot;
		}">
   	<div class="wrapper clearfix">   	
		

<h4 class="accessibility" id="heading_252025" tabindex="-1">
		Coles Grill&nbsp;Lamb Souvlaki Strips&nbsp;
		500g&nbsp;
		 
</h4> 

<div class="offer-icon"></div>
<a role="presentation" aria-hidden="true" class="product-url" href="http://shop.coles.com.au/online/national/coles-grill-lamb-souvlaki-strips">
	    <img role="presentation" aria-hidden="true" class="photo" src="/wcsstore/Coles-CAS/images/1/4/9/1496411-th.jpg" onerror="this.src='/wcsstore/ColesStorefrontAssetStore/dist/e0a775baf05f/images/spacer.gif'" alt="Lamb Souvlaki Strips" width="110" height="110">
	</a>

<div class="detail">	
    <span role="presentation" aria-hidden="true" class="brand">Coles Grill</span>
    <span class="item" role="presentation" aria-hidden="true">
        <a role="presentation" aria-hidden="true" class="product-url" href="http://shop.coles.com.au/online/national/coles-grill-lamb-souvlaki-strips">
        	Lamb Souvlaki Strips&nbsp;
        	500g
        </a>
    </span>
	<span class="size">
			
 	</span>
</div>


	<div class="purchasing">	    
	    <div class="saving">
	    	
	    </div>
	   	
	    		<div class="price"><span class="accessibility">Purchase price </span><small>$</small>9.50</div>
	    	
	    <div class="unit-price"><span class="accessibility">Unit price </span>$19.00 per 1Kg</div>
	    <div class="special-offer">	    	
	    	
	    </div> 
	    <div class="availability">Temporarily unavailable</div>
	    <div class="purchase">
		
			<input type="number" title="Add Quantity for Coles Grill Lamb Souvlaki Strips 500g" name="quantity" id="catEntry_252025_qty" value="1" maxlength="2" size="2" class="v-mandatory v-numeric v-minval-1">
	        <button role="button" type="submit" title="Add to trolley&nbsp;Coles Grill Lamb Souvlaki Strips 500g" class="btn-red action-addToTrolley"><span role="presentation" aria-hidden="true">Add to trolley</span></button>
		
		</div>
	</div>
	<div class="lists">
		
	</div>


	    <div class="actions">
	        			
			   <div class="MUItemForTrolleyDiv MUItemForTrolley_252088" data-catentry="252088">
		         <div class="MUul_252088"><div class="MUli_252088 hidden" aria-hidden="true"><span class="inTrolley"><span class="MUSpan_252088">0</span> in trolley</span></div></div>
		       </div>
		        <p class="clear"></p>
			 
			<div class="member-usuals-remove">
				<a href="#" class="action-removeFromUsuals usuals-remove">Remove from list <span class="accessibility">Coles Grill Lamb Souvlaki Strips 500g</span></a>			
			</div>
			
				<div class="list">
					<a href="#" class="action-addToList action-list-add">Add to list <span class="accessibility">Coles Grill Lamb Souvlaki Strips 500g</span></a> 
				</div>
				<div class="member-list-add">
					<a href="#" class="action-addToList action-list-add">Add to another list <span class="accessibility">Coles Grill Lamb Souvlaki Strips 500g</span></a>
				</div>
			
			<div class="member-list-remove">
				 <a href="#" class="action-removeFromList">Remove from list <span class="accessibility">Coles Grill Lamb Souvlaki Strips 500g</span></a> 
			</div>
			
				<div class="compareProd" role="presentation" aria-hidden="true">
					<a href="#" class="compare compare-add">Compare</a>
				</div>
			
		</div>  
      

       	
		    <div role="presentation" aria-hidden="true" id="share" class="share" data-social="{productImgUrl:'http://shop.coles.com.au:27900/wcsstore/Coles-CAS/images/1/4/9/1496411-th.jpg'
	                                               ,productDisplayUrl:'http://shop.coles.com.au/online/national/coles-grill-lamb-souvlaki-strips'
	                                               ,title:'Coles Grill Lamb Souvlaki Strips  '
	                                               ,description:''}">
		 	</div>
 		
	</div>
</div>


	</form>
</div>

					<div class="espot marketed-eSpot">
						
					</div>
					

<span class="available hidden"></span>


<div class="outer-prod prodtile" data-refresh="{
					catalogId: &quot;10576&quot;,
					doInventory: &quot;N&quot;,
					fulfillmentCenterId: &quot;11576&quot;,
					forStoreId: &quot;10401&quot;,
					
					productDisplayURL: &quot;http://shop.coles.com.au/online/national/dandy-bacon-middle-1026702p&quot;				
			}">
	<form id="catEntryForm_24903" name="catEntryForm_24903" action="AjaxOrderChangeServiceItemAdd">
		
<div class="promo every-day " data-catentry="catEntry_24903" data-refresh="{
				addCalculationUsage: &quot;-1&quot;,
				langId: &quot;-1&quot;,
				storeId: &quot;10601&quot;, 
				catEntryId: &quot;24903&quot;, 
				catEntryName: &quot;Middle Bacon&quot;, 
				productView: &quot;list&quot;,
				productId: &quot;24903&quot;,
				itemId: &quot;41431&quot;,
				hideMultibuy: &quot;false&quot;,
                ticketType: &quot;V&quot;,
                partNumber: &quot;1026702&quot;,
                offerCode: &quot;103735582&quot;
		}">
   	<div class="wrapper clearfix">   	
		

<h4 class="accessibility" id="heading_24903" tabindex="-1">
		Dandy&nbsp;Middle Bacon&nbsp;
		250g&nbsp;
		Every day low price 
</h4> 

<div class="offer-icon"></div>
<a role="presentation" aria-hidden="true" class="product-url" href="http://shop.coles.com.au/online/national/dandy-bacon-middle-1026702p">
	    <img role="presentation" aria-hidden="true" class="photo" src="/wcsstore/Coles-CAS/images/1/0/2/1026702-th.jpg" onerror="this.src='/wcsstore/ColesStorefrontAssetStore/dist/e0a775baf05f/images/spacer.gif'" alt="Middle Bacon" width="110" height="110">
	</a>

<div class="detail">	
    <span role="presentation" aria-hidden="true" class="brand">Dandy</span>
    <span class="item" role="presentation" aria-hidden="true">
        <a role="presentation" aria-hidden="true" class="product-url" href="http://shop.coles.com.au/online/national/dandy-bacon-middle-1026702p">
        	Middle Bacon&nbsp;
        	250g
        </a>
    </span>
	<span class="size">
			
 	</span>
</div>


	<div class="purchasing">	    
	    <div class="saving">
	    	
	    </div>
	   	
	    		<div class="price"><span class="accessibility">Purchase price </span><small>$</small>3.10</div>
	    	
	    <div class="unit-price"><span class="accessibility">Unit price </span>$12.40 per 1Kg</div>
	    <div class="special-offer">	    	
	    	
	    </div> 
	    <div class="availability">Temporarily unavailable</div>
	    <div class="purchase">
		
			<input type="number" title="Add Quantity for Dandy Middle Bacon 250g" name="quantity" id="catEntry_24903_qty" value="1" maxlength="2" size="2" class="v-mandatory v-numeric v-minval-1">
	        <button role="button" type="submit" title="Add to trolley&nbsp;Dandy Middle Bacon 250g" class="btn-red action-addToTrolley"><span role="presentation" aria-hidden="true">Add to trolley</span></button>
		
		</div>
	</div>
	<div class="lists">
		
	</div>


	    <div class="actions">
	        			
			   <div class="MUItemForTrolleyDiv MUItemForTrolley_41431" data-catentry="41431">
		         <div class="MUul_41431"><div class="MUli_41431 hidden" aria-hidden="true"><span class="inTrolley"><span class="MUSpan_41431">0</span> in trolley</span></div></div>
		       </div>
		        <p class="clear"></p>
			 
			<div class="member-usuals-remove">
				<a href="#" class="action-removeFromUsuals usuals-remove">Remove from list <span class="accessibility">Dandy Middle Bacon 250g</span></a>			
			</div>
			
				<div class="list">
					<a href="#" class="action-addToList action-list-add">Add to list <span class="accessibility">Dandy Middle Bacon 250g</span></a> 
				</div>
				<div class="member-list-add">
					<a href="#" class="action-addToList action-list-add">Add to another list <span class="accessibility">Dandy Middle Bacon 250g</span></a>
				</div>
			
			<div class="member-list-remove">
				 <a href="#" class="action-removeFromList">Remove from list <span class="accessibility">Dandy Middle Bacon 250g</span></a> 
			</div>
			
				<div class="compareProd" role="presentation" aria-hidden="true">
					<a href="#" class="compare compare-add">Compare</a>
				</div>
			
				<a href="http://shop.coles.com.au/online/national/dandy-bacon-middle-1026702p" class="product-url accessibility">More details for Dandy&nbsp;Middle Bacon</a>
			
		</div>  
      

       	
		    <div role="presentation" aria-hidden="true" id="share" class="share" data-social="{productImgUrl:'http://shop.coles.com.au:27900/wcsstore/Coles-CAS/images/1/0/2/1026702-th.jpg'
	                                               ,productDisplayUrl:'http://shop.coles.com.au/online/national/dandy-bacon-middle-1026702p'
	                                               ,title:'Dandy Middle Bacon '
	                                               ,description:''}">
		 	</div>
 		
	</div>
</div>


	</form>
</div>


<span class="available hidden"></span>


<div class="outer-prod prodtile" data-refresh="{
					catalogId: &quot;10576&quot;,
					doInventory: &quot;N&quot;,
					fulfillmentCenterId: &quot;11576&quot;,
					forStoreId: &quot;10401&quot;,
					
					productDisplayURL: &quot;http://shop.coles.com.au/online/national/tassal-salmon-smoked-tasmanian&quot;				
			}">
	<form id="catEntryForm_49961" name="catEntryForm_49961" action="AjaxOrderChangeServiceItemAdd">
		
<div class=" " data-catentry="catEntry_49961" data-refresh="{
				addCalculationUsage: &quot;-1&quot;,
				langId: &quot;-1&quot;,
				storeId: &quot;10601&quot;, 
				catEntryId: &quot;49961&quot;, 
				catEntryName: &quot;Tasmanian Smoked Salmon&quot;, 
				productView: &quot;list&quot;,
				productId: &quot;49961&quot;,
				itemId: &quot;119320&quot;,
				hideMultibuy: &quot;false&quot;,
                ticketType: &quot;&quot;,
                partNumber: &quot;7962776&quot;,
                offerCode: &quot;20150128&quot;
		}">
   	<div class="wrapper clearfix">   	
		

<h4 class="accessibility" id="heading_49961" tabindex="-1">
		Tassal&nbsp;Tasmanian Smoked Salmon&nbsp;
		300g&nbsp;
		 
</h4> 

<div class="offer-icon"></div>
<a role="presentation" aria-hidden="true" class="product-url" href="http://shop.coles.com.au/online/national/tassal-salmon-smoked-tasmanian">
	    <img role="presentation" aria-hidden="true" class="photo" src="/wcsstore/Coles-CAS/images/7/9/6/7962776-th.jpg" onerror="this.src='/wcsstore/ColesStorefrontAssetStore/dist/e0a775baf05f/images/spacer.gif'" alt="Tasmanian Smoked Salmon" width="110" height="110">
	</a>

<div class="detail">	
    <span role="presentation" aria-hidden="true" class="brand">Tassal</span>
    <span class="item" role="presentation" aria-hidden="true">
        <a role="presentation" aria-hidden="true" class="product-url" href="http://shop.coles.com.au/online/national/tassal-salmon-smoked-tasmanian">
        	Tasmanian Smoked Salmon&nbsp;
        	300g
        </a>
    </span>
	<span class="size">
			
 	</span>
</div>


	<div class="purchasing">	    
	    <div class="saving">
	    	
	    </div>
	   	
	    		<div class="price"><span class="accessibility">Purchase price </span><small>$</small>14.91</div>
	    	
	    <div class="unit-price"><span class="accessibility">Unit price </span>$49.70 per 1Kg</div>
	    <div class="special-offer">	    	
	    	
	    </div> 
	    <div class="availability">Temporarily unavailable</div>
	    <div class="purchase">
		
			<input type="number" title="Add Quantity for Tassal Tasmanian Smoked Salmon 300g" name="quantity" id="catEntry_49961_qty" value="1" maxlength="2" size="2" class="v-mandatory v-numeric v-minval-1">
	        <button role="button" type="submit" title="Add to trolley&nbsp;Tassal Tasmanian Smoked Salmon 300g" class="btn-red action-addToTrolley"><span role="presentation" aria-hidden="true">Add to trolley</span></button>
		
		</div>
	</div>
	<div class="lists">
		
	</div>


	    <div class="actions">
	        			
			   <div class="MUItemForTrolleyDiv MUItemForTrolley_119320" data-catentry="119320">
		         <div class="MUul_119320"><div class="MUli_119320 hidden" aria-hidden="true"><span class="inTrolley"><span class="MUSpan_119320">0</span> in trolley</span></div></div>
		       </div>
		        <p class="clear"></p>
			 
			<div class="member-usuals-remove">
				<a href="#" class="action-removeFromUsuals usuals-remove">Remove from list <span class="accessibility">Tassal Tasmanian Smoked Salmon 300g</span></a>			
			</div>
			
				<div class="list">
					<a href="#" class="action-addToList action-list-add">Add to list <span class="accessibility">Tassal Tasmanian Smoked Salmon 300g</span></a> 
				</div>
				<div class="member-list-add">
					<a href="#" class="action-addToList action-list-add">Add to another list <span class="accessibility">Tassal Tasmanian Smoked Salmon 300g</span></a>
				</div>
			
			<div class="member-list-remove">
				 <a href="#" class="action-removeFromList">Remove from list <span class="accessibility">Tassal Tasmanian Smoked Salmon 300g</span></a> 
			</div>
			
				<div class="compareProd" role="presentation" aria-hidden="true">
					<a href="#" class="compare compare-add">Compare</a>
				</div>
			
				<a href="http://shop.coles.com.au/online/national/tassal-salmon-smoked-tasmanian" class="product-url accessibility">More details for Tassal&nbsp;Tasmanian Smoked Salmon</a>
			
		</div>  
      

       	
		    <div role="presentation" aria-hidden="true" id="share" class="share" data-social="{productImgUrl:'http://shop.coles.com.au:27900/wcsstore/Coles-CAS/images/7/9/6/7962776-th.jpg'
	                                               ,productDisplayUrl:'http://shop.coles.com.au/online/national/tassal-salmon-smoked-tasmanian'
	                                               ,title:'Tassal Tasmanian Smoked Salmon '
	                                               ,description:''}">
		 	</div>
 		
	</div>
</div>


	</form>
</div>


<span class="available hidden"></span>


<div class="outer-prod prodtile" data-refresh="{
					catalogId: &quot;10576&quot;,
					doInventory: &quot;N&quot;,
					fulfillmentCenterId: &quot;11576&quot;,
					forStoreId: &quot;10401&quot;,
					
					productDisplayURL: &quot;http://shop.coles.com.au/online/national/wattle-valley-dip-chunky-basil-with-cashew-parmesan&quot;				
			}">
	<form id="catEntryForm_104814" name="catEntryForm_104814" action="AjaxOrderChangeServiceItemAdd">
		
<div class=" " data-catentry="catEntry_104814" data-refresh="{
				addCalculationUsage: &quot;-1&quot;,
				langId: &quot;-1&quot;,
				storeId: &quot;10601&quot;, 
				catEntryId: &quot;104814&quot;, 
				catEntryName: &quot;Chunky Basil With Cashew &amp; Parmesan Dip&quot;, 
				productView: &quot;list&quot;,
				productId: &quot;104814&quot;,
				itemId: &quot;158819&quot;,
				hideMultibuy: &quot;false&quot;,
                ticketType: &quot;&quot;,
                partNumber: &quot;9394801&quot;,
                offerCode: &quot;20150128&quot;
		}">
   	<div class="wrapper clearfix">   	
		

<h4 class="accessibility" id="heading_104814" tabindex="-1">
		Wattle Valley&nbsp;Chunky Basil With Cashew &amp; Parmesan Dip&nbsp;
		150g&nbsp;
		 
</h4> 

<div class="offer-icon"></div>
<a role="presentation" aria-hidden="true" class="product-url" href="http://shop.coles.com.au/online/national/wattle-valley-dip-chunky-basil-with-cashew-parmesan">
	    <img role="presentation" aria-hidden="true" class="photo" src="/wcsstore/Coles-CAS/images/9/3/9/9394801-th.jpg" onerror="this.src='/wcsstore/ColesStorefrontAssetStore/dist/e0a775baf05f/images/spacer.gif'" alt="Chunky Basil With Cashew &amp; Parmesan Dip" width="110" height="110">
	</a>

<div class="detail">	
    <span role="presentation" aria-hidden="true" class="brand">Wattle Valley</span>
    <span class="item" role="presentation" aria-hidden="true">
        <a role="presentation" aria-hidden="true" class="product-url" href="http://shop.coles.com.au/online/national/wattle-valley-dip-chunky-basil-with-cashew-parmesan">
        	Chunky Basil With Cashew &amp; Parmesan Dip&nbsp;
        	150g
        </a>
    </span>
	<span class="size">
			
 	</span>
</div>


	<div class="purchasing">	    
	    <div class="saving">
	    	
	    </div>
	   	
	    		<div class="price"><span class="accessibility">Purchase price </span><small>$</small>4.95</div>
	    	
	    <div class="unit-price"><span class="accessibility">Unit price </span>$3.30 per 100G</div>
	    <div class="special-offer">	    	
	    	
	    </div> 
	    <div class="availability">Temporarily unavailable</div>
	    <div class="purchase">
		
			<input type="number" title="Add Quantity for Wattle Valley Chunky Basil With Cashew &amp; Parmesan Dip 150g" name="quantity" id="catEntry_104814_qty" value="1" maxlength="2" size="2" class="v-mandatory v-numeric v-minval-1">
	        <button role="button" type="submit" title="Add to trolley&nbsp;Wattle Valley Chunky Basil With Cashew &amp; Parmesan Dip 150g" class="btn-red action-addToTrolley"><span role="presentation" aria-hidden="true">Add to trolley</span></button>
		
		</div>
	</div>
	<div class="lists">
		
	</div>


	    <div class="actions">
	        			
			   <div class="MUItemForTrolleyDiv MUItemForTrolley_158819" data-catentry="158819">
		         <div class="MUul_158819"><div class="MUli_158819 hidden" aria-hidden="true"><span class="inTrolley"><span class="MUSpan_158819">0</span> in trolley</span></div></div>
		       </div>
		        <p class="clear"></p>
			 
			<div class="member-usuals-remove">
				<a href="#" class="action-removeFromUsuals usuals-remove">Remove from list <span class="accessibility">Wattle Valley Chunky Basil With Cashew &amp; Parmesan Dip 150g</span></a>			
			</div>
			
				<div class="list">
					<a href="#" class="action-addToList action-list-add">Add to list <span class="accessibility">Wattle Valley Chunky Basil With Cashew &amp; Parmesan Dip 150g</span></a> 
				</div>
				<div class="member-list-add">
					<a href="#" class="action-addToList action-list-add">Add to another list <span class="accessibility">Wattle Valley Chunky Basil With Cashew &amp; Parmesan Dip 150g</span></a>
				</div>
			
			<div class="member-list-remove">
				 <a href="#" class="action-removeFromList">Remove from list <span class="accessibility">Wattle Valley Chunky Basil With Cashew &amp; Parmesan Dip 150g</span></a> 
			</div>
			
				<div class="compareProd" role="presentation" aria-hidden="true">
					<a href="#" class="compare compare-add">Compare</a>
				</div>
			
				<a href="http://shop.coles.com.au/online/national/wattle-valley-dip-chunky-basil-with-cashew-parmesan" class="product-url accessibility">More details for Wattle Valley&nbsp;Chunky Basil With Cashew &amp; Parmesan Dip</a>
			
		</div>  
      

       	
		    <div role="presentation" aria-hidden="true" id="share" class="share" data-social="{productImgUrl:'http://shop.coles.com.au:27900/wcsstore/Coles-CAS/images/9/3/9/9394801-th.jpg'
	                                               ,productDisplayUrl:'http://shop.coles.com.au/online/national/wattle-valley-dip-chunky-basil-with-cashew-parmesan'
	                                               ,title:'Wattle Valley Chunky Basil With Cashew &amp; Parmesan Dip '
	                                               ,description:''}">
		 	</div>
 		
	</div>
</div>


	</form>
</div>


<span class="available hidden"></span>


<div class="outer-prod prodtile" data-refresh="{
					catalogId: &quot;10576&quot;,
					doInventory: &quot;N&quot;,
					fulfillmentCenterId: &quot;11576&quot;,
					forStoreId: &quot;10401&quot;,
					
					productDisplayURL: &quot;http://shop.coles.com.au/online/national/cleaver-organic-beef-mince-extra-lean&quot;				
			}">
	<form id="catEntryForm_105792" name="catEntryForm_105792" action="AjaxOrderChangeServiceItemAdd">
		
<div class=" " data-catentry="catEntry_105792" data-refresh="{
				addCalculationUsage: &quot;-1&quot;,
				langId: &quot;-1&quot;,
				storeId: &quot;10601&quot;, 
				catEntryId: &quot;105792&quot;, 
				catEntryName: &quot;Extra Lean Beef Mince&quot;, 
				productView: &quot;list&quot;,
				productId: &quot;105792&quot;,
				itemId: &quot;166947&quot;,
				hideMultibuy: &quot;false&quot;,
                ticketType: &quot;&quot;,
                partNumber: &quot;9223332&quot;,
                offerCode: &quot;20150202&quot;
		}">
   	<div class="wrapper clearfix">   	
		

<h4 class="accessibility" id="heading_105792" tabindex="-1">
		Cleavers Organic&nbsp;Extra Lean Beef Mince&nbsp;
		500g&nbsp;
		 
</h4> 

<div class="offer-icon"></div>
<a role="presentation" aria-hidden="true" class="product-url" href="http://shop.coles.com.au/online/national/cleaver-organic-beef-mince-extra-lean">
	    <img role="presentation" aria-hidden="true" class="photo" src="/wcsstore/Coles-CAS/images/9/2/2/9223332-th.jpg" onerror="this.src='/wcsstore/ColesStorefrontAssetStore/dist/e0a775baf05f/images/spacer.gif'" alt="Extra Lean Beef Mince" width="110" height="110">
	</a>

<div class="detail">	
    <span role="presentation" aria-hidden="true" class="brand">Cleavers Organic</span>
    <span class="item" role="presentation" aria-hidden="true">
        <a role="presentation" aria-hidden="true" class="product-url" href="http://shop.coles.com.au/online/national/cleaver-organic-beef-mince-extra-lean">
        	Extra Lean Beef Mince&nbsp;
        	500g
        </a>
    </span>
	<span class="size">
			
 	</span>
</div>


	<div class="purchasing">	    
	    <div class="saving">
	    	
	    </div>
	   	
	    		<div class="price"><span class="accessibility">Purchase price </span><small>$</small>9.75</div>
	    	
	    <div class="unit-price"><span class="accessibility">Unit price </span>$19.50 per 1Kg</div>
	    <div class="special-offer">	    	
	    	
	    </div> 
	    <div class="availability">Temporarily unavailable</div>
	    <div class="purchase">
		
			<input type="number" title="Add Quantity for Cleavers Organic Extra Lean Beef Mince 500g" name="quantity" id="catEntry_105792_qty" value="1" maxlength="2" size="2" class="v-mandatory v-numeric v-minval-1">
	        <button role="button" type="submit" title="Add to trolley&nbsp;Cleavers Organic Extra Lean Beef Mince 500g" class="btn-red action-addToTrolley"><span role="presentation" aria-hidden="true">Add to trolley</span></button>
		
		</div>
	</div>
	<div class="lists">
		
	</div>


	    <div class="actions">
	        			
			   <div class="MUItemForTrolleyDiv MUItemForTrolley_166947" data-catentry="166947">
		         <div class="MUul_166947"><div class="MUli_166947 hidden" aria-hidden="true"><span class="inTrolley"><span class="MUSpan_166947">0</span> in trolley</span></div></div>
		       </div>
		        <p class="clear"></p>
			 
			<div class="member-usuals-remove">
				<a href="#" class="action-removeFromUsuals usuals-remove">Remove from list <span class="accessibility">Cleavers Organic Extra Lean Beef Mince 500g</span></a>			
			</div>
			
				<div class="list">
					<a href="#" class="action-addToList action-list-add">Add to list <span class="accessibility">Cleavers Organic Extra Lean Beef Mince 500g</span></a> 
				</div>
				<div class="member-list-add">
					<a href="#" class="action-addToList action-list-add">Add to another list <span class="accessibility">Cleavers Organic Extra Lean Beef Mince 500g</span></a>
				</div>
			
			<div class="member-list-remove">
				 <a href="#" class="action-removeFromList">Remove from list <span class="accessibility">Cleavers Organic Extra Lean Beef Mince 500g</span></a> 
			</div>
			
				<div class="compareProd" role="presentation" aria-hidden="true">
					<a href="#" class="compare compare-add">Compare</a>
				</div>
			
				<a href="http://shop.coles.com.au/online/national/cleaver-organic-beef-mince-extra-lean" class="product-url accessibility">More details for Cleavers Organic&nbsp;Extra Lean Beef Mince</a>
			
		</div>  
      

       	
		    <div role="presentation" aria-hidden="true" id="share" class="share" data-social="{productImgUrl:'http://shop.coles.com.au:27900/wcsstore/Coles-CAS/images/9/2/2/9223332-th.jpg'
	                                               ,productDisplayUrl:'http://shop.coles.com.au/online/national/cleaver-organic-beef-mince-extra-lean'
	                                               ,title:'Cleavers Organic Extra Lean Beef Mince '
	                                               ,description:''}">
		 	</div>
 		
	</div>
</div>


	</form>
</div>


<span class="available hidden"></span>


<div class="outer-prod prodtile" data-refresh="{
					catalogId: &quot;10576&quot;,
					doInventory: &quot;N&quot;,
					fulfillmentCenterId: &quot;11576&quot;,
					forStoreId: &quot;10401&quot;,
					
					productDisplayURL: &quot;http://shop.coles.com.au/online/national/coles-chicken-tenderloins-9841524p&quot;				
			}">
	<form id="catEntryForm_14810" name="catEntryForm_14810" action="AjaxOrderChangeServiceItemAdd">
		
<div class=" " data-catentry="catEntry_14810" data-refresh="{
				addCalculationUsage: &quot;-1&quot;,
				langId: &quot;-1&quot;,
				storeId: &quot;10601&quot;, 
				catEntryId: &quot;14810&quot;, 
				catEntryName: &quot;RSPCA Approved Chicken Tenderloins 8 Pieces&quot;, 
				productView: &quot;list&quot;,
				productId: &quot;14810&quot;,
				itemId: &quot;34120&quot;,
				hideMultibuy: &quot;false&quot;,
                ticketType: &quot;&quot;,
                partNumber: &quot;9841524&quot;,
                offerCode: &quot;20140430&quot;
		}">
   	<div class="wrapper clearfix">   	
		

<h4 class="accessibility" id="heading_14810" tabindex="-1">
		Coles&nbsp;RSPCA Approved Chicken Tenderloins 8 Pieces&nbsp;
		approx. 550g&nbsp;
		 
</h4> 

<div class="offer-icon"></div>
<a role="presentation" aria-hidden="true" class="product-url" href="http://shop.coles.com.au/online/national/coles-chicken-tenderloins-9841524p">
	    <img role="presentation" aria-hidden="true" class="photo" src="/wcsstore/Coles-CAS/images/9/8/4/9841524-th.jpg" onerror="this.src='/wcsstore/ColesStorefrontAssetStore/dist/e0a775baf05f/images/spacer.gif'" alt="RSPCA Approved Chicken Tenderloins 8 Pieces" width="110" height="110">
	</a>

<div class="detail">	
    <span role="presentation" aria-hidden="true" class="brand">Coles</span>
    <span class="item" role="presentation" aria-hidden="true">
        <a role="presentation" aria-hidden="true" class="product-url" href="http://shop.coles.com.au/online/national/coles-chicken-tenderloins-9841524p">
        	RSPCA Approved Chicken Tenderloins 8 Pieces&nbsp;
        	approx. 550g
        </a>
    </span>
	<span class="size">
		Indicated price based on approx. weight. Weight may vary between 500g and 600g.	
 	</span>
</div>


	<div class="purchasing">	    
	    <div class="saving">
	    	
	    </div>
	   	
	    		<div class="price"><span class="accessibility">Purchase price </span><small>$</small>10.18</div>
	    	
	    <div class="unit-price"><span class="accessibility">Unit price </span>$18.50 per 1Kg</div>
	    <div class="special-offer">	    	
	    	
	    </div> 
	    <div class="availability">Temporarily unavailable</div>
	    <div class="purchase">
		
			<input type="number" title="Add Quantity for Coles RSPCA Approved Chicken Tenderloins 8 Pieces approx. 550g" name="quantity" id="catEntry_14810_qty" value="1" maxlength="2" size="2" class="v-mandatory v-numeric v-minval-1">
	        <button role="button" type="submit" title="Add to trolley&nbsp;Coles RSPCA Approved Chicken Tenderloins 8 Pieces approx. 550g" class="btn-red action-addToTrolley"><span role="presentation" aria-hidden="true">Add to trolley</span></button>
		
		</div>
	</div>
	<div class="lists">
		
	</div>


	    <div class="actions">
	        			
			   <div class="MUItemForTrolleyDiv MUItemForTrolley_34120" data-catentry="34120">
		         <div class="MUul_34120"><div class="MUli_34120 hidden" aria-hidden="true"><span class="inTrolley"><span class="MUSpan_34120">0</span> in trolley</span></div></div>
		       </div>
		        <p class="clear"></p>
			 
			<div class="member-usuals-remove">
				<a href="#" class="action-removeFromUsuals usuals-remove">Remove from list <span class="accessibility">Coles RSPCA Approved Chicken Tenderloins 8 Pieces approx. 550g</span></a>			
			</div>
			
				<div class="list">
					<a href="#" class="action-addToList action-list-add">Add to list <span class="accessibility">Coles RSPCA Approved Chicken Tenderloins 8 Pieces approx. 550g</span></a> 
				</div>
				<div class="member-list-add">
					<a href="#" class="action-addToList action-list-add">Add to another list <span class="accessibility">Coles RSPCA Approved Chicken Tenderloins 8 Pieces approx. 550g</span></a>
				</div>
			
			<div class="member-list-remove">
				 <a href="#" class="action-removeFromList">Remove from list <span class="accessibility">Coles RSPCA Approved Chicken Tenderloins 8 Pieces approx. 550g</span></a> 
			</div>
			
				<div class="compareProd" role="presentation" aria-hidden="true">
					<a href="#" class="compare compare-add">Compare</a>
				</div>
			
				<a href="http://shop.coles.com.au/online/national/coles-chicken-tenderloins-9841524p" class="product-url accessibility">More details for Coles&nbsp;RSPCA Approved Chicken Tenderloins 8 Pieces</a>
			
		</div>  
      

       	
		    <div role="presentation" aria-hidden="true" id="share" class="share" data-social="{productImgUrl:'http://shop.coles.com.au:27900/wcsstore/Coles-CAS/images/9/8/4/9841524-th.jpg'
	                                               ,productDisplayUrl:'http://shop.coles.com.au/online/national/coles-chicken-tenderloins-9841524p'
	                                               ,title:'Coles RSPCA Approved Chicken Tenderloins 8 Pieces Indicated price based on approx. weight. Weight may vary between 500g and 600g.'
	                                               ,description:''}">
		 	</div>
 		
	</div>
</div>


	</form>
</div>


<span class="available hidden"></span>


<div class="outer-prod prodtile" data-refresh="{
					catalogId: &quot;10576&quot;,
					doInventory: &quot;N&quot;,
					fulfillmentCenterId: &quot;11576&quot;,
					forStoreId: &quot;10401&quot;,
					
					productDisplayURL: &quot;http://shop.coles.com.au/online/national/coles-pork-mince-lean&quot;				
			}">
	<form id="catEntryForm_16158" name="catEntryForm_16158" action="AjaxOrderChangeServiceItemAdd">
		
<div class=" " data-catentry="catEntry_16158" data-refresh="{
				addCalculationUsage: &quot;-1&quot;,
				langId: &quot;-1&quot;,
				storeId: &quot;10601&quot;, 
				catEntryId: &quot;16158&quot;, 
				catEntryName: &quot;Lean Pork Mince&quot;, 
				productView: &quot;list&quot;,
				productId: &quot;16158&quot;,
				itemId: &quot;28710&quot;,
				hideMultibuy: &quot;false&quot;,
                ticketType: &quot;&quot;,
                partNumber: &quot;8782430&quot;,
                offerCode: &quot;20140514&quot;
		}">
   	<div class="wrapper clearfix">   	
		

<h4 class="accessibility" id="heading_16158" tabindex="-1">
		Coles&nbsp;Lean Pork Mince&nbsp;
		500g&nbsp;
		 
</h4> 

<div class="offer-icon"></div>
<a role="presentation" aria-hidden="true" class="product-url" href="http://shop.coles.com.au/online/national/coles-pork-mince-lean">
	    <img role="presentation" aria-hidden="true" class="photo" src="/wcsstore/Coles-CAS/images/8/7/8/8782430-th.jpg" onerror="this.src='/wcsstore/ColesStorefrontAssetStore/dist/e0a775baf05f/images/spacer.gif'" alt="Lean Pork Mince" width="110" height="110">
	</a>

<div class="detail">	
    <span role="presentation" aria-hidden="true" class="brand">Coles</span>
    <span class="item" role="presentation" aria-hidden="true">
        <a role="presentation" aria-hidden="true" class="product-url" href="http://shop.coles.com.au/online/national/coles-pork-mince-lean">
        	Lean Pork Mince&nbsp;
        	500g
        </a>
    </span>
	<span class="size">
			
 	</span>
</div>


	<div class="purchasing">	    
	    <div class="saving">
	    	
	    </div>
	   	
	    		<div class="price"><span class="accessibility">Purchase price </span><small>$</small>6.00</div>
	    	
	    <div class="unit-price"><span class="accessibility">Unit price </span>$12.00 per 1Kg</div>
	    <div class="special-offer">	    	
	    	
	    </div> 
	    <div class="availability">Temporarily unavailable</div>
	    <div class="purchase">
		
			<input type="number" title="Add Quantity for Coles Lean Pork Mince 500g" name="quantity" id="catEntry_16158_qty" value="1" maxlength="2" size="2" class="v-mandatory v-numeric v-minval-1">
	        <button role="button" type="submit" title="Add to trolley&nbsp;Coles Lean Pork Mince 500g" class="btn-red action-addToTrolley"><span role="presentation" aria-hidden="true">Add to trolley</span></button>
		
		</div>
	</div>
	<div class="lists">
		
	</div>


	    <div class="actions">
	        			
			   <div class="MUItemForTrolleyDiv MUItemForTrolley_28710" data-catentry="28710">
		         <div class="MUul_28710"><div class="MUli_28710 hidden" aria-hidden="true"><span class="inTrolley"><span class="MUSpan_28710">0</span> in trolley</span></div></div>
		       </div>
		        <p class="clear"></p>
			 
			<div class="member-usuals-remove">
				<a href="#" class="action-removeFromUsuals usuals-remove">Remove from list <span class="accessibility">Coles Lean Pork Mince 500g</span></a>			
			</div>
			
				<div class="list">
					<a href="#" class="action-addToList action-list-add">Add to list <span class="accessibility">Coles Lean Pork Mince 500g</span></a> 
				</div>
				<div class="member-list-add">
					<a href="#" class="action-addToList action-list-add">Add to another list <span class="accessibility">Coles Lean Pork Mince 500g</span></a>
				</div>
			
			<div class="member-list-remove">
				 <a href="#" class="action-removeFromList">Remove from list <span class="accessibility">Coles Lean Pork Mince 500g</span></a> 
			</div>
			
				<div class="compareProd" role="presentation" aria-hidden="true">
					<a href="#" class="compare compare-add">Compare</a>
				</div>
			
				<a href="http://shop.coles.com.au/online/national/coles-pork-mince-lean" class="product-url accessibility">More details for Coles&nbsp;Lean Pork Mince</a>
			
		</div>  
      

       	
		    <div role="presentation" aria-hidden="true" id="share" class="share" data-social="{productImgUrl:'http://shop.coles.com.au:27900/wcsstore/Coles-CAS/images/8/7/8/8782430-th.jpg'
	                                               ,productDisplayUrl:'http://shop.coles.com.au/online/national/coles-pork-mince-lean'
	                                               ,title:'Coles Lean Pork Mince  '
	                                               ,description:''}">
		 	</div>
 		
	</div>
</div>


	</form>
</div>


<span class="available hidden"></span>


<div class="outer-prod prodtile" data-refresh="{
					catalogId: &quot;10576&quot;,
					doInventory: &quot;N&quot;,
					fulfillmentCenterId: &quot;11576&quot;,
					forStoreId: &quot;10401&quot;,
					
					productDisplayURL: &quot;http://shop.coles.com.au/online/national/coles-pork-sirloin-steak&quot;				
			}">
	<form id="catEntryForm_47211" name="catEntryForm_47211" action="AjaxOrderChangeServiceItemAdd">
		
<div class="promo save " data-catentry="catEntry_47211" data-refresh="{
				addCalculationUsage: &quot;-1&quot;,
				langId: &quot;-1&quot;,
				storeId: &quot;10601&quot;, 
				catEntryId: &quot;47211&quot;, 
				catEntryName: &quot;Pork Sirloin Steak&quot;, 
				productView: &quot;billboard&quot;,
				productId: &quot;47211&quot;,
				itemId: &quot;166003&quot;,
				hideMultibuy: &quot;false&quot;,
                ticketType: &quot;S&quot;,
                partNumber: &quot;8425900&quot;,
                offerCode: &quot;107381583&quot;
		}">
   	<div class="wrapper clearfix">   	
		

<h4 class="accessibility" id="heading_47211" tabindex="-1">
		Coles&nbsp;Pork Sirloin Steak&nbsp;
		approx. 500g&nbsp;
		On special 
</h4> 

<div class="offer-icon"></div>
<a role="presentation" aria-hidden="true" class="product-url" href="http://shop.coles.com.au/online/national/coles-pork-sirloin-steak">
	    <img role="presentation" aria-hidden="true" class="photo" src="/wcsstore/Coles-CAS/images/8/4/2/8425900-th.jpg" onerror="this.src='/wcsstore/ColesStorefrontAssetStore/dist/e0a775baf05f/images/spacer.gif'" alt="Pork Sirloin Steak" width="110" height="110">
	</a>

<div class="detail">	
    <span role="presentation" aria-hidden="true" class="brand">Coles</span>
    <span class="item" role="presentation" aria-hidden="true">
        <a role="presentation" aria-hidden="true" class="product-url" href="http://shop.coles.com.au/online/national/coles-pork-sirloin-steak">
        	Pork Sirloin Steak&nbsp;
        	approx. 500g
        </a>
    </span>
	<span class="size">
		Indicated price based on approx. weight. Weight may vary between 450g and 550g.	
 	</span>
</div>


	<div class="purchasing">	    
	    <div class="saving">
	    	
	    		<span class="accessibility">Original price</span> was $12.00 
	    		<span><span class="accessibility">You can</span> save $2.50</span>
	    	
	    </div>
	   	
	    		<div class="price"><span class="accessibility">Purchase price </span><small>$</small>9.50</div>
	    	
	    <div class="unit-price"><span class="accessibility">Unit price </span>$19.00 per 1Kg</div>
	    <div class="special-offer">	    	
	    	
	    </div> 
	    <div class="availability">Temporarily unavailable</div>
	    <div class="purchase">
		
			<input type="number" title="Add Quantity for Coles Pork Sirloin Steak approx. 500g" name="quantity" id="catEntry_47211_qty" value="1" maxlength="2" size="2" class="v-mandatory v-numeric v-minval-1">
	        <button role="button" type="submit" title="Add to trolley&nbsp;Coles Pork Sirloin Steak approx. 500g" class="btn-red action-addToTrolley"><span role="presentation" aria-hidden="true">Add to trolley</span></button>
		
		</div>
	</div>
	<div class="lists">
		
	</div>


	    <div class="actions">
	        			
			   <div class="MUItemForTrolleyDiv MUItemForTrolley_166003" data-catentry="166003">
		         <div class="MUul_166003"><div class="MUli_166003 hidden" aria-hidden="true"><span class="inTrolley"><span class="MUSpan_166003">0</span> in trolley</span></div></div>
		       </div>
		        <p class="clear"></p>
			 
			<div class="member-usuals-remove">
				<a href="#" class="action-removeFromUsuals usuals-remove">Remove from list <span class="accessibility">Coles Pork Sirloin Steak approx. 500g</span></a>			
			</div>
			
				<div class="list">
					<a href="#" class="action-addToList action-list-add">Add to list <span class="accessibility">Coles Pork Sirloin Steak approx. 500g</span></a> 
				</div>
				<div class="member-list-add">
					<a href="#" class="action-addToList action-list-add">Add to another list <span class="accessibility">Coles Pork Sirloin Steak approx. 500g</span></a>
				</div>
			
			<div class="member-list-remove">
				 <a href="#" class="action-removeFromList">Remove from list <span class="accessibility">Coles Pork Sirloin Steak approx. 500g</span></a> 
			</div>
			
				<div class="compareProd" role="presentation" aria-hidden="true">
					<a href="#" class="compare compare-add">Compare</a>
				</div>
			
				<a href="http://shop.coles.com.au/online/national/coles-pork-sirloin-steak" class="product-url accessibility">More details for Coles&nbsp;Pork Sirloin Steak</a>
			
		</div>  
      

       	
		    <div role="presentation" aria-hidden="true" id="share" class="share" data-social="{productImgUrl:'http://shop.coles.com.au:27900/wcsstore/Coles-CAS/images/8/4/2/8425900-th.jpg'
	                                               ,productDisplayUrl:'http://shop.coles.com.au/online/national/coles-pork-sirloin-steak'
	                                               ,title:'Coles Pork Sirloin Steak Indicated price based on approx. weight. Weight may vary between 450g and 550g.'
	                                               ,description:''}">
		 	</div>
 		
	</div>
</div>


	</form>
</div>


<span class="available hidden"></span>


<div class="outer-prod prodtile" data-refresh="{
					catalogId: &quot;10576&quot;,
					doInventory: &quot;N&quot;,
					fulfillmentCenterId: &quot;11576&quot;,
					forStoreId: &quot;10401&quot;,
					
					productDisplayURL: &quot;http://shop.coles.com.au/online/national/coles-lamb-shanks-frenched-2-pack&quot;				
			}">
	<form id="catEntryForm_99262" name="catEntryForm_99262" action="AjaxOrderChangeServiceItemAdd">
		
<div class=" " data-catentry="catEntry_99262" data-refresh="{
				addCalculationUsage: &quot;-1&quot;,
				langId: &quot;-1&quot;,
				storeId: &quot;10601&quot;, 
				catEntryId: &quot;99262&quot;, 
				catEntryName: &quot;Frenched Lamb Shanks 2 Pack&quot;, 
				productView: &quot;list&quot;,
				productId: &quot;99262&quot;,
				itemId: &quot;167631&quot;,
				hideMultibuy: &quot;false&quot;,
                ticketType: &quot;&quot;,
                partNumber: &quot;9264566&quot;,
                offerCode: &quot;20140917&quot;
		}">
   	<div class="wrapper clearfix">   	
		

<h4 class="accessibility" id="heading_99262" tabindex="-1">
		Coles&nbsp;Frenched Lamb Shanks 2 Pack&nbsp;
		approx. 450g&nbsp;
		 
</h4> 

<div class="offer-icon"></div>
<a role="presentation" aria-hidden="true" class="product-url" href="http://shop.coles.com.au/online/national/coles-lamb-shanks-frenched-2-pack">
	    <img role="presentation" aria-hidden="true" class="photo" src="/wcsstore/Coles-CAS/images/9/2/6/9264566-th.jpg" onerror="this.src='/wcsstore/ColesStorefrontAssetStore/dist/e0a775baf05f/images/spacer.gif'" alt="Frenched Lamb Shanks 2 Pack" width="110" height="110">
	</a>

<div class="detail">	
    <span role="presentation" aria-hidden="true" class="brand">Coles</span>
    <span class="item" role="presentation" aria-hidden="true">
        <a role="presentation" aria-hidden="true" class="product-url" href="http://shop.coles.com.au/online/national/coles-lamb-shanks-frenched-2-pack">
        	Frenched Lamb Shanks 2 Pack&nbsp;
        	approx. 450g
        </a>
    </span>
	<span class="size">
		Indicated price based on approx. weight. Weight may vary between 400g and 500g.	
 	</span>
</div>


	<div class="purchasing">	    
	    <div class="saving">
	    	
	    </div>
	   	
	    		<div class="price"><span class="accessibility">Purchase price </span><small>$</small>4.95</div>
	    	
	    <div class="unit-price"><span class="accessibility">Unit price </span>$11.00 per 1Kg</div>
	    <div class="special-offer">	    	
	    	
	    </div> 
	    <div class="availability">Temporarily unavailable</div>
	    <div class="purchase">
		
			<input type="number" title="Add Quantity for Coles Frenched Lamb Shanks 2 Pack approx. 450g" name="quantity" id="catEntry_99262_qty" value="1" maxlength="2" size="2" class="v-mandatory v-numeric v-minval-1">
	        <button role="button" type="submit" title="Add to trolley&nbsp;Coles Frenched Lamb Shanks 2 Pack approx. 450g" class="btn-red action-addToTrolley"><span role="presentation" aria-hidden="true">Add to trolley</span></button>
		
		</div>
	</div>
	<div class="lists">
		
	</div>


	    <div class="actions">
	        			
			   <div class="MUItemForTrolleyDiv MUItemForTrolley_167631" data-catentry="167631">
		         <div class="MUul_167631"><div class="MUli_167631 hidden" aria-hidden="true"><span class="inTrolley"><span class="MUSpan_167631">0</span> in trolley</span></div></div>
		       </div>
		        <p class="clear"></p>
			 
			<div class="member-usuals-remove">
				<a href="#" class="action-removeFromUsuals usuals-remove">Remove from list <span class="accessibility">Coles Frenched Lamb Shanks 2 Pack approx. 450g</span></a>			
			</div>
			
				<div class="list">
					<a href="#" class="action-addToList action-list-add">Add to list <span class="accessibility">Coles Frenched Lamb Shanks 2 Pack approx. 450g</span></a> 
				</div>
				<div class="member-list-add">
					<a href="#" class="action-addToList action-list-add">Add to another list <span class="accessibility">Coles Frenched Lamb Shanks 2 Pack approx. 450g</span></a>
				</div>
			
			<div class="member-list-remove">
				 <a href="#" class="action-removeFromList">Remove from list <span class="accessibility">Coles Frenched Lamb Shanks 2 Pack approx. 450g</span></a> 
			</div>
			
				<div class="compareProd" role="presentation" aria-hidden="true">
					<a href="#" class="compare compare-add">Compare</a>
				</div>
			
				<a href="http://shop.coles.com.au/online/national/coles-lamb-shanks-frenched-2-pack" class="product-url accessibility">More details for Coles&nbsp;Frenched Lamb Shanks 2 Pack</a>
			
		</div>  
      

       	
		    <div role="presentation" aria-hidden="true" id="share" class="share" data-social="{productImgUrl:'http://shop.coles.com.au:27900/wcsstore/Coles-CAS/images/9/2/6/9264566-th.jpg'
	                                               ,productDisplayUrl:'http://shop.coles.com.au/online/national/coles-lamb-shanks-frenched-2-pack'
	                                               ,title:'Coles Frenched Lamb Shanks 2 Pack Indicated price based on approx. weight. Weight may vary between 400g and 500g.'
	                                               ,description:'sold per kg, pack size 230x140mm'}">
		 	</div>
 		
	</div>
</div>


	</form>
</div>


<span class="available hidden"></span>


<div class="outer-prod prodtile" data-refresh="{
					catalogId: &quot;10576&quot;,
					doInventory: &quot;N&quot;,
					fulfillmentCenterId: &quot;11576&quot;,
					forStoreId: &quot;10401&quot;,
					
					productDisplayURL: &quot;http://shop.coles.com.au/online/national/coles-rspca-approved-chicken-thigh-fillets-1195379p&quot;				
			}">
	<form id="catEntryForm_173592" name="catEntryForm_173592" action="AjaxOrderChangeServiceItemAdd">
		
<div class=" " data-catentry="catEntry_173592" data-refresh="{
				addCalculationUsage: &quot;-1&quot;,
				langId: &quot;-1&quot;,
				storeId: &quot;10601&quot;, 
				catEntryId: &quot;173592&quot;, 
				catEntryName: &quot;RSPCA Approved Chicken Thigh Fillets 8-9 Pieces&quot;, 
				productView: &quot;list&quot;,
				productId: &quot;173592&quot;,
				itemId: &quot;173612&quot;,
				hideMultibuy: &quot;false&quot;,
                ticketType: &quot;&quot;,
                partNumber: &quot;1195379&quot;,
                offerCode: &quot;20150128&quot;
		}">
   	<div class="wrapper clearfix">   	
		

<h4 class="accessibility" id="heading_173592" tabindex="-1">
		Coles&nbsp;RSPCA Approved Chicken Thigh Fillets 8-9 Pieces&nbsp;
		approx. 1.3kg&nbsp;
		 
</h4> 

<div class="offer-icon"></div>
<a role="presentation" aria-hidden="true" class="product-url" href="http://shop.coles.com.au/online/national/coles-rspca-approved-chicken-thigh-fillets-1195379p">
	    <img role="presentation" aria-hidden="true" class="photo" src="/wcsstore/Coles-CAS/images/1/1/9/1195379-th.jpg" onerror="this.src='/wcsstore/ColesStorefrontAssetStore/dist/e0a775baf05f/images/spacer.gif'" alt="RSPCA Approved Chicken Thigh Fillets 8-9 Pieces" width="110" height="110">
	</a>

<div class="detail">	
    <span role="presentation" aria-hidden="true" class="brand">Coles</span>
    <span class="item" role="presentation" aria-hidden="true">
        <a role="presentation" aria-hidden="true" class="product-url" href="http://shop.coles.com.au/online/national/coles-rspca-approved-chicken-thigh-fillets-1195379p">
        	RSPCA Approved Chicken Thigh Fillets 8-9 Pieces&nbsp;
        	approx. 1.3kg
        </a>
    </span>
	<span class="size">
		Indicated price based on approx. weight. Weight may vary between 1.1kg and 1.5kg.	
 	</span>
</div>


	<div class="purchasing">	    
	    <div class="saving">
	    	
	    </div>
	   	
	    		<div class="price"><span class="accessibility">Purchase price </span><small>$</small>14.30</div>
	    	
	    <div class="unit-price"><span class="accessibility">Unit price </span>$11.00 per 1Kg</div>
	    <div class="special-offer">	    	
	    	
	    </div> 
	    <div class="availability">Temporarily unavailable</div>
	    <div class="purchase">
		
			<input type="number" title="Add Quantity for Coles RSPCA Approved Chicken Thigh Fillets 8-9 Pieces approx. 1.3kg" name="quantity" id="catEntry_173592_qty" value="1" maxlength="2" size="2" class="v-mandatory v-numeric v-minval-1">
	        <button role="button" type="submit" title="Add to trolley&nbsp;Coles RSPCA Approved Chicken Thigh Fillets 8-9 Pieces approx. 1.3kg" class="btn-red action-addToTrolley"><span role="presentation" aria-hidden="true">Add to trolley</span></button>
		
		</div>
	</div>
	<div class="lists">
		
	</div>


	    <div class="actions">
	        			
			   <div class="MUItemForTrolleyDiv MUItemForTrolley_173612" data-catentry="173612">
		         <div class="MUul_173612"><div class="MUli_173612 hidden" aria-hidden="true"><span class="inTrolley"><span class="MUSpan_173612">0</span> in trolley</span></div></div>
		       </div>
		        <p class="clear"></p>
			 
			<div class="member-usuals-remove">
				<a href="#" class="action-removeFromUsuals usuals-remove">Remove from list <span class="accessibility">Coles RSPCA Approved Chicken Thigh Fillets 8-9 Pieces approx. 1.3kg</span></a>			
			</div>
			
				<div class="list">
					<a href="#" class="action-addToList action-list-add">Add to list <span class="accessibility">Coles RSPCA Approved Chicken Thigh Fillets 8-9 Pieces approx. 1.3kg</span></a> 
				</div>
				<div class="member-list-add">
					<a href="#" class="action-addToList action-list-add">Add to another list <span class="accessibility">Coles RSPCA Approved Chicken Thigh Fillets 8-9 Pieces approx. 1.3kg</span></a>
				</div>
			
			<div class="member-list-remove">
				 <a href="#" class="action-removeFromList">Remove from list <span class="accessibility">Coles RSPCA Approved Chicken Thigh Fillets 8-9 Pieces approx. 1.3kg</span></a> 
			</div>
			
				<div class="compareProd" role="presentation" aria-hidden="true">
					<a href="#" class="compare compare-add">Compare</a>
				</div>
			
				<a href="http://shop.coles.com.au/online/national/coles-rspca-approved-chicken-thigh-fillets-1195379p" class="product-url accessibility">More details for Coles&nbsp;RSPCA Approved Chicken Thigh Fillets 8-9 Pieces</a>
			
		</div>  
      

       	
		    <div role="presentation" aria-hidden="true" id="share" class="share" data-social="{productImgUrl:'http://shop.coles.com.au:27900/wcsstore/Coles-CAS/images/1/1/9/1195379-th.jpg'
	                                               ,productDisplayUrl:'http://shop.coles.com.au/online/national/coles-rspca-approved-chicken-thigh-fillets-1195379p'
	                                               ,title:'Coles RSPCA Approved Chicken Thigh Fillets 8-9 Pieces Indicated price based on approx. weight. Weight may vary between 1.1kg and 1.5kg.'
	                                               ,description:''}">
		 	</div>
 		
	</div>
</div>


	</form>
</div>


<span class="available hidden"></span>


<div class="outer-prod prodtile" data-refresh="{
					catalogId: &quot;10576&quot;,
					doInventory: &quot;N&quot;,
					fulfillmentCenterId: &quot;11576&quot;,
					forStoreId: &quot;10401&quot;,
					
					productDisplayURL: &quot;http://shop.coles.com.au/online/national/coles-basa---fillets-2-pack&quot;				
			}">
	<form id="catEntryForm_260025" name="catEntryForm_260025" action="AjaxOrderChangeServiceItemAdd">
		
<div class=" " data-catentry="catEntry_260025" data-refresh="{
				addCalculationUsage: &quot;-1&quot;,
				langId: &quot;-1&quot;,
				storeId: &quot;10601&quot;, 
				catEntryId: &quot;260025&quot;, 
				catEntryName: &quot;Basa Fillets 2 Pack&quot;, 
				productView: &quot;list&quot;,
				productId: &quot;260025&quot;,
				itemId: &quot;260069&quot;,
				hideMultibuy: &quot;false&quot;,
                ticketType: &quot;&quot;,
                partNumber: &quot;1567000&quot;,
                offerCode: &quot;20120827&quot;
		}">
   	<div class="wrapper clearfix">   	
		

<h4 class="accessibility" id="heading_260025" tabindex="-1">
		Coles&nbsp;Basa Fillets 2 Pack&nbsp;
		260g&nbsp;
		 
</h4> 

<div class="offer-icon"></div>
<a role="presentation" aria-hidden="true" class="product-url" href="http://shop.coles.com.au/online/national/coles-basa---fillets-2-pack">
	    <img role="presentation" aria-hidden="true" class="photo" src="/wcsstore/Coles-CAS/images/1/5/6/1567000-th.jpg" onerror="this.src='/wcsstore/ColesStorefrontAssetStore/dist/e0a775baf05f/images/spacer.gif'" alt="Basa Fillets 2 Pack" width="110" height="110">
	</a>

<div class="detail">	
    <span role="presentation" aria-hidden="true" class="brand">Coles</span>
    <span class="item" role="presentation" aria-hidden="true">
        <a role="presentation" aria-hidden="true" class="product-url" href="http://shop.coles.com.au/online/national/coles-basa---fillets-2-pack">
        	Basa Fillets 2 Pack&nbsp;
        	260g
        </a>
    </span>
	<span class="size">
			
 	</span>
</div>


	<div class="purchasing">	    
	    <div class="saving">
	    	
	    </div>
	   	
	    		<div class="price"><span class="accessibility">Purchase price </span><small>$</small>5.00</div>
	    	
	    <div class="unit-price"><span class="accessibility">Unit price </span>$19.23 per 1Kg</div>
	    <div class="special-offer">	    	
	    	
	    </div> 
	    <div class="availability">Temporarily unavailable</div>
	    <div class="purchase">
		
			<input type="number" title="Add Quantity for Coles Basa Fillets 2 Pack 260g" name="quantity" id="catEntry_260025_qty" value="1" maxlength="2" size="2" class="v-mandatory v-numeric v-minval-1">
	        <button role="button" type="submit" title="Add to trolley&nbsp;Coles Basa Fillets 2 Pack 260g" class="btn-red action-addToTrolley"><span role="presentation" aria-hidden="true">Add to trolley</span></button>
		
		</div>
	</div>
	<div class="lists">
		
	</div>


	    <div class="actions">
	        			
			   <div class="MUItemForTrolleyDiv MUItemForTrolley_260069" data-catentry="260069">
		         <div class="MUul_260069"><div class="MUli_260069 hidden" aria-hidden="true"><span class="inTrolley"><span class="MUSpan_260069">0</span> in trolley</span></div></div>
		       </div>
		        <p class="clear"></p>
			 
			<div class="member-usuals-remove">
				<a href="#" class="action-removeFromUsuals usuals-remove">Remove from list <span class="accessibility">Coles Basa Fillets 2 Pack 260g</span></a>			
			</div>
			
				<div class="list">
					<a href="#" class="action-addToList action-list-add">Add to list <span class="accessibility">Coles Basa Fillets 2 Pack 260g</span></a> 
				</div>
				<div class="member-list-add">
					<a href="#" class="action-addToList action-list-add">Add to another list <span class="accessibility">Coles Basa Fillets 2 Pack 260g</span></a>
				</div>
			
			<div class="member-list-remove">
				 <a href="#" class="action-removeFromList">Remove from list <span class="accessibility">Coles Basa Fillets 2 Pack 260g</span></a> 
			</div>
			
				<div class="compareProd" role="presentation" aria-hidden="true">
					<a href="#" class="compare compare-add">Compare</a>
				</div>
			
				<a href="http://shop.coles.com.au/online/national/coles-basa---fillets-2-pack" class="product-url accessibility">More details for Coles&nbsp;Basa Fillets 2 Pack</a>
			
		</div>  
      

       	
		    <div role="presentation" aria-hidden="true" id="share" class="share" data-social="{productImgUrl:'http://shop.coles.com.au:27900/wcsstore/Coles-CAS/images/1/5/6/1567000-th.jpg'
	                                               ,productDisplayUrl:'http://shop.coles.com.au/online/national/coles-basa---fillets-2-pack'
	                                               ,title:'Coles Basa Fillets 2 Pack  '
	                                               ,description:''}">
		 	</div>
 		
	</div>
</div>


	</form>
</div>


<span class="available hidden"></span>


<div class="outer-prod prodtile" data-refresh="{
					catalogId: &quot;10576&quot;,
					doInventory: &quot;N&quot;,
					fulfillmentCenterId: &quot;11576&quot;,
					forStoreId: &quot;10401&quot;,
					
					productDisplayURL: &quot;http://shop.coles.com.au/online/national/chicken-wings-from-the-deli-5307420p&quot;				
			}">
	<form id="catEntryForm_79250" name="catEntryForm_79250" action="AjaxOrderChangeServiceItemAdd">
		
<div class=" " data-catentry="catEntry_79250" data-refresh="{
				addCalculationUsage: &quot;-1&quot;,
				langId: &quot;-1&quot;,
				storeId: &quot;10601&quot;, 
				catEntryId: &quot;79250&quot;, 
				catEntryName: &quot;RSPCA Approved Chicken Wings 4 Pieces&quot;, 
				productView: &quot;list&quot;,
				productId: &quot;79250&quot;,
				itemId: &quot;142388&quot;,
				hideMultibuy: &quot;false&quot;,
                ticketType: &quot;&quot;,
                partNumber: &quot;5307420&quot;,
                offerCode: &quot;20140625&quot;
		}">
   	<div class="wrapper clearfix">   	
		

<h4 class="accessibility" id="heading_79250" tabindex="-1">
		Coles Deli&nbsp;RSPCA Approved Chicken Wings 4 Pieces&nbsp;
		approx. 500g&nbsp;
		 
</h4> 

<div class="offer-icon"></div>
<a role="presentation" aria-hidden="true" class="product-url" href="http://shop.coles.com.au/online/national/chicken-wings-from-the-deli-5307420p">
	    <img role="presentation" aria-hidden="true" class="photo" src="/wcsstore/Coles-CAS/images/5/3/0/5307420-th.jpg" onerror="this.src='/wcsstore/ColesStorefrontAssetStore/dist/e0a775baf05f/images/spacer.gif'" alt="RSPCA Approved Chicken Wings 4 Pieces" width="110" height="110">
	</a>

<div class="detail">	
    <span role="presentation" aria-hidden="true" class="brand">Coles Deli</span>
    <span class="item" role="presentation" aria-hidden="true">
        <a role="presentation" aria-hidden="true" class="product-url" href="http://shop.coles.com.au/online/national/chicken-wings-from-the-deli-5307420p">
        	RSPCA Approved Chicken Wings 4 Pieces&nbsp;
        	approx. 500g
        </a>
    </span>
	<span class="size">
		Indicated price based on approx. weight. Weight may vary between 450g and 550g. 	
 	</span>
</div>


	<div class="purchasing">	    
	    <div class="saving">
	    	
	    </div>
	   	
	    		<div class="price"><span class="accessibility">Purchase price </span><small>$</small>1.99</div>
	    	
	    <div class="unit-price"><span class="accessibility">Unit price </span>$3.98 per 1kg</div>
	    <div class="special-offer">	    	
	    	
	    </div> 
	    <div class="availability">Temporarily unavailable</div>
	    <div class="purchase">
		
			<input type="number" title="Add Quantity for Coles Deli RSPCA Approved Chicken Wings 4 Pieces approx. 500g" name="quantity" id="catEntry_79250_qty" value="1" maxlength="2" size="2" class="v-mandatory v-numeric v-minval-1">
	        <button role="button" type="submit" title="Add to trolley&nbsp;Coles Deli RSPCA Approved Chicken Wings 4 Pieces approx. 500g" class="btn-red action-addToTrolley"><span role="presentation" aria-hidden="true">Add to trolley</span></button>
		
		</div>
	</div>
	<div class="lists">
		
	</div>


	    <div class="actions">
	        			
			   <div class="MUItemForTrolleyDiv MUItemForTrolley_142388" data-catentry="142388">
		         <div class="MUul_142388"><div class="MUli_142388 hidden" aria-hidden="true"><span class="inTrolley"><span class="MUSpan_142388">0</span> in trolley</span></div></div>
		       </div>
		        <p class="clear"></p>
			 
			<div class="member-usuals-remove">
				<a href="#" class="action-removeFromUsuals usuals-remove">Remove from list <span class="accessibility">Coles Deli RSPCA Approved Chicken Wings 4 Pieces approx. 500g</span></a>			
			</div>
			
				<div class="list">
					<a href="#" class="action-addToList action-list-add">Add to list <span class="accessibility">Coles Deli RSPCA Approved Chicken Wings 4 Pieces approx. 500g</span></a> 
				</div>
				<div class="member-list-add">
					<a href="#" class="action-addToList action-list-add">Add to another list <span class="accessibility">Coles Deli RSPCA Approved Chicken Wings 4 Pieces approx. 500g</span></a>
				</div>
			
			<div class="member-list-remove">
				 <a href="#" class="action-removeFromList">Remove from list <span class="accessibility">Coles Deli RSPCA Approved Chicken Wings 4 Pieces approx. 500g</span></a> 
			</div>
			
				<div class="compareProd" role="presentation" aria-hidden="true">
					<a href="#" class="compare compare-add">Compare</a>
				</div>
			
				<a href="http://shop.coles.com.au/online/national/chicken-wings-from-the-deli-5307420p" class="product-url accessibility">More details for Coles Deli&nbsp;RSPCA Approved Chicken Wings 4 Pieces</a>
			
		</div>  
      

       	
		    <div role="presentation" aria-hidden="true" id="share" class="share" data-social="{productImgUrl:'http://shop.coles.com.au:27900/wcsstore/Coles-CAS/images/5/3/0/5307420-th.jpg'
	                                               ,productDisplayUrl:'http://shop.coles.com.au/online/national/chicken-wings-from-the-deli-5307420p'
	                                               ,title:'Coles Deli RSPCA Approved Chicken Wings 4 Pieces Indicated price based on approx. weight. Weight may vary between 450g and 550g. '
	                                               ,description:''}">
		 	</div>
 		
	</div>
</div>


	</form>
</div>


<span class="available hidden"></span>


<div class="outer-prod prodtile" data-refresh="{
					catalogId: &quot;10576&quot;,
					doInventory: &quot;N&quot;,
					fulfillmentCenterId: &quot;11576&quot;,
					forStoreId: &quot;10401&quot;,
					
					productDisplayURL: &quot;http://shop.coles.com.au/online/national/coles-deli-sliced-triple-smoked-leg-ham&quot;				
			}">
	<form id="catEntryForm_359026" name="catEntryForm_359026" action="AjaxOrderChangeServiceItemAdd">
		
<div class=" " data-catentry="catEntry_359026" data-refresh="{
				addCalculationUsage: &quot;-1&quot;,
				langId: &quot;-1&quot;,
				storeId: &quot;10601&quot;, 
				catEntryId: &quot;359026&quot;, 
				catEntryName: &quot;Sliced Bertocchi Triple Smoked Leg Ham&quot;, 
				productView: &quot;list&quot;,
				productId: &quot;359026&quot;,
				itemId: &quot;359137&quot;,
				hideMultibuy: &quot;false&quot;,
                ticketType: &quot;&quot;,
                partNumber: &quot;1890118&quot;,
                offerCode: &quot;20140528&quot;
		}">
   	<div class="wrapper clearfix">   	
		

<h4 class="accessibility" id="heading_359026" tabindex="-1">
		Coles Deli&nbsp;Sliced Bertocchi Triple Smoked Leg Ham&nbsp;
		approx. 125g&nbsp;
		 
</h4> 

<div class="offer-icon"></div>
<a role="presentation" aria-hidden="true" class="product-url" href="http://shop.coles.com.au/online/national/coles-deli-sliced-triple-smoked-leg-ham">
	    <img role="presentation" aria-hidden="true" class="photo" src="/wcsstore/Coles-CAS/images/1/8/9/1890118-th.jpg" onerror="this.src='/wcsstore/ColesStorefrontAssetStore/dist/e0a775baf05f/images/spacer.gif'" alt="Sliced Bertocchi Triple Smoked Leg Ham" width="110" height="110">
	</a>

<div class="detail">	
    <span role="presentation" aria-hidden="true" class="brand">Coles Deli</span>
    <span class="item" role="presentation" aria-hidden="true">
        <a role="presentation" aria-hidden="true" class="product-url" href="http://shop.coles.com.au/online/national/coles-deli-sliced-triple-smoked-leg-ham">
        	Sliced Bertocchi Triple Smoked Leg Ham&nbsp;
        	approx. 125g
        </a>
    </span>
	<span class="size">
		Indicated price based on approx. weight. Weight may vary between 100g and 150g.	
 	</span>
</div>


	<div class="purchasing">	    
	    <div class="saving">
	    	
	    </div>
	   	
	    		<div class="price"><span class="accessibility">Purchase price </span><small>$</small>3.50</div>
	    	
	    <div class="unit-price"><span class="accessibility">Unit price </span>$28.00 per 1Kg</div>
	    <div class="special-offer">	    	
	    	
	    </div> 
	    <div class="availability">Temporarily unavailable</div>
	    <div class="purchase">
		
			<input type="number" title="Add Quantity for Coles Deli Sliced Bertocchi Triple Smoked Leg Ham approx. 125g" name="quantity" id="catEntry_359026_qty" value="1" maxlength="2" size="2" class="v-mandatory v-numeric v-minval-1">
	        <button role="button" type="submit" title="Add to trolley&nbsp;Coles Deli Sliced Bertocchi Triple Smoked Leg Ham approx. 125g" class="btn-red action-addToTrolley"><span role="presentation" aria-hidden="true">Add to trolley</span></button>
		
		</div>
	</div>
	<div class="lists">
		
	</div>


	    <div class="actions">
	        			
			   <div class="MUItemForTrolleyDiv MUItemForTrolley_359137" data-catentry="359137">
		         <div class="MUul_359137"><div class="MUli_359137 hidden" aria-hidden="true"><span class="inTrolley"><span class="MUSpan_359137">0</span> in trolley</span></div></div>
		       </div>
		        <p class="clear"></p>
			 
			<div class="member-usuals-remove">
				<a href="#" class="action-removeFromUsuals usuals-remove">Remove from list <span class="accessibility">Coles Deli Sliced Bertocchi Triple Smoked Leg Ham approx. 125g</span></a>			
			</div>
			
				<div class="list">
					<a href="#" class="action-addToList action-list-add">Add to list <span class="accessibility">Coles Deli Sliced Bertocchi Triple Smoked Leg Ham approx. 125g</span></a> 
				</div>
				<div class="member-list-add">
					<a href="#" class="action-addToList action-list-add">Add to another list <span class="accessibility">Coles Deli Sliced Bertocchi Triple Smoked Leg Ham approx. 125g</span></a>
				</div>
			
			<div class="member-list-remove">
				 <a href="#" class="action-removeFromList">Remove from list <span class="accessibility">Coles Deli Sliced Bertocchi Triple Smoked Leg Ham approx. 125g</span></a> 
			</div>
			
				<div class="compareProd" role="presentation" aria-hidden="true">
					<a href="#" class="compare compare-add">Compare</a>
				</div>
			
				<a href="http://shop.coles.com.au/online/national/coles-deli-sliced-triple-smoked-leg-ham" class="product-url accessibility">More details for Coles Deli&nbsp;Sliced Bertocchi Triple Smoked Leg Ham</a>
			
		</div>  
      

       	
		    <div role="presentation" aria-hidden="true" id="share" class="share" data-social="{productImgUrl:'http://shop.coles.com.au:27900/wcsstore/Coles-CAS/images/1/8/9/1890118-th.jpg'
	                                               ,productDisplayUrl:'http://shop.coles.com.au/online/national/coles-deli-sliced-triple-smoked-leg-ham'
	                                               ,title:'Coles Deli Sliced Bertocchi Triple Smoked Leg Ham Indicated price based on approx. weight. Weight may vary between 100g and 150g.'
	                                               ,description:''}">
		 	</div>
 		
	</div>
</div>


	</form>
</div>


<span class="available hidden"></span>


<div class="outer-prod prodtile" data-refresh="{
					catalogId: &quot;10576&quot;,
					doInventory: &quot;N&quot;,
					fulfillmentCenterId: &quot;11576&quot;,
					forStoreId: &quot;10401&quot;,
					
					productDisplayURL: &quot;http://shop.coles.com.au/online/national/coles-finest-sausages-beef-garlic&quot;				
			}">
	<form id="catEntryForm_68848" name="catEntryForm_68848" action="AjaxOrderChangeServiceItemAdd">
		
<div class=" " data-catentry="catEntry_68848" data-refresh="{
				addCalculationUsage: &quot;-1&quot;,
				langId: &quot;-1&quot;,
				storeId: &quot;10601&quot;, 
				catEntryId: &quot;68848&quot;, 
				catEntryName: &quot;Angus Beef Sausages with Garlic &amp; Parsley&quot;, 
				productView: &quot;list&quot;,
				productId: &quot;68848&quot;,
				itemId: &quot;131747&quot;,
				hideMultibuy: &quot;false&quot;,
                ticketType: &quot;&quot;,
                partNumber: &quot;7346171&quot;,
                offerCode: &quot;20141004&quot;
		}">
   	<div class="wrapper clearfix">   	
		

<h4 class="accessibility" id="heading_68848" tabindex="-1">
		Coles Finest&nbsp;Angus Beef Sausages with Garlic &amp; Parsley&nbsp;
		500g&nbsp;
		 
</h4> 

<div class="offer-icon"></div>
<a role="presentation" aria-hidden="true" class="product-url" href="http://shop.coles.com.au/online/national/coles-finest-sausages-beef-garlic">
	    <img role="presentation" aria-hidden="true" class="photo" src="/wcsstore/Coles-CAS/images/7/3/4/7346171-th.jpg" onerror="this.src='/wcsstore/ColesStorefrontAssetStore/dist/e0a775baf05f/images/spacer.gif'" alt="Angus Beef Sausages with Garlic &amp; Parsley" width="110" height="110">
	</a>

<div class="detail">	
    <span role="presentation" aria-hidden="true" class="brand">Coles Finest</span>
    <span class="item" role="presentation" aria-hidden="true">
        <a role="presentation" aria-hidden="true" class="product-url" href="http://shop.coles.com.au/online/national/coles-finest-sausages-beef-garlic">
        	Angus Beef Sausages with Garlic &amp; Parsley&nbsp;
        	500g
        </a>
    </span>
	<span class="size">
			
 	</span>
</div>


	<div class="purchasing">	    
	    <div class="saving">
	    	
	    </div>
	   	
	    		<div class="price"><span class="accessibility">Purchase price </span><small>$</small>8.00</div>
	    	
	    <div class="unit-price"><span class="accessibility">Unit price </span>$16.00 per 1Kg</div>
	    <div class="special-offer">	    	
	    	
	    </div> 
	    <div class="availability">Temporarily unavailable</div>
	    <div class="purchase">
		
			<input type="number" title="Add Quantity for Coles Finest Angus Beef Sausages with Garlic &amp; Parsley 500g" name="quantity" id="catEntry_68848_qty" value="1" maxlength="2" size="2" class="v-mandatory v-numeric v-minval-1">
	        <button role="button" type="submit" title="Add to trolley&nbsp;Coles Finest Angus Beef Sausages with Garlic &amp; Parsley 500g" class="btn-red action-addToTrolley"><span role="presentation" aria-hidden="true">Add to trolley</span></button>
		
		</div>
	</div>
	<div class="lists">
		
	</div>


	    <div class="actions">
	        			
			   <div class="MUItemForTrolleyDiv MUItemForTrolley_131747" data-catentry="131747">
		         <div class="MUul_131747"><div class="MUli_131747 hidden" aria-hidden="true"><span class="inTrolley"><span class="MUSpan_131747">0</span> in trolley</span></div></div>
		       </div>
		        <p class="clear"></p>
			 
			<div class="member-usuals-remove">
				<a href="#" class="action-removeFromUsuals usuals-remove">Remove from list <span class="accessibility">Coles Finest Angus Beef Sausages with Garlic &amp; Parsley 500g</span></a>			
			</div>
			
				<div class="list">
					<a href="#" class="action-addToList action-list-add">Add to list <span class="accessibility">Coles Finest Angus Beef Sausages with Garlic &amp; Parsley 500g</span></a> 
				</div>
				<div class="member-list-add">
					<a href="#" class="action-addToList action-list-add">Add to another list <span class="accessibility">Coles Finest Angus Beef Sausages with Garlic &amp; Parsley 500g</span></a>
				</div>
			
			<div class="member-list-remove">
				 <a href="#" class="action-removeFromList">Remove from list <span class="accessibility">Coles Finest Angus Beef Sausages with Garlic &amp; Parsley 500g</span></a> 
			</div>
			
				<div class="compareProd" role="presentation" aria-hidden="true">
					<a href="#" class="compare compare-add">Compare</a>
				</div>
			
				<a href="http://shop.coles.com.au/online/national/coles-finest-sausages-beef-garlic" class="product-url accessibility">More details for Coles Finest&nbsp;Angus Beef Sausages with Garlic &amp; Parsley</a>
			
		</div>  
      

       	
		    <div role="presentation" aria-hidden="true" id="share" class="share" data-social="{productImgUrl:'http://shop.coles.com.au:27900/wcsstore/Coles-CAS/images/7/3/4/7346171-th.jpg'
	                                               ,productDisplayUrl:'http://shop.coles.com.au/online/national/coles-finest-sausages-beef-garlic'
	                                               ,title:'Coles Finest Angus Beef Sausages with Garlic &amp; Parsley  '
	                                               ,description:'This is an Uncooked Sausage (Coarse Cut) made from  HGP Free  Angus Beef and Other Ingredients,flavoured with roast garlic and fresh parsley, filled into a Natural Casing. This Product is Not Ready to Eat  and Requires Cooking prior to Consumption.'}">
		 	</div>
 		
	</div>
</div>


	</form>
</div>


<span class="available hidden"></span>


<div class="outer-prod prodtile" data-refresh="{
					catalogId: &quot;10576&quot;,
					doInventory: &quot;N&quot;,
					fulfillmentCenterId: &quot;11576&quot;,
					forStoreId: &quot;10401&quot;,
					
					productDisplayURL: &quot;http://shop.coles.com.au/online/national/coles-smart-buy-beef-rump-steak-economy-3-4-pieces&quot;				
			}">
	<form id="catEntryForm_103639" name="catEntryForm_103639" action="AjaxOrderChangeServiceItemAdd">
		
<div class=" " data-catentry="catEntry_103639" data-refresh="{
				addCalculationUsage: &quot;-1&quot;,
				langId: &quot;-1&quot;,
				storeId: &quot;10601&quot;, 
				catEntryId: &quot;103639&quot;, 
				catEntryName: &quot;Economy Beef Rump Steak 3-4 pieces&quot;, 
				productView: &quot;list&quot;,
				productId: &quot;103639&quot;,
				itemId: &quot;116316&quot;,
				hideMultibuy: &quot;false&quot;,
                ticketType: &quot;&quot;,
                partNumber: &quot;8600602&quot;,
                offerCode: &quot;20130509&quot;
		}">
   	<div class="wrapper clearfix">   	
		

<h4 class="accessibility" id="heading_103639" tabindex="-1">
		Coles Smart Buy&nbsp;Economy Beef Rump Steak 3-4 pieces&nbsp;
		approx. 1kg&nbsp;
		 
</h4> 

<div class="offer-icon"></div>
<a role="presentation" aria-hidden="true" class="product-url" href="http://shop.coles.com.au/online/national/coles-smart-buy-beef-rump-steak-economy-3-4-pieces">
	    <img role="presentation" aria-hidden="true" class="photo" src="/wcsstore/Coles-CAS/images/8/6/0/8600602-th.jpg" onerror="this.src='/wcsstore/ColesStorefrontAssetStore/dist/e0a775baf05f/images/spacer.gif'" alt="Economy Beef Rump Steak 3-4 pieces" width="110" height="110">
	</a>

<div class="detail">	
    <span role="presentation" aria-hidden="true" class="brand">Coles Smart Buy</span>
    <span class="item" role="presentation" aria-hidden="true">
        <a role="presentation" aria-hidden="true" class="product-url" href="http://shop.coles.com.au/online/national/coles-smart-buy-beef-rump-steak-economy-3-4-pieces">
        	Economy Beef Rump Steak 3-4 pieces&nbsp;
        	approx. 1kg
        </a>
    </span>
	<span class="size">
		Indicated price based on approx. weight. Weight may vary between 900g and 1.1kg.	
 	</span>
</div>


	<div class="purchasing">	    
	    <div class="saving">
	    	
	    </div>
	   	
	    		<div class="price"><span class="accessibility">Purchase price </span><small>$</small>11.00</div>
	    	
	    <div class="unit-price"><span class="accessibility">Unit price </span>$11.00 per 1Kg</div>
	    <div class="special-offer">	    	
	    	
	    </div> 
	    <div class="availability">Temporarily unavailable</div>
	    <div class="purchase">
		
			<input type="number" title="Add Quantity for Coles Smart Buy Economy Beef Rump Steak 3-4 pieces approx. 1kg" name="quantity" id="catEntry_103639_qty" value="1" maxlength="2" size="2" class="v-mandatory v-numeric v-minval-1">
	        <button role="button" type="submit" title="Add to trolley&nbsp;Coles Smart Buy Economy Beef Rump Steak 3-4 pieces approx. 1kg" class="btn-red action-addToTrolley"><span role="presentation" aria-hidden="true">Add to trolley</span></button>
		
		</div>
	</div>
	<div class="lists">
		
	</div>


	    <div class="actions">
	        			
			   <div class="MUItemForTrolleyDiv MUItemForTrolley_116316" data-catentry="116316">
		         <div class="MUul_116316"><div class="MUli_116316 hidden" aria-hidden="true"><span class="inTrolley"><span class="MUSpan_116316">0</span> in trolley</span></div></div>
		       </div>
		        <p class="clear"></p>
			 
			<div class="member-usuals-remove">
				<a href="#" class="action-removeFromUsuals usuals-remove">Remove from list <span class="accessibility">Coles Smart Buy Economy Beef Rump Steak 3-4 pieces approx. 1kg</span></a>			
			</div>
			
				<div class="list">
					<a href="#" class="action-addToList action-list-add">Add to list <span class="accessibility">Coles Smart Buy Economy Beef Rump Steak 3-4 pieces approx. 1kg</span></a> 
				</div>
				<div class="member-list-add">
					<a href="#" class="action-addToList action-list-add">Add to another list <span class="accessibility">Coles Smart Buy Economy Beef Rump Steak 3-4 pieces approx. 1kg</span></a>
				</div>
			
			<div class="member-list-remove">
				 <a href="#" class="action-removeFromList">Remove from list <span class="accessibility">Coles Smart Buy Economy Beef Rump Steak 3-4 pieces approx. 1kg</span></a> 
			</div>
			
				<div class="compareProd" role="presentation" aria-hidden="true">
					<a href="#" class="compare compare-add">Compare</a>
				</div>
			
				<a href="http://shop.coles.com.au/online/national/coles-smart-buy-beef-rump-steak-economy-3-4-pieces" class="product-url accessibility">More details for Coles Smart Buy&nbsp;Economy Beef Rump Steak 3-4 pieces</a>
			
		</div>  
      

       	
		    <div role="presentation" aria-hidden="true" id="share" class="share" data-social="{productImgUrl:'http://shop.coles.com.au:27900/wcsstore/Coles-CAS/images/8/6/0/8600602-th.jpg'
	                                               ,productDisplayUrl:'http://shop.coles.com.au/online/national/coles-smart-buy-beef-rump-steak-economy-3-4-pieces'
	                                               ,title:'Coles Smart Buy Economy Beef Rump Steak 3-4 pieces Indicated price based on approx. weight. Weight may vary between 900g and 1.1kg.'
	                                               ,description:''}">
		 	</div>
 		
	</div>
</div>


	</form>
</div>


<span class="available hidden"></span>


<div class="outer-prod prodtile" data-refresh="{
					catalogId: &quot;10576&quot;,
					doInventory: &quot;N&quot;,
					fulfillmentCenterId: &quot;11576&quot;,
					forStoreId: &quot;10401&quot;,
					
					productDisplayURL: &quot;http://shop.coles.com.au/online/national/primo-turkey-breast-thin-sliced&quot;				
			}">
	<form id="catEntryForm_100243" name="catEntryForm_100243" action="AjaxOrderChangeServiceItemAdd">
		
<div class=" " data-catentry="catEntry_100243" data-refresh="{
				addCalculationUsage: &quot;-1&quot;,
				langId: &quot;-1&quot;,
				storeId: &quot;10601&quot;, 
				catEntryId: &quot;100243&quot;, 
				catEntryName: &quot;Thin Sliced Turkey Breast 97% Fat Free&quot;, 
				productView: &quot;list&quot;,
				productId: &quot;100243&quot;,
				itemId: &quot;163691&quot;,
				hideMultibuy: &quot;false&quot;,
                ticketType: &quot;&quot;,
                partNumber: &quot;9626281&quot;,
                offerCode: &quot;20141217&quot;
		}">
   	<div class="wrapper clearfix">   	
		

<h4 class="accessibility" id="heading_100243" tabindex="-1">
		Primo&nbsp;Thin Sliced Turkey Breast 97% Fat Free&nbsp;
		200g&nbsp;
		 
</h4> 

<div class="offer-icon"></div>
<a role="presentation" aria-hidden="true" class="product-url" href="http://shop.coles.com.au/online/national/primo-turkey-breast-thin-sliced">
	    <img role="presentation" aria-hidden="true" class="photo" src="/wcsstore/Coles-CAS/images/9/6/2/9626281-th.jpg" onerror="this.src='/wcsstore/ColesStorefrontAssetStore/dist/e0a775baf05f/images/spacer.gif'" alt="Thin Sliced Turkey Breast 97% Fat Free" width="110" height="110">
	</a>

<div class="detail">	
    <span role="presentation" aria-hidden="true" class="brand">Primo</span>
    <span class="item" role="presentation" aria-hidden="true">
        <a role="presentation" aria-hidden="true" class="product-url" href="http://shop.coles.com.au/online/national/primo-turkey-breast-thin-sliced">
        	Thin Sliced Turkey Breast 97% Fat Free&nbsp;
        	200g
        </a>
    </span>
	<span class="size">
			
 	</span>
</div>


	<div class="purchasing">	    
	    <div class="saving">
	    	
	    </div>
	   	
	    		<div class="price"><span class="accessibility">Purchase price </span><small>$</small>6.82</div>
	    	
	    <div class="unit-price"><span class="accessibility">Unit price </span>$34.10 per 1Kg</div>
	    <div class="special-offer">	    	
	    	
	    </div> 
	    <div class="availability">Temporarily unavailable</div>
	    <div class="purchase">
		
			<input type="number" title="Add Quantity for Primo Thin Sliced Turkey Breast 97% Fat Free 200g" name="quantity" id="catEntry_100243_qty" value="1" maxlength="2" size="2" class="v-mandatory v-numeric v-minval-1">
	        <button role="button" type="submit" title="Add to trolley&nbsp;Primo Thin Sliced Turkey Breast 97% Fat Free 200g" class="btn-red action-addToTrolley"><span role="presentation" aria-hidden="true">Add to trolley</span></button>
		
		</div>
	</div>
	<div class="lists">
		
	</div>


	    <div class="actions">
	        			
			   <div class="MUItemForTrolleyDiv MUItemForTrolley_163691" data-catentry="163691">
		         <div class="MUul_163691"><div class="MUli_163691 hidden" aria-hidden="true"><span class="inTrolley"><span class="MUSpan_163691">0</span> in trolley</span></div></div>
		       </div>
		        <p class="clear"></p>
			 
			<div class="member-usuals-remove">
				<a href="#" class="action-removeFromUsuals usuals-remove">Remove from list <span class="accessibility">Primo Thin Sliced Turkey Breast 97% Fat Free 200g</span></a>			
			</div>
			
				<div class="list">
					<a href="#" class="action-addToList action-list-add">Add to list <span class="accessibility">Primo Thin Sliced Turkey Breast 97% Fat Free 200g</span></a> 
				</div>
				<div class="member-list-add">
					<a href="#" class="action-addToList action-list-add">Add to another list <span class="accessibility">Primo Thin Sliced Turkey Breast 97% Fat Free 200g</span></a>
				</div>
			
			<div class="member-list-remove">
				 <a href="#" class="action-removeFromList">Remove from list <span class="accessibility">Primo Thin Sliced Turkey Breast 97% Fat Free 200g</span></a> 
			</div>
			
				<div class="compareProd" role="presentation" aria-hidden="true">
					<a href="#" class="compare compare-add">Compare</a>
				</div>
			
				<a href="http://shop.coles.com.au/online/national/primo-turkey-breast-thin-sliced" class="product-url accessibility">More details for Primo&nbsp;Thin Sliced Turkey Breast 97% Fat Free</a>
			
		</div>  
      

       	
		    <div role="presentation" aria-hidden="true" id="share" class="share" data-social="{productImgUrl:'http://shop.coles.com.au:27900/wcsstore/Coles-CAS/images/9/6/2/9626281-th.jpg'
	                                               ,productDisplayUrl:'http://shop.coles.com.au/online/national/primo-turkey-breast-thin-sliced'
	                                               ,title:'Primo Thin Sliced Turkey Breast 97% Fat Free  '
	                                               ,description:'Thinly Sliced Turkey Breast.'}">
		 	</div>
 		
	</div>
</div>


	</form>
</div>


<span class="available hidden"></span>


<div class="outer-prod prodtile" data-refresh="{
					catalogId: &quot;10576&quot;,
					doInventory: &quot;N&quot;,
					fulfillmentCenterId: &quot;11576&quot;,
					forStoreId: &quot;10401&quot;,
					
					productDisplayURL: &quot;http://shop.coles.com.au/online/national/coles-chicken-breast-fillets-mini&quot;				
			}">
	<form id="catEntryForm_13973" name="catEntryForm_13973" action="AjaxOrderChangeServiceItemAdd">
		
<div class=" " data-catentry="catEntry_13973" data-refresh="{
				addCalculationUsage: &quot;-1&quot;,
				langId: &quot;-1&quot;,
				storeId: &quot;10601&quot;, 
				catEntryId: &quot;13973&quot;, 
				catEntryName: &quot;RSPCA Approved Crumbed Chicken Tenderloins&quot;, 
				productView: &quot;list&quot;,
				productId: &quot;13973&quot;,
				itemId: &quot;32869&quot;,
				hideMultibuy: &quot;false&quot;,
                ticketType: &quot;&quot;,
                partNumber: &quot;5245990&quot;,
                offerCode: &quot;20120320&quot;
		}">
   	<div class="wrapper clearfix">   	
		

<h4 class="accessibility" id="heading_13973" tabindex="-1">
		Coles&nbsp;RSPCA Approved Crumbed Chicken Tenderloins&nbsp;
		400g&nbsp;
		 
</h4> 

<div class="offer-icon"></div>
<a role="presentation" aria-hidden="true" class="product-url" href="http://shop.coles.com.au/online/national/coles-chicken-breast-fillets-mini">
	    <img role="presentation" aria-hidden="true" class="photo" src="/wcsstore/Coles-CAS/images/5/2/4/5245990-th.jpg" onerror="this.src='/wcsstore/ColesStorefrontAssetStore/dist/e0a775baf05f/images/spacer.gif'" alt="RSPCA Approved Crumbed Chicken Tenderloins" width="110" height="110">
	</a>

<div class="detail">	
    <span role="presentation" aria-hidden="true" class="brand">Coles</span>
    <span class="item" role="presentation" aria-hidden="true">
        <a role="presentation" aria-hidden="true" class="product-url" href="http://shop.coles.com.au/online/national/coles-chicken-breast-fillets-mini">
        	RSPCA Approved Crumbed Chicken Tenderloins&nbsp;
        	400g
        </a>
    </span>
	<span class="size">
			
 	</span>
</div>


	<div class="purchasing">	    
	    <div class="saving">
	    	
	    </div>
	   	
	    		<div class="price"><span class="accessibility">Purchase price </span><small>$</small>7.85</div>
	    	
	    <div class="unit-price"><span class="accessibility">Unit price </span>$19.63 per 1Kg</div>
	    <div class="special-offer">	    	
	    	
	    </div> 
	    <div class="availability">Temporarily unavailable</div>
	    <div class="purchase">
		
			<input type="number" title="Add Quantity for Coles RSPCA Approved Crumbed Chicken Tenderloins 400g" name="quantity" id="catEntry_13973_qty" value="1" maxlength="2" size="2" class="v-mandatory v-numeric v-minval-1">
	        <button role="button" type="submit" title="Add to trolley&nbsp;Coles RSPCA Approved Crumbed Chicken Tenderloins 400g" class="btn-red action-addToTrolley"><span role="presentation" aria-hidden="true">Add to trolley</span></button>
		
		</div>
	</div>
	<div class="lists">
		
	</div>


	    <div class="actions">
	        			
			   <div class="MUItemForTrolleyDiv MUItemForTrolley_32869" data-catentry="32869">
		         <div class="MUul_32869"><div class="MUli_32869 hidden" aria-hidden="true"><span class="inTrolley"><span class="MUSpan_32869">0</span> in trolley</span></div></div>
		       </div>
		        <p class="clear"></p>
			 
			<div class="member-usuals-remove">
				<a href="#" class="action-removeFromUsuals usuals-remove">Remove from list <span class="accessibility">Coles RSPCA Approved Crumbed Chicken Tenderloins 400g</span></a>			
			</div>
			
				<div class="list">
					<a href="#" class="action-addToList action-list-add">Add to list <span class="accessibility">Coles RSPCA Approved Crumbed Chicken Tenderloins 400g</span></a> 
				</div>
				<div class="member-list-add">
					<a href="#" class="action-addToList action-list-add">Add to another list <span class="accessibility">Coles RSPCA Approved Crumbed Chicken Tenderloins 400g</span></a>
				</div>
			
			<div class="member-list-remove">
				 <a href="#" class="action-removeFromList">Remove from list <span class="accessibility">Coles RSPCA Approved Crumbed Chicken Tenderloins 400g</span></a> 
			</div>
			
				<div class="compareProd" role="presentation" aria-hidden="true">
					<a href="#" class="compare compare-add">Compare</a>
				</div>
			
				<a href="http://shop.coles.com.au/online/national/coles-chicken-breast-fillets-mini" class="product-url accessibility">More details for Coles&nbsp;RSPCA Approved Crumbed Chicken Tenderloins</a>
			
		</div>  
      

       	
		    <div role="presentation" aria-hidden="true" id="share" class="share" data-social="{productImgUrl:'http://shop.coles.com.au:27900/wcsstore/Coles-CAS/images/5/2/4/5245990-th.jpg'
	                                               ,productDisplayUrl:'http://shop.coles.com.au/online/national/coles-chicken-breast-fillets-mini'
	                                               ,title:'Coles RSPCA Approved Crumbed Chicken Tenderloins  '
	                                               ,description:'Crumbed Mini Chicken Fillet'}">
		 	</div>
 		
	</div>
</div>


	</form>
</div>


<span class="available hidden"></span>


<div class="outer-prod prodtile" data-refresh="{
					catalogId: &quot;10576&quot;,
					doInventory: &quot;N&quot;,
					fulfillmentCenterId: &quot;11576&quot;,
					forStoreId: &quot;10401&quot;,
					
					productDisplayURL: &quot;http://shop.coles.com.au/online/national/coles-bacon-streaky&quot;				
			}">
	<form id="catEntryForm_27144" name="catEntryForm_27144" action="AjaxOrderChangeServiceItemAdd">
		
<div class=" " data-catentry="catEntry_27144" data-refresh="{
				addCalculationUsage: &quot;-1&quot;,
				langId: &quot;-1&quot;,
				storeId: &quot;10601&quot;, 
				catEntryId: &quot;27144&quot;, 
				catEntryName: &quot;Streaky Bacon&quot;, 
				productView: &quot;list&quot;,
				productId: &quot;27144&quot;,
				itemId: &quot;44797&quot;,
				hideMultibuy: &quot;false&quot;,
                ticketType: &quot;&quot;,
                partNumber: &quot;1015615&quot;,
                offerCode: &quot;20150114&quot;
		}">
   	<div class="wrapper clearfix">   	
		

<h4 class="accessibility" id="heading_27144" tabindex="-1">
		Coles&nbsp;Streaky Bacon&nbsp;
		200g&nbsp;
		 
</h4> 

<div class="offer-icon"></div>
<a role="presentation" aria-hidden="true" class="product-url" href="http://shop.coles.com.au/online/national/coles-bacon-streaky">
	    <img role="presentation" aria-hidden="true" class="photo" src="/wcsstore/Coles-CAS/images/1/0/1/1015615-th.jpg" onerror="this.src='/wcsstore/ColesStorefrontAssetStore/dist/e0a775baf05f/images/spacer.gif'" alt="Streaky Bacon" width="110" height="110">
	</a>

<div class="detail">	
    <span role="presentation" aria-hidden="true" class="brand">Coles</span>
    <span class="item" role="presentation" aria-hidden="true">
        <a role="presentation" aria-hidden="true" class="product-url" href="http://shop.coles.com.au/online/national/coles-bacon-streaky">
        	Streaky Bacon&nbsp;
        	200g
        </a>
    </span>
	<span class="size">
			
 	</span>
</div>


	<div class="purchasing">	    
	    <div class="saving">
	    	
	    </div>
	   	
	    		<div class="price"><span class="accessibility">Purchase price </span><small>$</small>4.90</div>
	    	
	    <div class="unit-price"><span class="accessibility">Unit price </span>$24.50 per 1Kg</div>
	    <div class="special-offer">	    	
	    	
	    </div> 
	    <div class="availability">Temporarily unavailable</div>
	    <div class="purchase">
		
			<input type="number" title="Add Quantity for Coles Streaky Bacon 200g" name="quantity" id="catEntry_27144_qty" value="1" maxlength="2" size="2" class="v-mandatory v-numeric v-minval-1">
	        <button role="button" type="submit" title="Add to trolley&nbsp;Coles Streaky Bacon 200g" class="btn-red action-addToTrolley"><span role="presentation" aria-hidden="true">Add to trolley</span></button>
		
		</div>
	</div>
	<div class="lists">
		
	</div>


	    <div class="actions">
	        			
			   <div class="MUItemForTrolleyDiv MUItemForTrolley_44797" data-catentry="44797">
		         <div class="MUul_44797"><div class="MUli_44797 hidden" aria-hidden="true"><span class="inTrolley"><span class="MUSpan_44797">0</span> in trolley</span></div></div>
		       </div>
		        <p class="clear"></p>
			 
			<div class="member-usuals-remove">
				<a href="#" class="action-removeFromUsuals usuals-remove">Remove from list <span class="accessibility">Coles Streaky Bacon 200g</span></a>			
			</div>
			
				<div class="list">
					<a href="#" class="action-addToList action-list-add">Add to list <span class="accessibility">Coles Streaky Bacon 200g</span></a> 
				</div>
				<div class="member-list-add">
					<a href="#" class="action-addToList action-list-add">Add to another list <span class="accessibility">Coles Streaky Bacon 200g</span></a>
				</div>
			
			<div class="member-list-remove">
				 <a href="#" class="action-removeFromList">Remove from list <span class="accessibility">Coles Streaky Bacon 200g</span></a> 
			</div>
			
				<div class="compareProd" role="presentation" aria-hidden="true">
					<a href="#" class="compare compare-add">Compare</a>
				</div>
			
				<a href="http://shop.coles.com.au/online/national/coles-bacon-streaky" class="product-url accessibility">More details for Coles&nbsp;Streaky Bacon</a>
			
		</div>  
      

       	
		    <div role="presentation" aria-hidden="true" id="share" class="share" data-social="{productImgUrl:'http://shop.coles.com.au:27900/wcsstore/Coles-CAS/images/1/0/1/1015615-th.jpg'
	                                               ,productDisplayUrl:'http://shop.coles.com.au/online/national/coles-bacon-streaky'
	                                               ,title:'Coles Streaky Bacon  '
	                                               ,description:'Streaky Bacon is a cured and smoked product that is produced from the back of lean pigs weighing 65kg to 70kg. The rind is removed and the slices will have a short tail. Pork is sourced from Sow Stall free pigs'}">
		 	</div>
 		
	</div>
</div>


	</form>
</div>


<span class="available hidden"></span>


<div class="outer-prod prodtile" data-refresh="{
					catalogId: &quot;10576&quot;,
					doInventory: &quot;N&quot;,
					fulfillmentCenterId: &quot;11576&quot;,
					forStoreId: &quot;10401&quot;,
					
					productDisplayURL: &quot;http://shop.coles.com.au/online/national/coles-bacon-short-cut-rindless-1015411p&quot;				
			}">
	<form id="catEntryForm_27146" name="catEntryForm_27146" action="AjaxOrderChangeServiceItemAdd">
		
<div class=" " data-catentry="catEntry_27146" data-refresh="{
				addCalculationUsage: &quot;-1&quot;,
				langId: &quot;-1&quot;,
				storeId: &quot;10601&quot;, 
				catEntryId: &quot;27146&quot;, 
				catEntryName: &quot;Short Cut Rindless Bacon&quot;, 
				productView: &quot;list&quot;,
				productId: &quot;27146&quot;,
				itemId: &quot;39773&quot;,
				hideMultibuy: &quot;false&quot;,
                ticketType: &quot;&quot;,
                partNumber: &quot;1015411&quot;,
                offerCode: &quot;20150114&quot;
		}">
   	<div class="wrapper clearfix">   	
		

<h4 class="accessibility" id="heading_27146" tabindex="-1">
		Coles&nbsp;Short Cut Rindless Bacon&nbsp;
		200g&nbsp;
		 
</h4> 

<div class="offer-icon"></div>
<a role="presentation" aria-hidden="true" class="product-url" href="http://shop.coles.com.au/online/national/coles-bacon-short-cut-rindless-1015411p">
	    <img role="presentation" aria-hidden="true" class="photo" src="/wcsstore/Coles-CAS/images/1/0/1/1015411-th.jpg" onerror="this.src='/wcsstore/ColesStorefrontAssetStore/dist/e0a775baf05f/images/spacer.gif'" alt="Short Cut Rindless Bacon" width="110" height="110">
	</a>

<div class="detail">	
    <span role="presentation" aria-hidden="true" class="brand">Coles</span>
    <span class="item" role="presentation" aria-hidden="true">
        <a role="presentation" aria-hidden="true" class="product-url" href="http://shop.coles.com.au/online/national/coles-bacon-short-cut-rindless-1015411p">
        	Short Cut Rindless Bacon&nbsp;
        	200g
        </a>
    </span>
	<span class="size">
			
 	</span>
</div>


	<div class="purchasing">	    
	    <div class="saving">
	    	
	    </div>
	   	
	    		<div class="price"><span class="accessibility">Purchase price </span><small>$</small>5.78</div>
	    	
	    <div class="unit-price"><span class="accessibility">Unit price </span>$28.90 per 1Kg</div>
	    <div class="special-offer">	    	
	    	
	    </div> 
	    <div class="availability">Temporarily unavailable</div>
	    <div class="purchase">
		
			<input type="number" title="Add Quantity for Coles Short Cut Rindless Bacon 200g" name="quantity" id="catEntry_27146_qty" value="1" maxlength="2" size="2" class="v-mandatory v-numeric v-minval-1">
	        <button role="button" type="submit" title="Add to trolley&nbsp;Coles Short Cut Rindless Bacon 200g" class="btn-red action-addToTrolley"><span role="presentation" aria-hidden="true">Add to trolley</span></button>
		
		</div>
	</div>
	<div class="lists">
		
	</div>


	    <div class="actions">
	        			
			   <div class="MUItemForTrolleyDiv MUItemForTrolley_39773" data-catentry="39773">
		         <div class="MUul_39773"><div class="MUli_39773 hidden" aria-hidden="true"><span class="inTrolley"><span class="MUSpan_39773">0</span> in trolley</span></div></div>
		       </div>
		        <p class="clear"></p>
			 
			<div class="member-usuals-remove">
				<a href="#" class="action-removeFromUsuals usuals-remove">Remove from list <span class="accessibility">Coles Short Cut Rindless Bacon 200g</span></a>			
			</div>
			
				<div class="list">
					<a href="#" class="action-addToList action-list-add">Add to list <span class="accessibility">Coles Short Cut Rindless Bacon 200g</span></a> 
				</div>
				<div class="member-list-add">
					<a href="#" class="action-addToList action-list-add">Add to another list <span class="accessibility">Coles Short Cut Rindless Bacon 200g</span></a>
				</div>
			
			<div class="member-list-remove">
				 <a href="#" class="action-removeFromList">Remove from list <span class="accessibility">Coles Short Cut Rindless Bacon 200g</span></a> 
			</div>
			
				<div class="compareProd" role="presentation" aria-hidden="true">
					<a href="#" class="compare compare-add">Compare</a>
				</div>
			
				<a href="http://shop.coles.com.au/online/national/coles-bacon-short-cut-rindless-1015411p" class="product-url accessibility">More details for Coles&nbsp;Short Cut Rindless Bacon</a>
			
		</div>  
      

       	
		    <div role="presentation" aria-hidden="true" id="share" class="share" data-social="{productImgUrl:'http://shop.coles.com.au:27900/wcsstore/Coles-CAS/images/1/0/1/1015411-th.jpg'
	                                               ,productDisplayUrl:'http://shop.coles.com.au/online/national/coles-bacon-short-cut-rindless-1015411p'
	                                               ,title:'Coles Short Cut Rindless Bacon  '
	                                               ,description:'Short Cut Rindless Bacon Rashers Cured And Naturally Smoked.'}">
		 	</div>
 		
	</div>
</div>


	</form>
</div>


<span class="available hidden"></span>


<div class="outer-prod prodtile" data-refresh="{
					catalogId: &quot;10576&quot;,
					doInventory: &quot;N&quot;,
					fulfillmentCenterId: &quot;11576&quot;,
					forStoreId: &quot;10401&quot;,
					
					productDisplayURL: &quot;http://shop.coles.com.au/online/national/coles-butcher-burgers-beef-extra-lean&quot;				
			}">
	<form id="catEntryForm_66989" name="catEntryForm_66989" action="AjaxOrderChangeServiceItemAdd">
		
<div class="promo multiBuy " data-catentry="catEntry_66989" data-refresh="{
				addCalculationUsage: &quot;-1&quot;,
				langId: &quot;-1&quot;,
				storeId: &quot;10601&quot;, 
				catEntryId: &quot;66989&quot;, 
				catEntryName: &quot;Extra Trim Beef Burgers&quot;, 
				productView: &quot;list&quot;,
				productId: &quot;66989&quot;,
				itemId: &quot;131119&quot;,
				hideMultibuy: &quot;false&quot;,
                ticketType: &quot;M&quot;,
                partNumber: &quot;7290962&quot;,
                offerCode: &quot;20150121&quot;
		}">
   	<div class="wrapper clearfix">   	
		

<h4 class="accessibility" id="heading_66989" tabindex="-1">
		Coles&nbsp;Extra Trim Beef Burgers&nbsp;
		500g&nbsp;
		On special 
</h4> 

<div class="offer-icon"></div>
<a role="presentation" aria-hidden="true" class="product-url" href="http://shop.coles.com.au/online/national/coles-butcher-burgers-beef-extra-lean">
	    <img role="presentation" aria-hidden="true" class="photo" src="/wcsstore/Coles-CAS/images/7/2/9/7290962-th.jpg" onerror="this.src='/wcsstore/ColesStorefrontAssetStore/dist/e0a775baf05f/images/spacer.gif'" alt="Extra Trim Beef Burgers" width="110" height="110">
	</a>

<div class="detail">	
    <span role="presentation" aria-hidden="true" class="brand">Coles</span>
    <span class="item" role="presentation" aria-hidden="true">
        <a role="presentation" aria-hidden="true" class="product-url" href="http://shop.coles.com.au/online/national/coles-butcher-burgers-beef-extra-lean">
        	Extra Trim Beef Burgers&nbsp;
        	500g
        </a>
    </span>
	<span class="size">
		100% Australian Beef.	
 	</span>
</div>


	<div class="purchasing" data-promotion="{qualifier: &quot;2&quot;,promotionId: &quot;10081526&quot;,catEntryIds: &quot;66245,66417,66989&quot;}">
	    <div class="offer-detail">2 for $11</div>
	    <div class="offer-price">SAVE&nbsp;$3.00 / $11.00 per 1Kg</div>
	    <div class="availability">Temporarily unavailable</div>
	    <div class="offer-purchase">
	       <button type="submit" value="Choose any 2" class="btn-red action-addMultibuyToTrolley">Choose any 2</button> 	       
	    </div>
	    <div class="or"><span>OR</span></div>
	    <div class="std-price">1 for $7.00&nbsp;/&nbsp;$14.00 per 1Kg</div>
	    <div class="availability">Temporarily unavailable</div>
	    <div class="std-purchase">
	        <input type="number" title="Add Quantity for Coles Extra Trim Beef Burgers 500g" name="quantity" id="catEntry_66989_qty" value="1" maxlength="2" size="2" class="v-mandatory v-numeric v-minval-1">
	        <button role="button" type="submit" title="Add to trolley&nbsp;Coles Extra Trim Beef Burgers 500g" class="btn-red action-addToTrolley"><span role="presentation" aria-hidden="true">Add to trolley</span></button>	        
	    </div>
	</div>


	    <div class="actions">
	        			
			   <div class="MUItemForTrolleyDiv MUItemForTrolley_131119" data-catentry="131119">
		         <div class="MUul_131119"><div class="MUli_131119 hidden" aria-hidden="true"><span class="inTrolley"><span class="MUSpan_131119">0</span> in trolley</span></div></div>
		       </div>
		        <p class="clear"></p>
			 
			<div class="member-usuals-remove">
				<a href="#" class="action-removeFromUsuals usuals-remove">Remove from list <span class="accessibility">Coles Extra Trim Beef Burgers 500g</span></a>			
			</div>
			
				<div class="list">
					<a href="#" class="action-addToList action-list-add">Add to list <span class="accessibility">Coles Extra Trim Beef Burgers 500g</span></a> 
				</div>
				<div class="member-list-add">
					<a href="#" class="action-addToList action-list-add">Add to another list <span class="accessibility">Coles Extra Trim Beef Burgers 500g</span></a>
				</div>
			
			<div class="member-list-remove">
				 <a href="#" class="action-removeFromList">Remove from list <span class="accessibility">Coles Extra Trim Beef Burgers 500g</span></a> 
			</div>
			
				<div class="compareProd" role="presentation" aria-hidden="true">
					<a href="#" class="compare compare-add">Compare</a>
				</div>
			
				<a href="http://shop.coles.com.au/online/national/coles-butcher-burgers-beef-extra-lean" class="product-url accessibility">More details for Coles&nbsp;Extra Trim Beef Burgers</a>
			
		</div>  
      

       	
		    <div role="presentation" aria-hidden="true" id="share" class="share" data-social="{productImgUrl:'http://shop.coles.com.au:27900/wcsstore/Coles-CAS/images/7/2/9/7290962-th.jpg'
	                                               ,productDisplayUrl:'http://shop.coles.com.au/online/national/coles-butcher-burgers-beef-extra-lean'
	                                               ,title:'Coles Extra Trim Beef Burgers 100% Australian Beef.'
	                                               ,description:''}">
		 	</div>
 		
	</div>
</div>


	</form>
</div>


<span class="available hidden"></span>


<div class="outer-prod prodtile" data-refresh="{
					catalogId: &quot;10576&quot;,
					doInventory: &quot;N&quot;,
					fulfillmentCenterId: &quot;11576&quot;,
					forStoreId: &quot;10401&quot;,
					
					productDisplayURL: &quot;http://shop.coles.com.au/online/national/coles-rspca-chicken-breast-fillet-single-pack&quot;				
			}">
	<form id="catEntryForm_88353" name="catEntryForm_88353" action="AjaxOrderChangeServiceItemAdd">
		
<div class=" " data-catentry="catEntry_88353" data-refresh="{
				addCalculationUsage: &quot;-1&quot;,
				langId: &quot;-1&quot;,
				storeId: &quot;10601&quot;, 
				catEntryId: &quot;88353&quot;, 
				catEntryName: &quot;RSPCA Approved Chicken Breast Fillets Single Pack&quot;, 
				productView: &quot;list&quot;,
				productId: &quot;88353&quot;,
				itemId: &quot;148958&quot;,
				hideMultibuy: &quot;false&quot;,
                ticketType: &quot;&quot;,
                partNumber: &quot;1016298&quot;,
                offerCode: &quot;20150128&quot;
		}">
   	<div class="wrapper clearfix">   	
		

<h4 class="accessibility" id="heading_88353" tabindex="-1">
		Coles&nbsp;RSPCA Approved Chicken Breast Fillets Single Pack&nbsp;
		approx. 350g&nbsp;
		 
</h4> 

<div class="offer-icon"></div>
<a role="presentation" aria-hidden="true" class="product-url" href="http://shop.coles.com.au/online/national/coles-rspca-chicken-breast-fillet-single-pack">
	    <img role="presentation" aria-hidden="true" class="photo" src="/wcsstore/Coles-CAS/images/1/0/1/1016298-th.jpg" onerror="this.src='/wcsstore/ColesStorefrontAssetStore/dist/e0a775baf05f/images/spacer.gif'" alt="RSPCA Approved Chicken Breast Fillets Single Pack" width="110" height="110">
	</a>

<div class="detail">	
    <span role="presentation" aria-hidden="true" class="brand">Coles</span>
    <span class="item" role="presentation" aria-hidden="true">
        <a role="presentation" aria-hidden="true" class="product-url" href="http://shop.coles.com.au/online/national/coles-rspca-chicken-breast-fillet-single-pack">
        	RSPCA Approved Chicken Breast Fillets Single Pack&nbsp;
        	approx. 350g
        </a>
    </span>
	<span class="size">
		Indicated price based on approx. weight. Weight may vary between 300g and 400g.	
 	</span>
</div>


	<div class="purchasing">	    
	    <div class="saving">
	    	
	    </div>
	   	
	    		<div class="price"><span class="accessibility">Purchase price </span><small>$</small>4.90</div>
	    	
	    <div class="unit-price"><span class="accessibility">Unit price </span>$14.00 per 1Kg</div>
	    <div class="special-offer">	    	
	    	
	    </div> 
	    <div class="availability">Temporarily unavailable</div>
	    <div class="purchase">
		
			<input type="number" title="Add Quantity for Coles RSPCA Approved Chicken Breast Fillets Single Pack approx. 350g" name="quantity" id="catEntry_88353_qty" value="1" maxlength="2" size="2" class="v-mandatory v-numeric v-minval-1">
	        <button role="button" type="submit" title="Add to trolley&nbsp;Coles RSPCA Approved Chicken Breast Fillets Single Pack approx. 350g" class="btn-red action-addToTrolley"><span role="presentation" aria-hidden="true">Add to trolley</span></button>
		
		</div>
	</div>
	<div class="lists">
		
	</div>


	    <div class="actions">
	        			
			   <div class="MUItemForTrolleyDiv MUItemForTrolley_148958" data-catentry="148958">
		         <div class="MUul_148958"><div class="MUli_148958 hidden" aria-hidden="true"><span class="inTrolley"><span class="MUSpan_148958">0</span> in trolley</span></div></div>
		       </div>
		        <p class="clear"></p>
			 
			<div class="member-usuals-remove">
				<a href="#" class="action-removeFromUsuals usuals-remove">Remove from list <span class="accessibility">Coles RSPCA Approved Chicken Breast Fillets Single Pack approx. 350g</span></a>			
			</div>
			
				<div class="list">
					<a href="#" class="action-addToList action-list-add">Add to list <span class="accessibility">Coles RSPCA Approved Chicken Breast Fillets Single Pack approx. 350g</span></a> 
				</div>
				<div class="member-list-add">
					<a href="#" class="action-addToList action-list-add">Add to another list <span class="accessibility">Coles RSPCA Approved Chicken Breast Fillets Single Pack approx. 350g</span></a>
				</div>
			
			<div class="member-list-remove">
				 <a href="#" class="action-removeFromList">Remove from list <span class="accessibility">Coles RSPCA Approved Chicken Breast Fillets Single Pack approx. 350g</span></a> 
			</div>
			
				<div class="compareProd" role="presentation" aria-hidden="true">
					<a href="#" class="compare compare-add">Compare</a>
				</div>
			
				<a href="http://shop.coles.com.au/online/national/coles-rspca-chicken-breast-fillet-single-pack" class="product-url accessibility">More details for Coles&nbsp;RSPCA Approved Chicken Breast Fillets Single Pack</a>
			
		</div>  
      

       	
		    <div role="presentation" aria-hidden="true" id="share" class="share" data-social="{productImgUrl:'http://shop.coles.com.au:27900/wcsstore/Coles-CAS/images/1/0/1/1016298-th.jpg'
	                                               ,productDisplayUrl:'http://shop.coles.com.au/online/national/coles-rspca-chicken-breast-fillet-single-pack'
	                                               ,title:'Coles RSPCA Approved Chicken Breast Fillets Single Pack Indicated price based on approx. weight. Weight may vary between 300g and 400g.'
	                                               ,description:'&amp;lt;p jQuery172003625875074244389=&amp;#034;323&amp;#034;&amp;gt;Coles is committed to helping Australia grow by providing Aussie families with a range of RSPCA Approved fresh meat options to make delicious meals. The RSPCA Approved Farming Scheme provides higher animal welfare standards for the care of pigs, chickens and turkeys. Animals in these farming systems are housed in an environment that meets their physical and behavioural needs. RSPCA Approved products are marked with an RSPCA Approved Farming Scheme logo.&amp;lt;/p&amp;gt;'}">
		 	</div>
 		
	</div>
</div>


	</form>
</div>


<span class="available hidden"></span>


<div class="outer-prod prodtile" data-refresh="{
					catalogId: &quot;10576&quot;,
					doInventory: &quot;N&quot;,
					fulfillmentCenterId: &quot;11576&quot;,
					forStoreId: &quot;10401&quot;,
					
					productDisplayURL: &quot;http://shop.coles.com.au/online/national/coles-chicken-herb-schnitzel-4-pack&quot;				
			}">
	<form id="catEntryForm_92298" name="catEntryForm_92298" action="AjaxOrderChangeServiceItemAdd">
		
<div class=" " data-catentry="catEntry_92298" data-refresh="{
				addCalculationUsage: &quot;-1&quot;,
				langId: &quot;-1&quot;,
				storeId: &quot;10601&quot;, 
				catEntryId: &quot;92298&quot;, 
				catEntryName: &quot;RSPCA Approved Herb &amp; Garlic Chicken Schnitzel  4 pack&quot;, 
				productView: &quot;list&quot;,
				productId: &quot;92298&quot;,
				itemId: &quot;154047&quot;,
				hideMultibuy: &quot;false&quot;,
                ticketType: &quot;&quot;,
                partNumber: &quot;9232956&quot;,
                offerCode: &quot;20150121&quot;
		}">
   	<div class="wrapper clearfix">   	
		

<h4 class="accessibility" id="heading_92298" tabindex="-1">
		Coles&nbsp;RSPCA Approved Herb &amp; Garlic Chicken Schnitzel  4 pack&nbsp;
		600g&nbsp;
		 
</h4> 

<div class="offer-icon"></div>
<a role="presentation" aria-hidden="true" class="product-url" href="http://shop.coles.com.au/online/national/coles-chicken-herb-schnitzel-4-pack">
	    <img role="presentation" aria-hidden="true" class="photo" src="/wcsstore/Coles-CAS/images/9/2/3/9232956-th.jpg" onerror="this.src='/wcsstore/ColesStorefrontAssetStore/dist/e0a775baf05f/images/spacer.gif'" alt="RSPCA Approved Herb &amp; Garlic Chicken Schnitzel  4 pack" width="110" height="110">
	</a>

<div class="detail">	
    <span role="presentation" aria-hidden="true" class="brand">Coles</span>
    <span class="item" role="presentation" aria-hidden="true">
        <a role="presentation" aria-hidden="true" class="product-url" href="http://shop.coles.com.au/online/national/coles-chicken-herb-schnitzel-4-pack">
        	RSPCA Approved Herb &amp; Garlic Chicken Schnitzel  4 pack&nbsp;
        	600g
        </a>
    </span>
	<span class="size">
			
 	</span>
</div>


	<div class="purchasing">	    
	    <div class="saving">
	    	
	    </div>
	   	
	    		<div class="price"><span class="accessibility">Purchase price </span><small>$</small>10.90</div>
	    	
	    <div class="unit-price"><span class="accessibility">Unit price </span>$18.17 per 1Kg</div>
	    <div class="special-offer">	    	
	    	
	    </div> 
	    <div class="availability">Temporarily unavailable</div>
	    <div class="purchase">
		
			<input type="number" title="Add Quantity for Coles RSPCA Approved Herb &amp; Garlic Chicken Schnitzel  4 pack 600g" name="quantity" id="catEntry_92298_qty" value="1" maxlength="2" size="2" class="v-mandatory v-numeric v-minval-1">
	        <button role="button" type="submit" title="Add to trolley&nbsp;Coles RSPCA Approved Herb &amp; Garlic Chicken Schnitzel  4 pack 600g" class="btn-red action-addToTrolley"><span role="presentation" aria-hidden="true">Add to trolley</span></button>
		
		</div>
	</div>
	<div class="lists">
		
	</div>


	    <div class="actions">
	        			
			   <div class="MUItemForTrolleyDiv MUItemForTrolley_154047" data-catentry="154047">
		         <div class="MUul_154047"><div class="MUli_154047 hidden" aria-hidden="true"><span class="inTrolley"><span class="MUSpan_154047">0</span> in trolley</span></div></div>
		       </div>
		        <p class="clear"></p>
			 
			<div class="member-usuals-remove">
				<a href="#" class="action-removeFromUsuals usuals-remove">Remove from list <span class="accessibility">Coles RSPCA Approved Herb &amp; Garlic Chicken Schnitzel  4 pack 600g</span></a>			
			</div>
			
				<div class="list">
					<a href="#" class="action-addToList action-list-add">Add to list <span class="accessibility">Coles RSPCA Approved Herb &amp; Garlic Chicken Schnitzel  4 pack 600g</span></a> 
				</div>
				<div class="member-list-add">
					<a href="#" class="action-addToList action-list-add">Add to another list <span class="accessibility">Coles RSPCA Approved Herb &amp; Garlic Chicken Schnitzel  4 pack 600g</span></a>
				</div>
			
			<div class="member-list-remove">
				 <a href="#" class="action-removeFromList">Remove from list <span class="accessibility">Coles RSPCA Approved Herb &amp; Garlic Chicken Schnitzel  4 pack 600g</span></a> 
			</div>
			
				<div class="compareProd" role="presentation" aria-hidden="true">
					<a href="#" class="compare compare-add">Compare</a>
				</div>
			
				<a href="http://shop.coles.com.au/online/national/coles-chicken-herb-schnitzel-4-pack" class="product-url accessibility">More details for Coles&nbsp;RSPCA Approved Herb &amp; Garlic Chicken Schnitzel  4 pack</a>
			
		</div>  
      

       	
		    <div role="presentation" aria-hidden="true" id="share" class="share" data-social="{productImgUrl:'http://shop.coles.com.au:27900/wcsstore/Coles-CAS/images/9/2/3/9232956-th.jpg'
	                                               ,productDisplayUrl:'http://shop.coles.com.au/online/national/coles-chicken-herb-schnitzel-4-pack'
	                                               ,title:'Coles RSPCA Approved Herb &amp; Garlic Chicken Schnitzel  4 pack  '
	                                               ,description:''}">
		 	</div>
 		
	</div>
</div>


	</form>
</div>


<span class="available hidden"></span>


<div class="outer-prod prodtile" data-refresh="{
					catalogId: &quot;10576&quot;,
					doInventory: &quot;N&quot;,
					fulfillmentCenterId: &quot;11576&quot;,
					forStoreId: &quot;10401&quot;,
					
					productDisplayURL: &quot;http://shop.coles.com.au/online/national/coles-australian-roast-chicken-breast-slices&quot;				
			}">
	<form id="catEntryForm_391030" name="catEntryForm_391030" action="AjaxOrderChangeServiceItemAdd">
		
<div class="promo multiBuy " data-catentry="catEntry_391030" data-refresh="{
				addCalculationUsage: &quot;-1&quot;,
				langId: &quot;-1&quot;,
				storeId: &quot;10601&quot;, 
				catEntryId: &quot;391030&quot;, 
				catEntryName: &quot;Australian Roast Chicken Breast Slices&quot;, 
				productView: &quot;list&quot;,
				productId: &quot;391030&quot;,
				itemId: &quot;391143&quot;,
				hideMultibuy: &quot;false&quot;,
                ticketType: &quot;M&quot;,
                partNumber: &quot;1962128&quot;,
                offerCode: &quot;20130831&quot;
		}">
   	<div class="wrapper clearfix">   	
		

<h4 class="accessibility" id="heading_391030" tabindex="-1">
		Coles&nbsp;Australian Roast Chicken Breast Slices&nbsp;
		150g&nbsp;
		On special 
</h4> 

<div class="offer-icon"></div>
<a role="presentation" aria-hidden="true" class="product-url" href="http://shop.coles.com.au/online/national/coles-australian-roast-chicken-breast-slices">
	    <img role="presentation" aria-hidden="true" class="photo" src="/wcsstore/Coles-CAS/images/1/9/6/1962128-th.jpg" onerror="this.src='/wcsstore/ColesStorefrontAssetStore/dist/e0a775baf05f/images/spacer.gif'" alt="Australian Roast Chicken Breast Slices" width="110" height="110">
	</a>

<div class="detail">	
    <span role="presentation" aria-hidden="true" class="brand">Coles</span>
    <span class="item" role="presentation" aria-hidden="true">
        <a role="presentation" aria-hidden="true" class="product-url" href="http://shop.coles.com.au/online/national/coles-australian-roast-chicken-breast-slices">
        	Australian Roast Chicken Breast Slices&nbsp;
        	150g
        </a>
    </span>
	<span class="size">
			
 	</span>
</div>


	<div class="purchasing" data-promotion="{qualifier: &quot;2&quot;,promotionId: &quot;10081535&quot;,catEntryIds: &quot;391015,391029,391030&quot;}">
	    <div class="offer-detail">2 for $8</div>
	    <div class="offer-price">SAVE&nbsp;$3.00 / $26.67 per 1Kg</div>
	    <div class="availability">Temporarily unavailable</div>
	    <div class="offer-purchase">
	       <button type="submit" value="Choose any 2" class="btn-red action-addMultibuyToTrolley">Choose any 2</button> 	       
	    </div>
	    <div class="or"><span>OR</span></div>
	    <div class="std-price">1 for $5.50&nbsp;/&nbsp;$36.67 per 1Kg</div>
	    <div class="availability">Temporarily unavailable</div>
	    <div class="std-purchase">
	        <input type="number" title="Add Quantity for Coles Australian Roast Chicken Breast Slices 150g" name="quantity" id="catEntry_391030_qty" value="1" maxlength="2" size="2" class="v-mandatory v-numeric v-minval-1">
	        <button role="button" type="submit" title="Add to trolley&nbsp;Coles Australian Roast Chicken Breast Slices 150g" class="btn-red action-addToTrolley"><span role="presentation" aria-hidden="true">Add to trolley</span></button>	        
	    </div>
	</div>


	    <div class="actions">
	        			
			   <div class="MUItemForTrolleyDiv MUItemForTrolley_391143" data-catentry="391143">
		         <div class="MUul_391143"><div class="MUli_391143 hidden" aria-hidden="true"><span class="inTrolley"><span class="MUSpan_391143">0</span> in trolley</span></div></div>
		       </div>
		        <p class="clear"></p>
			 
			<div class="member-usuals-remove">
				<a href="#" class="action-removeFromUsuals usuals-remove">Remove from list <span class="accessibility">Coles Australian Roast Chicken Breast Slices 150g</span></a>			
			</div>
			
				<div class="list">
					<a href="#" class="action-addToList action-list-add">Add to list <span class="accessibility">Coles Australian Roast Chicken Breast Slices 150g</span></a> 
				</div>
				<div class="member-list-add">
					<a href="#" class="action-addToList action-list-add">Add to another list <span class="accessibility">Coles Australian Roast Chicken Breast Slices 150g</span></a>
				</div>
			
			<div class="member-list-remove">
				 <a href="#" class="action-removeFromList">Remove from list <span class="accessibility">Coles Australian Roast Chicken Breast Slices 150g</span></a> 
			</div>
			
				<div class="compareProd" role="presentation" aria-hidden="true">
					<a href="#" class="compare compare-add">Compare</a>
				</div>
			
				<a href="http://shop.coles.com.au/online/national/coles-australian-roast-chicken-breast-slices" class="product-url accessibility">More details for Coles&nbsp;Australian Roast Chicken Breast Slices</a>
			
		</div>  
      

       	
		    <div role="presentation" aria-hidden="true" id="share" class="share" data-social="{productImgUrl:'http://shop.coles.com.au:27900/wcsstore/Coles-CAS/images/1/9/6/1962128-th.jpg'
	                                               ,productDisplayUrl:'http://shop.coles.com.au/online/national/coles-australian-roast-chicken-breast-slices'
	                                               ,title:'Coles Australian Roast Chicken Breast Slices '
	                                               ,description:''}">
		 	</div>
 		
	</div>
</div>


	</form>
</div>


<span class="available hidden"></span>


<div class="outer-prod prodtile" data-refresh="{
					catalogId: &quot;10576&quot;,
					doInventory: &quot;N&quot;,
					fulfillmentCenterId: &quot;11576&quot;,
					forStoreId: &quot;10401&quot;,
					
					productDisplayURL: &quot;http://shop.coles.com.au/online/national/coles-beef-sizzle-steak&quot;				
			}">
	<form id="catEntryForm_381530" name="catEntryForm_381530" action="AjaxOrderChangeServiceItemAdd">
		
<div class=" " data-catentry="catEntry_381530" data-refresh="{
				addCalculationUsage: &quot;-1&quot;,
				langId: &quot;-1&quot;,
				storeId: &quot;10601&quot;, 
				catEntryId: &quot;381530&quot;, 
				catEntryName: &quot;Sizzle Steak&quot;, 
				productView: &quot;list&quot;,
				productId: &quot;381530&quot;,
				itemId: &quot;381544&quot;,
				hideMultibuy: &quot;false&quot;,
                ticketType: &quot;&quot;,
                partNumber: &quot;1832188&quot;,
                offerCode: &quot;20130604&quot;
		}">
   	<div class="wrapper clearfix">   	
		

<h4 class="accessibility" id="heading_381530" tabindex="-1">
		Coles Beef&nbsp;Sizzle Steak&nbsp;
		400g&nbsp;
		 
</h4> 

<div class="offer-icon"></div>
<a role="presentation" aria-hidden="true" class="product-url" href="http://shop.coles.com.au/online/national/coles-beef-sizzle-steak">
	    <img role="presentation" aria-hidden="true" class="photo" src="/wcsstore/Coles-CAS/images/1/8/3/1832188-th.jpg" onerror="this.src='/wcsstore/ColesStorefrontAssetStore/dist/e0a775baf05f/images/spacer.gif'" alt="Sizzle Steak" width="110" height="110">
	</a>

<div class="detail">	
    <span role="presentation" aria-hidden="true" class="brand">Coles Beef</span>
    <span class="item" role="presentation" aria-hidden="true">
        <a role="presentation" aria-hidden="true" class="product-url" href="http://shop.coles.com.au/online/national/coles-beef-sizzle-steak">
        	Sizzle Steak&nbsp;
        	400g
        </a>
    </span>
	<span class="size">
			
 	</span>
</div>


	<div class="purchasing">	    
	    <div class="saving">
	    	
	    </div>
	   	
	    		<div class="price"><span class="accessibility">Purchase price </span><small>$</small>7.00</div>
	    	
	    <div class="unit-price"><span class="accessibility">Unit price </span>$17.50 per 1Kg</div>
	    <div class="special-offer">	    	
	    	
	    </div> 
	    <div class="availability">Temporarily unavailable</div>
	    <div class="purchase">
		
			<input type="number" title="Add Quantity for Coles Beef Sizzle Steak 400g" name="quantity" id="catEntry_381530_qty" value="1" maxlength="2" size="2" class="v-mandatory v-numeric v-minval-1">
	        <button role="button" type="submit" title="Add to trolley&nbsp;Coles Beef Sizzle Steak 400g" class="btn-red action-addToTrolley"><span role="presentation" aria-hidden="true">Add to trolley</span></button>
		
		</div>
	</div>
	<div class="lists">
		
	</div>


	    <div class="actions">
	        			
			   <div class="MUItemForTrolleyDiv MUItemForTrolley_381544" data-catentry="381544">
		         <div class="MUul_381544"><div class="MUli_381544 hidden" aria-hidden="true"><span class="inTrolley"><span class="MUSpan_381544">0</span> in trolley</span></div></div>
		       </div>
		        <p class="clear"></p>
			 
			<div class="member-usuals-remove">
				<a href="#" class="action-removeFromUsuals usuals-remove">Remove from list <span class="accessibility">Coles Beef Sizzle Steak 400g</span></a>			
			</div>
			
				<div class="list">
					<a href="#" class="action-addToList action-list-add">Add to list <span class="accessibility">Coles Beef Sizzle Steak 400g</span></a> 
				</div>
				<div class="member-list-add">
					<a href="#" class="action-addToList action-list-add">Add to another list <span class="accessibility">Coles Beef Sizzle Steak 400g</span></a>
				</div>
			
			<div class="member-list-remove">
				 <a href="#" class="action-removeFromList">Remove from list <span class="accessibility">Coles Beef Sizzle Steak 400g</span></a> 
			</div>
			
				<div class="compareProd" role="presentation" aria-hidden="true">
					<a href="#" class="compare compare-add">Compare</a>
				</div>
			
				<a href="http://shop.coles.com.au/online/national/coles-beef-sizzle-steak" class="product-url accessibility">More details for Coles Beef&nbsp;Sizzle Steak</a>
			
		</div>  
      

       	
		    <div role="presentation" aria-hidden="true" id="share" class="share" data-social="{productImgUrl:'http://shop.coles.com.au:27900/wcsstore/Coles-CAS/images/1/8/3/1832188-th.jpg'
	                                               ,productDisplayUrl:'http://shop.coles.com.au/online/national/coles-beef-sizzle-steak'
	                                               ,title:'Coles Beef Sizzle Steak '
	                                               ,description:''}">
		 	</div>
 		
	</div>
</div>


	</form>
</div>


<span class="available hidden"></span>


<div class="outer-prod prodtile" data-refresh="{
					catalogId: &quot;10576&quot;,
					doInventory: &quot;N&quot;,
					fulfillmentCenterId: &quot;11576&quot;,
					forStoreId: &quot;10401&quot;,
					
					productDisplayURL: &quot;http://shop.coles.com.au/online/national/chicken--kebab-honey-soy-from-the-deli-8885058p&quot;				
			}">
	<form id="catEntryForm_49077" name="catEntryForm_49077" action="AjaxOrderChangeServiceItemAdd">
		
<div class=" " data-catentry="catEntry_49077" data-refresh="{
				addCalculationUsage: &quot;-1&quot;,
				langId: &quot;-1&quot;,
				storeId: &quot;10601&quot;, 
				catEntryId: &quot;49077&quot;, 
				catEntryName: &quot;RSPCA Approved Honey Soy Chicken Kebab&quot;, 
				productView: &quot;list&quot;,
				productId: &quot;49077&quot;,
				itemId: &quot;108656&quot;,
				hideMultibuy: &quot;false&quot;,
                ticketType: &quot;&quot;,
                partNumber: &quot;8885058&quot;,
                offerCode: &quot;20141107&quot;
		}">
   	<div class="wrapper clearfix">   	
		

<h4 class="accessibility" id="heading_49077" tabindex="-1">
		Coles Deli&nbsp;RSPCA Approved Honey Soy Chicken Kebab&nbsp;
		1 each&nbsp;
		 
</h4> 

<div class="offer-icon"></div>
<a role="presentation" aria-hidden="true" class="product-url" href="http://shop.coles.com.au/online/national/chicken--kebab-honey-soy-from-the-deli-8885058p">
	    <img role="presentation" aria-hidden="true" class="photo" src="/wcsstore/Coles-CAS/images/8/8/8/8885058-th.jpg" onerror="this.src='/wcsstore/ColesStorefrontAssetStore/dist/e0a775baf05f/images/spacer.gif'" alt="RSPCA Approved Honey Soy Chicken Kebab" width="110" height="110">
	</a>

<div class="detail">	
    <span role="presentation" aria-hidden="true" class="brand">Coles Deli</span>
    <span class="item" role="presentation" aria-hidden="true">
        <a role="presentation" aria-hidden="true" class="product-url" href="http://shop.coles.com.au/online/national/chicken--kebab-honey-soy-from-the-deli-8885058p">
        	RSPCA Approved Honey Soy Chicken Kebab&nbsp;
        	1 each
        </a>
    </span>
	<span class="size">
			
 	</span>
</div>


	<div class="purchasing">	    
	    <div class="saving">
	    	
	    </div>
	   	
	    		<div class="price"><span class="accessibility">Purchase price </span><small>$</small>1.20</div>
	    	
	    <div class="unit-price"><span class="accessibility">Unit price </span>$1.20 per 1Ea</div>
	    <div class="special-offer">	    	
	    	
	    </div> 
	    <div class="availability">Temporarily unavailable</div>
	    <div class="purchase">
		
			<input type="number" title="Add Quantity for Coles Deli RSPCA Approved Honey Soy Chicken Kebab 1 each" name="quantity" id="catEntry_49077_qty" value="1" maxlength="2" size="2" class="v-mandatory v-numeric v-minval-1">
	        <button role="button" type="submit" title="Add to trolley&nbsp;Coles Deli RSPCA Approved Honey Soy Chicken Kebab 1 each" class="btn-red action-addToTrolley"><span role="presentation" aria-hidden="true">Add to trolley</span></button>
		
		</div>
	</div>
	<div class="lists">
		
	</div>


	    <div class="actions">
	        			
			   <div class="MUItemForTrolleyDiv MUItemForTrolley_108656" data-catentry="108656">
		         <div class="MUul_108656"><div class="MUli_108656 hidden" aria-hidden="true"><span class="inTrolley"><span class="MUSpan_108656">0</span> in trolley</span></div></div>
		       </div>
		        <p class="clear"></p>
			 
			<div class="member-usuals-remove">
				<a href="#" class="action-removeFromUsuals usuals-remove">Remove from list <span class="accessibility">Coles Deli RSPCA Approved Honey Soy Chicken Kebab 1 each</span></a>			
			</div>
			
				<div class="list">
					<a href="#" class="action-addToList action-list-add">Add to list <span class="accessibility">Coles Deli RSPCA Approved Honey Soy Chicken Kebab 1 each</span></a> 
				</div>
				<div class="member-list-add">
					<a href="#" class="action-addToList action-list-add">Add to another list <span class="accessibility">Coles Deli RSPCA Approved Honey Soy Chicken Kebab 1 each</span></a>
				</div>
			
			<div class="member-list-remove">
				 <a href="#" class="action-removeFromList">Remove from list <span class="accessibility">Coles Deli RSPCA Approved Honey Soy Chicken Kebab 1 each</span></a> 
			</div>
			
				<div class="compareProd" role="presentation" aria-hidden="true">
					<a href="#" class="compare compare-add">Compare</a>
				</div>
			
				<a href="http://shop.coles.com.au/online/national/chicken--kebab-honey-soy-from-the-deli-8885058p" class="product-url accessibility">More details for Coles Deli&nbsp;RSPCA Approved Honey Soy Chicken Kebab</a>
			
		</div>  
      

       	
		    <div role="presentation" aria-hidden="true" id="share" class="share" data-social="{productImgUrl:'http://shop.coles.com.au:27900/wcsstore/Coles-CAS/images/8/8/8/8885058-th.jpg'
	                                               ,productDisplayUrl:'http://shop.coles.com.au/online/national/chicken--kebab-honey-soy-from-the-deli-8885058p'
	                                               ,title:'Coles Deli RSPCA Approved Honey Soy Chicken Kebab  '
	                                               ,description:''}">
		 	</div>
 		
	</div>
</div>


	</form>
</div>


<span class="available hidden"></span>


<div class="outer-prod prodtile" data-refresh="{
					catalogId: &quot;10576&quot;,
					doInventory: &quot;N&quot;,
					fulfillmentCenterId: &quot;11576&quot;,
					forStoreId: &quot;10401&quot;,
					
					productDisplayURL: &quot;http://shop.coles.com.au/online/national/bacon--diced&quot;				
			}">
	<form id="catEntryForm_80225" name="catEntryForm_80225" action="AjaxOrderChangeServiceItemAdd">
		
<div class=" " data-catentry="catEntry_80225" data-refresh="{
				addCalculationUsage: &quot;-1&quot;,
				langId: &quot;-1&quot;,
				storeId: &quot;10601&quot;, 
				catEntryId: &quot;80225&quot;, 
				catEntryName: &quot;Diced Bacon&quot;, 
				productView: &quot;list&quot;,
				productId: &quot;80225&quot;,
				itemId: &quot;143417&quot;,
				hideMultibuy: &quot;false&quot;,
                ticketType: &quot;&quot;,
                partNumber: &quot;4712863&quot;,
                offerCode: &quot;20141219&quot;
		}">
   	<div class="wrapper clearfix">   	
		

<h4 class="accessibility" id="heading_80225" tabindex="-1">
		Coles Deli&nbsp;Diced Bacon&nbsp;
		approx. 250g&nbsp;
		 
</h4> 

<div class="offer-icon"></div>
<a role="presentation" aria-hidden="true" class="product-url" href="http://shop.coles.com.au/online/national/bacon--diced">
	    <img role="presentation" aria-hidden="true" class="photo" src="/wcsstore/Coles-CAS/images/4/7/1/4712863-th.jpg" onerror="this.src='/wcsstore/ColesStorefrontAssetStore/dist/e0a775baf05f/images/spacer.gif'" alt="Diced Bacon" width="110" height="110">
	</a>

<div class="detail">	
    <span role="presentation" aria-hidden="true" class="brand">Coles Deli</span>
    <span class="item" role="presentation" aria-hidden="true">
        <a role="presentation" aria-hidden="true" class="product-url" href="http://shop.coles.com.au/online/national/bacon--diced">
        	Diced Bacon&nbsp;
        	approx. 250g
        </a>
    </span>
	<span class="size">
		Indicated price based on approx. weight. Weight may vary between 225g and 275g. 	
 	</span>
</div>


	<div class="purchasing">	    
	    <div class="saving">
	    	
	    </div>
	   	
	    		<div class="price"><span class="accessibility">Purchase price </span><small>$</small>3.25</div>
	    	
	    <div class="unit-price"><span class="accessibility">Unit price </span>$13.00 per 1kg</div>
	    <div class="special-offer">	    	
	    	
	    </div> 
	    <div class="availability">Temporarily unavailable</div>
	    <div class="purchase">
		
			<input type="number" title="Add Quantity for Coles Deli Diced Bacon approx. 250g" name="quantity" id="catEntry_80225_qty" value="1" maxlength="2" size="2" class="v-mandatory v-numeric v-minval-1">
	        <button role="button" type="submit" title="Add to trolley&nbsp;Coles Deli Diced Bacon approx. 250g" class="btn-red action-addToTrolley"><span role="presentation" aria-hidden="true">Add to trolley</span></button>
		
		</div>
	</div>
	<div class="lists">
		
	</div>


	    <div class="actions">
	        			
			   <div class="MUItemForTrolleyDiv MUItemForTrolley_143417" data-catentry="143417">
		         <div class="MUul_143417"><div class="MUli_143417 hidden" aria-hidden="true"><span class="inTrolley"><span class="MUSpan_143417">0</span> in trolley</span></div></div>
		       </div>
		        <p class="clear"></p>
			 
			<div class="member-usuals-remove">
				<a href="#" class="action-removeFromUsuals usuals-remove">Remove from list <span class="accessibility">Coles Deli Diced Bacon approx. 250g</span></a>			
			</div>
			
				<div class="list">
					<a href="#" class="action-addToList action-list-add">Add to list <span class="accessibility">Coles Deli Diced Bacon approx. 250g</span></a> 
				</div>
				<div class="member-list-add">
					<a href="#" class="action-addToList action-list-add">Add to another list <span class="accessibility">Coles Deli Diced Bacon approx. 250g</span></a>
				</div>
			
			<div class="member-list-remove">
				 <a href="#" class="action-removeFromList">Remove from list <span class="accessibility">Coles Deli Diced Bacon approx. 250g</span></a> 
			</div>
			
				<div class="compareProd" role="presentation" aria-hidden="true">
					<a href="#" class="compare compare-add">Compare</a>
				</div>
			
				<a href="http://shop.coles.com.au/online/national/bacon--diced" class="product-url accessibility">More details for Coles Deli&nbsp;Diced Bacon</a>
			
		</div>  
      

       	
		    <div role="presentation" aria-hidden="true" id="share" class="share" data-social="{productImgUrl:'http://shop.coles.com.au:27900/wcsstore/Coles-CAS/images/4/7/1/4712863-th.jpg'
	                                               ,productDisplayUrl:'http://shop.coles.com.au/online/national/bacon--diced'
	                                               ,title:'Coles Deli Diced Bacon Indicated price based on approx. weight. Weight may vary between 225g and 275g. '
	                                               ,description:'The product Bacon Style Diced Pieces, are produced from bacon off-cuts and fresh ham trimmings, which are mixed together filled into a fibrous casing and then smoked, cooked and diced. The product, Bacon Style Diced Pieces, is a ready to eat product.'}">
		 	</div>
 		
	</div>
</div>


	</form>
</div>


<span class="available hidden"></span>


<div class="outer-prod prodtile" data-refresh="{
					catalogId: &quot;10576&quot;,
					doInventory: &quot;N&quot;,
					fulfillmentCenterId: &quot;11576&quot;,
					forStoreId: &quot;10401&quot;,
					
					productDisplayURL: &quot;http://shop.coles.com.au/online/national/turkey-breast-roasted-free-range-shaved&quot;				
			}">
	<form id="catEntryForm_85788" name="catEntryForm_85788" action="AjaxOrderChangeServiceItemAdd">
		
<div class=" " data-catentry="catEntry_85788" data-refresh="{
				addCalculationUsage: &quot;-1&quot;,
				langId: &quot;-1&quot;,
				storeId: &quot;10601&quot;, 
				catEntryId: &quot;85788&quot;, 
				catEntryName: &quot;Shaved Inghams Free Range Turkey Breast&quot;, 
				productView: &quot;list&quot;,
				productId: &quot;85788&quot;,
				itemId: &quot;150109&quot;,
				hideMultibuy: &quot;false&quot;,
                ticketType: &quot;&quot;,
                partNumber: &quot;1022483&quot;,
                offerCode: &quot;20130717&quot;
		}">
   	<div class="wrapper clearfix">   	
		

<h4 class="accessibility" id="heading_85788" tabindex="-1">
		Coles Deli&nbsp;Shaved Inghams Free Range Turkey Breast&nbsp;
		approx. 125g&nbsp;
		 
</h4> 

<div class="offer-icon"></div>
<a role="presentation" aria-hidden="true" class="product-url" href="http://shop.coles.com.au/online/national/turkey-breast-roasted-free-range-shaved">
	    <img role="presentation" aria-hidden="true" class="photo" src="/wcsstore/Coles-CAS/images/1/0/2/1022483-th.jpg" onerror="this.src='/wcsstore/ColesStorefrontAssetStore/dist/e0a775baf05f/images/spacer.gif'" alt="Shaved Inghams Free Range Turkey Breast" width="110" height="110">
	</a>

<div class="detail">	
    <span role="presentation" aria-hidden="true" class="brand">Coles Deli</span>
    <span class="item" role="presentation" aria-hidden="true">
        <a role="presentation" aria-hidden="true" class="product-url" href="http://shop.coles.com.au/online/national/turkey-breast-roasted-free-range-shaved">
        	Shaved Inghams Free Range Turkey Breast&nbsp;
        	approx. 125g
        </a>
    </span>
	<span class="size">
		Indicated price based on approx. weight. Weight may vary between 100g and 150g.	
 	</span>
</div>


	<div class="purchasing">	    
	    <div class="saving">
	    	
	    </div>
	   	
	    		<div class="price"><span class="accessibility">Purchase price </span><small>$</small>4.38</div>
	    	
	    <div class="unit-price"><span class="accessibility">Unit price </span>$35.00 per 1kg</div>
	    <div class="special-offer">	    	
	    	
	    </div> 
	    <div class="availability">Temporarily unavailable</div>
	    <div class="purchase">
		
			<input type="number" title="Add Quantity for Coles Deli Shaved Inghams Free Range Turkey Breast approx. 125g" name="quantity" id="catEntry_85788_qty" value="1" maxlength="2" size="2" class="v-mandatory v-numeric v-minval-1">
	        <button role="button" type="submit" title="Add to trolley&nbsp;Coles Deli Shaved Inghams Free Range Turkey Breast approx. 125g" class="btn-red action-addToTrolley"><span role="presentation" aria-hidden="true">Add to trolley</span></button>
		
		</div>
	</div>
	<div class="lists">
		
	</div>


	    <div class="actions">
	        			
			   <div class="MUItemForTrolleyDiv MUItemForTrolley_150109" data-catentry="150109">
		         <div class="MUul_150109"><div class="MUli_150109 hidden" aria-hidden="true"><span class="inTrolley"><span class="MUSpan_150109">0</span> in trolley</span></div></div>
		       </div>
		        <p class="clear"></p>
			 
			<div class="member-usuals-remove">
				<a href="#" class="action-removeFromUsuals usuals-remove">Remove from list <span class="accessibility">Coles Deli Shaved Inghams Free Range Turkey Breast approx. 125g</span></a>			
			</div>
			
				<div class="list">
					<a href="#" class="action-addToList action-list-add">Add to list <span class="accessibility">Coles Deli Shaved Inghams Free Range Turkey Breast approx. 125g</span></a> 
				</div>
				<div class="member-list-add">
					<a href="#" class="action-addToList action-list-add">Add to another list <span class="accessibility">Coles Deli Shaved Inghams Free Range Turkey Breast approx. 125g</span></a>
				</div>
			
			<div class="member-list-remove">
				 <a href="#" class="action-removeFromList">Remove from list <span class="accessibility">Coles Deli Shaved Inghams Free Range Turkey Breast approx. 125g</span></a> 
			</div>
			
				<div class="compareProd" role="presentation" aria-hidden="true">
					<a href="#" class="compare compare-add">Compare</a>
				</div>
			
				<a href="http://shop.coles.com.au/online/national/turkey-breast-roasted-free-range-shaved" class="product-url accessibility">More details for Coles Deli&nbsp;Shaved Inghams Free Range Turkey Breast</a>
			
		</div>  
      

       	
		    <div role="presentation" aria-hidden="true" id="share" class="share" data-social="{productImgUrl:'http://shop.coles.com.au:27900/wcsstore/Coles-CAS/images/1/0/2/1022483-th.jpg'
	                                               ,productDisplayUrl:'http://shop.coles.com.au/online/national/turkey-breast-roasted-free-range-shaved'
	                                               ,title:'Coles Deli Shaved Inghams Free Range Turkey Breast Indicated price based on approx. weight. Weight may vary between 100g and 150g.'
	                                               ,description:''}">
		 	</div>
 		
	</div>
</div>


	</form>
</div>


<span class="available hidden"></span>


<div class="outer-prod prodtile" data-refresh="{
					catalogId: &quot;10576&quot;,
					doInventory: &quot;N&quot;,
					fulfillmentCenterId: &quot;11576&quot;,
					forStoreId: &quot;10401&quot;,
					
					productDisplayURL: &quot;http://shop.coles.com.au/online/national/chicken-drumsticks-from-the-deli-9604711p&quot;				
			}">
	<form id="catEntryForm_93288" name="catEntryForm_93288" action="AjaxOrderChangeServiceItemAdd">
		
<div class=" " data-catentry="catEntry_93288" data-refresh="{
				addCalculationUsage: &quot;-1&quot;,
				langId: &quot;-1&quot;,
				storeId: &quot;10601&quot;, 
				catEntryId: &quot;93288&quot;, 
				catEntryName: &quot;RSPCA Approved Chicken Drumsticks 4 Pieces&quot;, 
				productView: &quot;list&quot;,
				productId: &quot;93288&quot;,
				itemId: &quot;162299&quot;,
				hideMultibuy: &quot;false&quot;,
                ticketType: &quot;&quot;,
                partNumber: &quot;9604711&quot;,
                offerCode: &quot;20140625&quot;
		}">
   	<div class="wrapper clearfix">   	
		

<h4 class="accessibility" id="heading_93288" tabindex="-1">
		Coles Deli&nbsp;RSPCA Approved Chicken Drumsticks 4 Pieces&nbsp;
		approx. 550g&nbsp;
		 
</h4> 

<div class="offer-icon"></div>
<a role="presentation" aria-hidden="true" class="product-url" href="http://shop.coles.com.au/online/national/chicken-drumsticks-from-the-deli-9604711p">
	    <img role="presentation" aria-hidden="true" class="photo" src="/wcsstore/Coles-CAS/images/9/6/0/9604711-th.jpg" onerror="this.src='/wcsstore/ColesStorefrontAssetStore/dist/e0a775baf05f/images/spacer.gif'" alt="RSPCA Approved Chicken Drumsticks 4 Pieces" width="110" height="110">
	</a>

<div class="detail">	
    <span role="presentation" aria-hidden="true" class="brand">Coles Deli</span>
    <span class="item" role="presentation" aria-hidden="true">
        <a role="presentation" aria-hidden="true" class="product-url" href="http://shop.coles.com.au/online/national/chicken-drumsticks-from-the-deli-9604711p">
        	RSPCA Approved Chicken Drumsticks 4 Pieces&nbsp;
        	approx. 550g
        </a>
    </span>
	<span class="size">
		Indicated price based on approx. weight. Weight may vary between 500g and 600g. 	
 	</span>
</div>


	<div class="purchasing">	    
	    <div class="saving">
	    	
	    </div>
	   	
	    		<div class="price"><span class="accessibility">Purchase price </span><small>$</small>2.19</div>
	    	
	    <div class="unit-price"><span class="accessibility">Unit price </span>$3.98 per 1kg</div>
	    <div class="special-offer">	    	
	    	
	    </div> 
	    <div class="availability">Temporarily unavailable</div>
	    <div class="purchase">
		
			<input type="number" title="Add Quantity for Coles Deli RSPCA Approved Chicken Drumsticks 4 Pieces approx. 550g" name="quantity" id="catEntry_93288_qty" value="1" maxlength="2" size="2" class="v-mandatory v-numeric v-minval-1">
	        <button role="button" type="submit" title="Add to trolley&nbsp;Coles Deli RSPCA Approved Chicken Drumsticks 4 Pieces approx. 550g" class="btn-red action-addToTrolley"><span role="presentation" aria-hidden="true">Add to trolley</span></button>
		
		</div>
	</div>
	<div class="lists">
		
	</div>


	    <div class="actions">
	        			
			   <div class="MUItemForTrolleyDiv MUItemForTrolley_162299" data-catentry="162299">
		         <div class="MUul_162299"><div class="MUli_162299 hidden" aria-hidden="true"><span class="inTrolley"><span class="MUSpan_162299">0</span> in trolley</span></div></div>
		       </div>
		        <p class="clear"></p>
			 
			<div class="member-usuals-remove">
				<a href="#" class="action-removeFromUsuals usuals-remove">Remove from list <span class="accessibility">Coles Deli RSPCA Approved Chicken Drumsticks 4 Pieces approx. 550g</span></a>			
			</div>
			
				<div class="list">
					<a href="#" class="action-addToList action-list-add">Add to list <span class="accessibility">Coles Deli RSPCA Approved Chicken Drumsticks 4 Pieces approx. 550g</span></a> 
				</div>
				<div class="member-list-add">
					<a href="#" class="action-addToList action-list-add">Add to another list <span class="accessibility">Coles Deli RSPCA Approved Chicken Drumsticks 4 Pieces approx. 550g</span></a>
				</div>
			
			<div class="member-list-remove">
				 <a href="#" class="action-removeFromList">Remove from list <span class="accessibility">Coles Deli RSPCA Approved Chicken Drumsticks 4 Pieces approx. 550g</span></a> 
			</div>
			
				<div class="compareProd" role="presentation" aria-hidden="true">
					<a href="#" class="compare compare-add">Compare</a>
				</div>
			
				<a href="http://shop.coles.com.au/online/national/chicken-drumsticks-from-the-deli-9604711p" class="product-url accessibility">More details for Coles Deli&nbsp;RSPCA Approved Chicken Drumsticks 4 Pieces</a>
			
		</div>  
      

       	
		    <div role="presentation" aria-hidden="true" id="share" class="share" data-social="{productImgUrl:'http://shop.coles.com.au:27900/wcsstore/Coles-CAS/images/9/6/0/9604711-th.jpg'
	                                               ,productDisplayUrl:'http://shop.coles.com.au/online/national/chicken-drumsticks-from-the-deli-9604711p'
	                                               ,title:'Coles Deli RSPCA Approved Chicken Drumsticks 4 Pieces Indicated price based on approx. weight. Weight may vary between 500g and 600g. '
	                                               ,description:''}">
		 	</div>
 		
	</div>
</div>


	</form>
</div>


<span class="available hidden"></span>


<div class="outer-prod prodtile" data-refresh="{
					catalogId: &quot;10576&quot;,
					doInventory: &quot;N&quot;,
					fulfillmentCenterId: &quot;11576&quot;,
					forStoreId: &quot;10401&quot;,
					
					productDisplayURL: &quot;http://shop.coles.com.au/online/national/coles-finest-sausages-lamb-leek-thyme&quot;				
			}">
	<form id="catEntryForm_66353" name="catEntryForm_66353" action="AjaxOrderChangeServiceItemAdd">
		
<div class=" " data-catentry="catEntry_66353" data-refresh="{
				addCalculationUsage: &quot;-1&quot;,
				langId: &quot;-1&quot;,
				storeId: &quot;10601&quot;, 
				catEntryId: &quot;66353&quot;, 
				catEntryName: &quot;Lamb Sausages with Leek &amp; Thyme&quot;, 
				productView: &quot;list&quot;,
				productId: &quot;66353&quot;,
				itemId: &quot;129830&quot;,
				hideMultibuy: &quot;false&quot;,
                ticketType: &quot;&quot;,
                partNumber: &quot;7346036&quot;,
                offerCode: &quot;20141004&quot;
		}">
   	<div class="wrapper clearfix">   	
		

<h4 class="accessibility" id="heading_66353" tabindex="-1">
		Coles Finest&nbsp;Lamb Sausages with Leek &amp; Thyme&nbsp;
		500g&nbsp;
		 
</h4> 

<div class="offer-icon"></div>
<a role="presentation" aria-hidden="true" class="product-url" href="http://shop.coles.com.au/online/national/coles-finest-sausages-lamb-leek-thyme">
	    <img role="presentation" aria-hidden="true" class="photo" src="/wcsstore/Coles-CAS/images/7/3/4/7346036-th.jpg" onerror="this.src='/wcsstore/ColesStorefrontAssetStore/dist/e0a775baf05f/images/spacer.gif'" alt="Lamb Sausages with Leek &amp; Thyme" width="110" height="110">
	</a>

<div class="detail">	
    <span role="presentation" aria-hidden="true" class="brand">Coles Finest</span>
    <span class="item" role="presentation" aria-hidden="true">
        <a role="presentation" aria-hidden="true" class="product-url" href="http://shop.coles.com.au/online/national/coles-finest-sausages-lamb-leek-thyme">
        	Lamb Sausages with Leek &amp; Thyme&nbsp;
        	500g
        </a>
    </span>
	<span class="size">
			
 	</span>
</div>


	<div class="purchasing">	    
	    <div class="saving">
	    	
	    </div>
	   	
	    		<div class="price"><span class="accessibility">Purchase price </span><small>$</small>8.00</div>
	    	
	    <div class="unit-price"><span class="accessibility">Unit price </span>$16.00 per 1Kg</div>
	    <div class="special-offer">	    	
	    	
	    </div> 
	    <div class="availability">Temporarily unavailable</div>
	    <div class="purchase">
		
			<input type="number" title="Add Quantity for Coles Finest Lamb Sausages with Leek &amp; Thyme 500g" name="quantity" id="catEntry_66353_qty" value="1" maxlength="2" size="2" class="v-mandatory v-numeric v-minval-1">
	        <button role="button" type="submit" title="Add to trolley&nbsp;Coles Finest Lamb Sausages with Leek &amp; Thyme 500g" class="btn-red action-addToTrolley"><span role="presentation" aria-hidden="true">Add to trolley</span></button>
		
		</div>
	</div>
	<div class="lists">
		
	</div>


	    <div class="actions">
	        			
			   <div class="MUItemForTrolleyDiv MUItemForTrolley_129830" data-catentry="129830">
		         <div class="MUul_129830"><div class="MUli_129830 hidden" aria-hidden="true"><span class="inTrolley"><span class="MUSpan_129830">0</span> in trolley</span></div></div>
		       </div>
		        <p class="clear"></p>
			 
			<div class="member-usuals-remove">
				<a href="#" class="action-removeFromUsuals usuals-remove">Remove from list <span class="accessibility">Coles Finest Lamb Sausages with Leek &amp; Thyme 500g</span></a>			
			</div>
			
				<div class="list">
					<a href="#" class="action-addToList action-list-add">Add to list <span class="accessibility">Coles Finest Lamb Sausages with Leek &amp; Thyme 500g</span></a> 
				</div>
				<div class="member-list-add">
					<a href="#" class="action-addToList action-list-add">Add to another list <span class="accessibility">Coles Finest Lamb Sausages with Leek &amp; Thyme 500g</span></a>
				</div>
			
			<div class="member-list-remove">
				 <a href="#" class="action-removeFromList">Remove from list <span class="accessibility">Coles Finest Lamb Sausages with Leek &amp; Thyme 500g</span></a> 
			</div>
			
				<div class="compareProd" role="presentation" aria-hidden="true">
					<a href="#" class="compare compare-add">Compare</a>
				</div>
			
				<a href="http://shop.coles.com.au/online/national/coles-finest-sausages-lamb-leek-thyme" class="product-url accessibility">More details for Coles Finest&nbsp;Lamb Sausages with Leek &amp; Thyme</a>
			
		</div>  
      

       	
		    <div role="presentation" aria-hidden="true" id="share" class="share" data-social="{productImgUrl:'http://shop.coles.com.au:27900/wcsstore/Coles-CAS/images/7/3/4/7346036-th.jpg'
	                                               ,productDisplayUrl:'http://shop.coles.com.au/online/national/coles-finest-sausages-lamb-leek-thyme'
	                                               ,title:'Coles Finest Lamb Sausages with Leek &amp; Thyme  '
	                                               ,description:'coarsely ground lamb with leeks and thyme. A classic combination. this is a gluten free product.'}">
		 	</div>
 		
	</div>
</div>


	</form>
</div>


<span class="available hidden"></span>


<div class="outer-prod prodtile" data-refresh="{
					catalogId: &quot;10576&quot;,
					doInventory: &quot;N&quot;,
					fulfillmentCenterId: &quot;11576&quot;,
					forStoreId: &quot;10401&quot;,
					
					productDisplayURL: &quot;http://shop.coles.com.au/online/national/cordina-chicken-necks&quot;				
			}">
	<form id="catEntryForm_260038" name="catEntryForm_260038" action="AjaxOrderChangeServiceItemAdd">
		
<div class=" " data-catentry="catEntry_260038" data-refresh="{
				addCalculationUsage: &quot;-1&quot;,
				langId: &quot;-1&quot;,
				storeId: &quot;10601&quot;, 
				catEntryId: &quot;260038&quot;, 
				catEntryName: &quot;Chicken Necks&quot;, 
				productView: &quot;&quot;,
				productId: &quot;260038&quot;,
				itemId: &quot;260062&quot;,
				hideMultibuy: &quot;false&quot;,
                ticketType: &quot;&quot;,
                partNumber: &quot;1586580&quot;,
                offerCode: &quot;20140331&quot;
		}">
   	<div class="wrapper clearfix">   	
		

<h4 class="accessibility" id="heading_260038" tabindex="-1">
		Cordina&nbsp;Chicken Necks&nbsp;
		approx. 550g&nbsp;
		 
</h4> 

<div class="offer-icon"></div>
<a role="presentation" aria-hidden="true" class="product-url" href="http://shop.coles.com.au/online/national/cordina-chicken-necks">
	    <img role="presentation" aria-hidden="true" class="photo" src="/wcsstore/Coles-CAS/images/1/5/8/1586580-th.jpg" onerror="this.src='/wcsstore/ColesStorefrontAssetStore/dist/e0a775baf05f/images/spacer.gif'" alt="Chicken Necks" width="110" height="110">
	</a>

<div class="detail">	
    <span role="presentation" aria-hidden="true" class="brand">Cordina</span>
    <span class="item" role="presentation" aria-hidden="true">
        <a role="presentation" aria-hidden="true" class="product-url" href="http://shop.coles.com.au/online/national/cordina-chicken-necks">
        	Chicken Necks&nbsp;
        	approx. 550g
        </a>
    </span>
	<span class="size">
		Indicated price based on approx. weight. Weight may vary between 500g and 600g.	
 	</span>
</div>


	<div class="purchasing">	    
	    <div class="saving">
	    	
	    </div>
	   	
	    		<div class="price"><span class="accessibility">Purchase price </span><small>$</small>2.48</div>
	    	
	    <div class="unit-price"><span class="accessibility">Unit price </span>$4.50 per 1Kg</div>
	    <div class="special-offer">	    	
	    	
	    </div> 
	    <div class="availability">Temporarily unavailable</div>
	    <div class="purchase">
		
			<input type="number" title="Add Quantity for Cordina Chicken Necks approx. 550g" name="quantity" id="catEntry_260038_qty" value="1" maxlength="2" size="2" class="v-mandatory v-numeric v-minval-1">
	        <button role="button" type="submit" title="Add to trolley&nbsp;Cordina Chicken Necks approx. 550g" class="btn-red action-addToTrolley"><span role="presentation" aria-hidden="true">Add to trolley</span></button>
		
		</div>
	</div>
	<div class="lists">
		
	</div>


	    <div class="actions">
	        			
			   <div class="MUItemForTrolleyDiv MUItemForTrolley_260062" data-catentry="260062">
		         <div class="MUul_260062"><div class="MUli_260062 hidden" aria-hidden="true"><span class="inTrolley"><span class="MUSpan_260062">0</span> in trolley</span></div></div>
		       </div>
		        <p class="clear"></p>
			 
			<div class="member-usuals-remove">
				<a href="#" class="action-removeFromUsuals usuals-remove">Remove from list <span class="accessibility">Cordina Chicken Necks approx. 550g</span></a>			
			</div>
			
				<div class="list">
					<a href="#" class="action-addToList action-list-add">Add to list <span class="accessibility">Cordina Chicken Necks approx. 550g</span></a> 
				</div>
				<div class="member-list-add">
					<a href="#" class="action-addToList action-list-add">Add to another list <span class="accessibility">Cordina Chicken Necks approx. 550g</span></a>
				</div>
			
			<div class="member-list-remove">
				 <a href="#" class="action-removeFromList">Remove from list <span class="accessibility">Cordina Chicken Necks approx. 550g</span></a> 
			</div>
			
				<div class="compareProd" role="presentation" aria-hidden="true">
					<a href="#" class="compare compare-add">Compare</a>
				</div>
			
		</div>  
      

       	
		    <div role="presentation" aria-hidden="true" id="share" class="share" data-social="{productImgUrl:'http://shop.coles.com.au:27900/wcsstore/Coles-CAS/images/1/5/8/1586580-th.jpg'
	                                               ,productDisplayUrl:'http://shop.coles.com.au/online/national/cordina-chicken-necks'
	                                               ,title:'Cordina Chicken Necks Indicated price based on approx. weight. Weight may vary between 500g and 600g.'
	                                               ,description:''}">
		 	</div>
 		
	</div>
</div>


	</form>
</div>


<span class="available hidden"></span>


<div class="outer-prod prodtile" data-refresh="{
					catalogId: &quot;10576&quot;,
					doInventory: &quot;N&quot;,
					fulfillmentCenterId: &quot;11576&quot;,
					forStoreId: &quot;10401&quot;,
					
					productDisplayURL: &quot;http://shop.coles.com.au/online/national/kraft-dip-french-onion&quot;				
			}">
	<form id="catEntryForm_95453" name="catEntryForm_95453" action="AjaxOrderChangeServiceItemAdd">
		
<div class=" " data-catentry="catEntry_95453" data-refresh="{
				addCalculationUsage: &quot;-1&quot;,
				langId: &quot;-1&quot;,
				storeId: &quot;10601&quot;, 
				catEntryId: &quot;95453&quot;, 
				catEntryName: &quot;French Onion Dip&quot;, 
				productView: &quot;list&quot;,
				productId: &quot;95453&quot;,
				itemId: &quot;156288&quot;,
				hideMultibuy: &quot;false&quot;,
                ticketType: &quot;&quot;,
                partNumber: &quot;9894826&quot;,
                offerCode: &quot;20150107&quot;
		}">
   	<div class="wrapper clearfix">   	
		

<h4 class="accessibility" id="heading_95453" tabindex="-1">
		Kraft&nbsp;French Onion Dip&nbsp;
		185g&nbsp;
		 
</h4> 

<div class="offer-icon"></div>
<a role="presentation" aria-hidden="true" class="product-url" href="http://shop.coles.com.au/online/national/kraft-dip-french-onion">
	    <img role="presentation" aria-hidden="true" class="photo" src="/wcsstore/Coles-CAS/images/9/8/9/9894826-th.jpg" onerror="this.src='/wcsstore/ColesStorefrontAssetStore/dist/e0a775baf05f/images/spacer.gif'" alt="French Onion Dip" width="110" height="110">
	</a>

<div class="detail">	
    <span role="presentation" aria-hidden="true" class="brand">Kraft</span>
    <span class="item" role="presentation" aria-hidden="true">
        <a role="presentation" aria-hidden="true" class="product-url" href="http://shop.coles.com.au/online/national/kraft-dip-french-onion">
        	French Onion Dip&nbsp;
        	185g
        </a>
    </span>
	<span class="size">
			
 	</span>
</div>


	<div class="purchasing">	    
	    <div class="saving">
	    	
	    </div>
	   	
	    		<div class="price"><span class="accessibility">Purchase price </span><small>$</small>2.75</div>
	    	
	    <div class="unit-price"><span class="accessibility">Unit price </span>$1.49 per 100G</div>
	    <div class="special-offer">	    	
	    	
	    </div> 
	    <div class="availability">Temporarily unavailable</div>
	    <div class="purchase">
		
			<input type="number" title="Add Quantity for Kraft French Onion Dip 185g" name="quantity" id="catEntry_95453_qty" value="1" maxlength="2" size="2" class="v-mandatory v-numeric v-minval-1">
	        <button role="button" type="submit" title="Add to trolley&nbsp;Kraft French Onion Dip 185g" class="btn-red action-addToTrolley"><span role="presentation" aria-hidden="true">Add to trolley</span></button>
		
		</div>
	</div>
	<div class="lists">
		
	</div>


	    <div class="actions">
	        			
			   <div class="MUItemForTrolleyDiv MUItemForTrolley_156288" data-catentry="156288">
		         <div class="MUul_156288"><div class="MUli_156288 hidden" aria-hidden="true"><span class="inTrolley"><span class="MUSpan_156288">0</span> in trolley</span></div></div>
		       </div>
		        <p class="clear"></p>
			 
			<div class="member-usuals-remove">
				<a href="#" class="action-removeFromUsuals usuals-remove">Remove from list <span class="accessibility">Kraft French Onion Dip 185g</span></a>			
			</div>
			
				<div class="list">
					<a href="#" class="action-addToList action-list-add">Add to list <span class="accessibility">Kraft French Onion Dip 185g</span></a> 
				</div>
				<div class="member-list-add">
					<a href="#" class="action-addToList action-list-add">Add to another list <span class="accessibility">Kraft French Onion Dip 185g</span></a>
				</div>
			
			<div class="member-list-remove">
				 <a href="#" class="action-removeFromList">Remove from list <span class="accessibility">Kraft French Onion Dip 185g</span></a> 
			</div>
			
				<div class="compareProd" role="presentation" aria-hidden="true">
					<a href="#" class="compare compare-add">Compare</a>
				</div>
			
				<a href="http://shop.coles.com.au/online/national/kraft-dip-french-onion" class="product-url accessibility">More details for Kraft&nbsp;French Onion Dip</a>
			
		</div>  
      

       	
		    <div role="presentation" aria-hidden="true" id="share" class="share" data-social="{productImgUrl:'http://shop.coles.com.au:27900/wcsstore/Coles-CAS/images/9/8/9/9894826-th.jpg'
	                                               ,productDisplayUrl:'http://shop.coles.com.au/online/national/kraft-dip-french-onion'
	                                               ,title:'Kraft French Onion Dip '
	                                               ,description:''}">
		 	</div>
 		
	</div>
</div>


	</form>
</div>


<span class="available hidden"></span>


<div class="outer-prod prodtile" data-refresh="{
					catalogId: &quot;10576&quot;,
					doInventory: &quot;N&quot;,
					fulfillmentCenterId: &quot;11576&quot;,
					forStoreId: &quot;10401&quot;,
					
					productDisplayURL: &quot;http://shop.coles.com.au/online/national/lilydale-chicken-mince&quot;				
			}">
	<form id="catEntryForm_12895" name="catEntryForm_12895" action="AjaxOrderChangeServiceItemAdd">
		
<div class=" " data-catentry="catEntry_12895" data-refresh="{
				addCalculationUsage: &quot;-1&quot;,
				langId: &quot;-1&quot;,
				storeId: &quot;10601&quot;, 
				catEntryId: &quot;12895&quot;, 
				catEntryName: &quot;Free Range Chicken Mince&quot;, 
				productView: &quot;billboard&quot;,
				productId: &quot;12895&quot;,
				itemId: &quot;37267&quot;,
				hideMultibuy: &quot;false&quot;,
                ticketType: &quot;&quot;,
                partNumber: &quot;7585263&quot;,
                offerCode: &quot;20120321&quot;
		}">
   	<div class="wrapper clearfix">   	
		

<h4 class="accessibility" id="heading_12895" tabindex="-1">
		Lilydale&nbsp;Free Range Chicken Mince&nbsp;
		500g&nbsp;
		 
</h4> 

<div class="offer-icon"></div>
<a role="presentation" aria-hidden="true" class="product-url" href="http://shop.coles.com.au/online/national/lilydale-chicken-mince">
	    <img role="presentation" aria-hidden="true" class="photo" src="/wcsstore/Coles-CAS/images/7/5/8/7585263-th.jpg" onerror="this.src='/wcsstore/ColesStorefrontAssetStore/dist/e0a775baf05f/images/spacer.gif'" alt="Free Range Chicken Mince" width="110" height="110">
	</a>

<div class="detail">	
    <span role="presentation" aria-hidden="true" class="brand">Lilydale</span>
    <span class="item" role="presentation" aria-hidden="true">
        <a role="presentation" aria-hidden="true" class="product-url" href="http://shop.coles.com.au/online/national/lilydale-chicken-mince">
        	Free Range Chicken Mince&nbsp;
        	500g
        </a>
    </span>
	<span class="size">
			
 	</span>
</div>


	<div class="purchasing">	    
	    <div class="saving">
	    	
	    </div>
	   	
	    		<div class="price"><span class="accessibility">Purchase price </span><small>$</small>9.50</div>
	    	
	    <div class="unit-price"><span class="accessibility">Unit price </span>$19.00 per 1Kg</div>
	    <div class="special-offer">	    	
	    	
	    </div> 
	    <div class="availability">Temporarily unavailable</div>
	    <div class="purchase">
		
			<input type="number" title="Add Quantity for Lilydale Free Range Chicken Mince 500g" name="quantity" id="catEntry_12895_qty" value="1" maxlength="2" size="2" class="v-mandatory v-numeric v-minval-1">
	        <button role="button" type="submit" title="Add to trolley&nbsp;Lilydale Free Range Chicken Mince 500g" class="btn-red action-addToTrolley"><span role="presentation" aria-hidden="true">Add to trolley</span></button>
		
		</div>
	</div>
	<div class="lists">
		
	</div>


	    <div class="actions">
	        			
			   <div class="MUItemForTrolleyDiv MUItemForTrolley_37267" data-catentry="37267">
		         <div class="MUul_37267"><div class="MUli_37267 hidden" aria-hidden="true"><span class="inTrolley"><span class="MUSpan_37267">0</span> in trolley</span></div></div>
		       </div>
		        <p class="clear"></p>
			 
			<div class="member-usuals-remove">
				<a href="#" class="action-removeFromUsuals usuals-remove">Remove from list <span class="accessibility">Lilydale Free Range Chicken Mince 500g</span></a>			
			</div>
			
				<div class="list">
					<a href="#" class="action-addToList action-list-add">Add to list <span class="accessibility">Lilydale Free Range Chicken Mince 500g</span></a> 
				</div>
				<div class="member-list-add">
					<a href="#" class="action-addToList action-list-add">Add to another list <span class="accessibility">Lilydale Free Range Chicken Mince 500g</span></a>
				</div>
			
			<div class="member-list-remove">
				 <a href="#" class="action-removeFromList">Remove from list <span class="accessibility">Lilydale Free Range Chicken Mince 500g</span></a> 
			</div>
			
				<div class="compareProd" role="presentation" aria-hidden="true">
					<a href="#" class="compare compare-add">Compare</a>
				</div>
			
				<a href="http://shop.coles.com.au/online/national/lilydale-chicken-mince" class="product-url accessibility">More details for Lilydale&nbsp;Free Range Chicken Mince</a>
			
		</div>  
      

       	
		    <div role="presentation" aria-hidden="true" id="share" class="share" data-social="{productImgUrl:'http://shop.coles.com.au:27900/wcsstore/Coles-CAS/images/7/5/8/7585263-th.jpg'
	                                               ,productDisplayUrl:'http://shop.coles.com.au/online/national/lilydale-chicken-mince'
	                                               ,title:'Lilydale Free Range Chicken Mince '
	                                               ,description:''}">
		 	</div>
 		
	</div>
</div>


	</form>
</div>


<span class="available hidden"></span>


<div class="outer-prod prodtile" data-refresh="{
					catalogId: &quot;10576&quot;,
					doInventory: &quot;N&quot;,
					fulfillmentCenterId: &quot;11576&quot;,
					forStoreId: &quot;10401&quot;,
					
					productDisplayURL: &quot;http://shop.coles.com.au/online/national/primo-bacon-middle-free-range&quot;				
			}">
	<form id="catEntryForm_247502" name="catEntryForm_247502" action="AjaxOrderChangeServiceItemAdd">
		
<div class=" " data-catentry="catEntry_247502" data-refresh="{
				addCalculationUsage: &quot;-1&quot;,
				langId: &quot;-1&quot;,
				storeId: &quot;10601&quot;, 
				catEntryId: &quot;247502&quot;, 
				catEntryName: &quot;Free Range Middle Bacon&quot;, 
				productView: &quot;list&quot;,
				productId: &quot;247502&quot;,
				itemId: &quot;247611&quot;,
				hideMultibuy: &quot;false&quot;,
                ticketType: &quot;&quot;,
                partNumber: &quot;1499410&quot;,
                offerCode: &quot;20141217&quot;
		}">
   	<div class="wrapper clearfix">   	
		

<h4 class="accessibility" id="heading_247502" tabindex="-1">
		Primo&nbsp;Free Range Middle Bacon&nbsp;
		200g&nbsp;
		 
</h4> 

<div class="offer-icon"></div>
<a role="presentation" aria-hidden="true" class="product-url" href="http://shop.coles.com.au/online/national/primo-bacon-middle-free-range">
	    <img role="presentation" aria-hidden="true" class="photo" src="/wcsstore/Coles-CAS/images/1/4/9/1499410-th.jpg" onerror="this.src='/wcsstore/ColesStorefrontAssetStore/dist/e0a775baf05f/images/spacer.gif'" alt="Free Range Middle Bacon" width="110" height="110">
	</a>

<div class="detail">	
    <span role="presentation" aria-hidden="true" class="brand">Primo</span>
    <span class="item" role="presentation" aria-hidden="true">
        <a role="presentation" aria-hidden="true" class="product-url" href="http://shop.coles.com.au/online/national/primo-bacon-middle-free-range">
        	Free Range Middle Bacon&nbsp;
        	200g
        </a>
    </span>
	<span class="size">
			
 	</span>
</div>


	<div class="purchasing">	    
	    <div class="saving">
	    	
	    </div>
	   	
	    		<div class="price"><span class="accessibility">Purchase price </span><small>$</small>5.43</div>
	    	
	    <div class="unit-price"><span class="accessibility">Unit price </span>$27.15 per 1Kg</div>
	    <div class="special-offer">	    	
	    	
	    </div> 
	    <div class="availability">Temporarily unavailable</div>
	    <div class="purchase">
		
			<input type="number" title="Add Quantity for Primo Free Range Middle Bacon 200g" name="quantity" id="catEntry_247502_qty" value="1" maxlength="2" size="2" class="v-mandatory v-numeric v-minval-1">
	        <button role="button" type="submit" title="Add to trolley&nbsp;Primo Free Range Middle Bacon 200g" class="btn-red action-addToTrolley"><span role="presentation" aria-hidden="true">Add to trolley</span></button>
		
		</div>
	</div>
	<div class="lists">
		
	</div>


	    <div class="actions">
	        			
			   <div class="MUItemForTrolleyDiv MUItemForTrolley_247611" data-catentry="247611">
		         <div class="MUul_247611"><div class="MUli_247611 hidden" aria-hidden="true"><span class="inTrolley"><span class="MUSpan_247611">0</span> in trolley</span></div></div>
		       </div>
		        <p class="clear"></p>
			 
			<div class="member-usuals-remove">
				<a href="#" class="action-removeFromUsuals usuals-remove">Remove from list <span class="accessibility">Primo Free Range Middle Bacon 200g</span></a>			
			</div>
			
				<div class="list">
					<a href="#" class="action-addToList action-list-add">Add to list <span class="accessibility">Primo Free Range Middle Bacon 200g</span></a> 
				</div>
				<div class="member-list-add">
					<a href="#" class="action-addToList action-list-add">Add to another list <span class="accessibility">Primo Free Range Middle Bacon 200g</span></a>
				</div>
			
			<div class="member-list-remove">
				 <a href="#" class="action-removeFromList">Remove from list <span class="accessibility">Primo Free Range Middle Bacon 200g</span></a> 
			</div>
			
				<div class="compareProd" role="presentation" aria-hidden="true">
					<a href="#" class="compare compare-add">Compare</a>
				</div>
			
				<a href="http://shop.coles.com.au/online/national/primo-bacon-middle-free-range" class="product-url accessibility">More details for Primo&nbsp;Free Range Middle Bacon</a>
			
		</div>  
      

       	
		    <div role="presentation" aria-hidden="true" id="share" class="share" data-social="{productImgUrl:'http://shop.coles.com.au:27900/wcsstore/Coles-CAS/images/1/4/9/1499410-th.jpg'
	                                               ,productDisplayUrl:'http://shop.coles.com.au/online/national/primo-bacon-middle-free-range'
	                                               ,title:'Primo Free Range Middle Bacon '
	                                               ,description:''}">
		 	</div>
 		
	</div>
</div>


	</form>
</div>


<span class="available hidden"></span>


<div class="outer-prod prodtile" data-refresh="{
					catalogId: &quot;10576&quot;,
					doInventory: &quot;N&quot;,
					fulfillmentCenterId: &quot;11576&quot;,
					forStoreId: &quot;10401&quot;,
					
					productDisplayURL: &quot;http://shop.coles.com.au/online/national/coles-rspca-chicken-drumsticks&quot;				
			}">
	<form id="catEntryForm_13626" name="catEntryForm_13626" action="AjaxOrderChangeServiceItemAdd">
		
<div class=" " data-catentry="catEntry_13626" data-refresh="{
				addCalculationUsage: &quot;-1&quot;,
				langId: &quot;-1&quot;,
				storeId: &quot;10601&quot;, 
				catEntryId: &quot;13626&quot;, 
				catEntryName: &quot;RSPCA Approved Chicken Drumsticks 4 Pieces&quot;, 
				productView: &quot;list&quot;,
				productId: &quot;13626&quot;,
				itemId: &quot;36060&quot;,
				hideMultibuy: &quot;false&quot;,
                ticketType: &quot;&quot;,
                partNumber: &quot;8105046&quot;,
                offerCode: &quot;20150128&quot;
		}">
   	<div class="wrapper clearfix">   	
		

<h4 class="accessibility" id="heading_13626" tabindex="-1">
		Coles&nbsp;RSPCA Approved Chicken Drumsticks 4 Pieces&nbsp;
		approx. 600g&nbsp;
		 
</h4> 

<div class="offer-icon"></div>
<a role="presentation" aria-hidden="true" class="product-url" href="http://shop.coles.com.au/online/national/coles-rspca-chicken-drumsticks">
	    <img role="presentation" aria-hidden="true" class="photo" src="/wcsstore/Coles-CAS/images/8/1/0/8105046-th.jpg" onerror="this.src='/wcsstore/ColesStorefrontAssetStore/dist/e0a775baf05f/images/spacer.gif'" alt="RSPCA Approved Chicken Drumsticks 4 Pieces" width="110" height="110">
	</a>

<div class="detail">	
    <span role="presentation" aria-hidden="true" class="brand">Coles</span>
    <span class="item" role="presentation" aria-hidden="true">
        <a role="presentation" aria-hidden="true" class="product-url" href="http://shop.coles.com.au/online/national/coles-rspca-chicken-drumsticks">
        	RSPCA Approved Chicken Drumsticks 4 Pieces&nbsp;
        	approx. 600g
        </a>
    </span>
	<span class="size">
		Indicated price based on approx. weight. Weight may vary between 550g and 650g.	
 	</span>
</div>


	<div class="purchasing">	    
	    <div class="saving">
	    	
	    </div>
	   	
	    		<div class="price"><span class="accessibility">Purchase price </span><small>$</small>3.78</div>
	    	
	    <div class="unit-price"><span class="accessibility">Unit price </span>$6.30 per 1Kg</div>
	    <div class="special-offer">	    	
	    	
	    </div> 
	    <div class="availability">Temporarily unavailable</div>
	    <div class="purchase">
		
			<input type="number" title="Add Quantity for Coles RSPCA Approved Chicken Drumsticks 4 Pieces approx. 600g" name="quantity" id="catEntry_13626_qty" value="1" maxlength="2" size="2" class="v-mandatory v-numeric v-minval-1">
	        <button role="button" type="submit" title="Add to trolley&nbsp;Coles RSPCA Approved Chicken Drumsticks 4 Pieces approx. 600g" class="btn-red action-addToTrolley"><span role="presentation" aria-hidden="true">Add to trolley</span></button>
		
		</div>
	</div>
	<div class="lists">
		
	</div>


	    <div class="actions">
	        			
			   <div class="MUItemForTrolleyDiv MUItemForTrolley_36060" data-catentry="36060">
		         <div class="MUul_36060"><div class="MUli_36060 hidden" aria-hidden="true"><span class="inTrolley"><span class="MUSpan_36060">0</span> in trolley</span></div></div>
		       </div>
		        <p class="clear"></p>
			 
			<div class="member-usuals-remove">
				<a href="#" class="action-removeFromUsuals usuals-remove">Remove from list <span class="accessibility">Coles RSPCA Approved Chicken Drumsticks 4 Pieces approx. 600g</span></a>			
			</div>
			
				<div class="list">
					<a href="#" class="action-addToList action-list-add">Add to list <span class="accessibility">Coles RSPCA Approved Chicken Drumsticks 4 Pieces approx. 600g</span></a> 
				</div>
				<div class="member-list-add">
					<a href="#" class="action-addToList action-list-add">Add to another list <span class="accessibility">Coles RSPCA Approved Chicken Drumsticks 4 Pieces approx. 600g</span></a>
				</div>
			
			<div class="member-list-remove">
				 <a href="#" class="action-removeFromList">Remove from list <span class="accessibility">Coles RSPCA Approved Chicken Drumsticks 4 Pieces approx. 600g</span></a> 
			</div>
			
				<div class="compareProd" role="presentation" aria-hidden="true">
					<a href="#" class="compare compare-add">Compare</a>
				</div>
			
				<a href="http://shop.coles.com.au/online/national/coles-rspca-chicken-drumsticks" class="product-url accessibility">More details for Coles&nbsp;RSPCA Approved Chicken Drumsticks 4 Pieces</a>
			
		</div>  
      

       	
		    <div role="presentation" aria-hidden="true" id="share" class="share" data-social="{productImgUrl:'http://shop.coles.com.au:27900/wcsstore/Coles-CAS/images/8/1/0/8105046-th.jpg'
	                                               ,productDisplayUrl:'http://shop.coles.com.au/online/national/coles-rspca-chicken-drumsticks'
	                                               ,title:'Coles RSPCA Approved Chicken Drumsticks 4 Pieces Indicated price based on approx. weight. Weight may vary between 550g and 650g.'
	                                               ,description:''}">
		 	</div>
 		
	</div>
</div>


	</form>
</div>


<span class="available hidden"></span>


<div class="outer-prod prodtile" data-refresh="{
					catalogId: &quot;10576&quot;,
					doInventory: &quot;N&quot;,
					fulfillmentCenterId: &quot;11576&quot;,
					forStoreId: &quot;10401&quot;,
					
					productDisplayURL: &quot;http://shop.coles.com.au/online/national/coles-rspca-chicken-whole-small&quot;				
			}">
	<form id="catEntryForm_23543" name="catEntryForm_23543" action="AjaxOrderChangeServiceItemAdd">
		
<div class=" " data-catentry="catEntry_23543" data-refresh="{
				addCalculationUsage: &quot;-1&quot;,
				langId: &quot;-1&quot;,
				storeId: &quot;10601&quot;, 
				catEntryId: &quot;23543&quot;, 
				catEntryName: &quot;RSPCA Approved Small Whole Chicken&quot;, 
				productView: &quot;list&quot;,
				productId: &quot;23543&quot;,
				itemId: &quot;43392&quot;,
				hideMultibuy: &quot;false&quot;,
                ticketType: &quot;&quot;,
                partNumber: &quot;1103472&quot;,
                offerCode: &quot;20130323&quot;
		}">
   	<div class="wrapper clearfix">   	
		

<h4 class="accessibility" id="heading_23543" tabindex="-1">
		Coles&nbsp;RSPCA Approved Small Whole Chicken&nbsp;
		approx. 1.3kg&nbsp;
		 
</h4> 

<div class="offer-icon"></div>
<a role="presentation" aria-hidden="true" class="product-url" href="http://shop.coles.com.au/online/national/coles-rspca-chicken-whole-small">
	    <img role="presentation" aria-hidden="true" class="photo" src="/wcsstore/Coles-CAS/images/1/1/0/1103472-th.jpg" onerror="this.src='/wcsstore/ColesStorefrontAssetStore/dist/e0a775baf05f/images/spacer.gif'" alt="RSPCA Approved Small Whole Chicken" width="110" height="110">
	</a>

<div class="detail">	
    <span role="presentation" aria-hidden="true" class="brand">Coles</span>
    <span class="item" role="presentation" aria-hidden="true">
        <a role="presentation" aria-hidden="true" class="product-url" href="http://shop.coles.com.au/online/national/coles-rspca-chicken-whole-small">
        	RSPCA Approved Small Whole Chicken&nbsp;
        	approx. 1.3kg
        </a>
    </span>
	<span class="size">
		Indicated price based on approx. weight. Weight may vary between 1.1kg and 1.5kg.	
 	</span>
</div>


	<div class="purchasing">	    
	    <div class="saving">
	    	
	    </div>
	   	
	    		<div class="price"><span class="accessibility">Purchase price </span><small>$</small>7.02</div>
	    	
	    <div class="unit-price"><span class="accessibility">Unit price </span>$5.40 per 1Kg</div>
	    <div class="special-offer">	    	
	    	
	    </div> 
	    <div class="availability">Temporarily unavailable</div>
	    <div class="purchase">
		
			<input type="number" title="Add Quantity for Coles RSPCA Approved Small Whole Chicken approx. 1.3kg" name="quantity" id="catEntry_23543_qty" value="1" maxlength="2" size="2" class="v-mandatory v-numeric v-minval-1">
	        <button role="button" type="submit" title="Add to trolley&nbsp;Coles RSPCA Approved Small Whole Chicken approx. 1.3kg" class="btn-red action-addToTrolley"><span role="presentation" aria-hidden="true">Add to trolley</span></button>
		
		</div>
	</div>
	<div class="lists">
		
	</div>


	    <div class="actions">
	        			
			   <div class="MUItemForTrolleyDiv MUItemForTrolley_43392" data-catentry="43392">
		         <div class="MUul_43392"><div class="MUli_43392 hidden" aria-hidden="true"><span class="inTrolley"><span class="MUSpan_43392">0</span> in trolley</span></div></div>
		       </div>
		        <p class="clear"></p>
			 
			<div class="member-usuals-remove">
				<a href="#" class="action-removeFromUsuals usuals-remove">Remove from list <span class="accessibility">Coles RSPCA Approved Small Whole Chicken approx. 1.3kg</span></a>			
			</div>
			
				<div class="list">
					<a href="#" class="action-addToList action-list-add">Add to list <span class="accessibility">Coles RSPCA Approved Small Whole Chicken approx. 1.3kg</span></a> 
				</div>
				<div class="member-list-add">
					<a href="#" class="action-addToList action-list-add">Add to another list <span class="accessibility">Coles RSPCA Approved Small Whole Chicken approx. 1.3kg</span></a>
				</div>
			
			<div class="member-list-remove">
				 <a href="#" class="action-removeFromList">Remove from list <span class="accessibility">Coles RSPCA Approved Small Whole Chicken approx. 1.3kg</span></a> 
			</div>
			
				<div class="compareProd" role="presentation" aria-hidden="true">
					<a href="#" class="compare compare-add">Compare</a>
				</div>
			
				<a href="http://shop.coles.com.au/online/national/coles-rspca-chicken-whole-small" class="product-url accessibility">More details for Coles&nbsp;RSPCA Approved Small Whole Chicken</a>
			
		</div>  
      

       	
		    <div role="presentation" aria-hidden="true" id="share" class="share" data-social="{productImgUrl:'http://shop.coles.com.au:27900/wcsstore/Coles-CAS/images/1/1/0/1103472-th.jpg'
	                                               ,productDisplayUrl:'http://shop.coles.com.au/online/national/coles-rspca-chicken-whole-small'
	                                               ,title:'Coles RSPCA Approved Small Whole Chicken Indicated price based on approx. weight. Weight may vary between 1.1kg and 1.5kg.'
	                                               ,description:'&amp;lt;p jQuery172003625875074244389=&amp;#034;323&amp;#034;&amp;gt;Coles is committed to helping Australia grow by providing Aussie families with a range of RSPCA Approved fresh meat options to make delicious meals. The RSPCA Approved Farming Scheme provides higher animal welfare standards for the care of pigs, chickens and turkeys. Animals in these farming systems are housed in an environment that meets their physical and behavioural needs. RSPCA Approved products are marked with an RSPCA Approved Farming Scheme logo.&amp;lt;/p&amp;gt;'}">
		 	</div>
 		
	</div>
</div>


	</form>
</div>


<span class="available hidden"></span>


<div class="outer-prod prodtile" data-refresh="{
					catalogId: &quot;10576&quot;,
					doInventory: &quot;N&quot;,
					fulfillmentCenterId: &quot;11576&quot;,
					forStoreId: &quot;10401&quot;,
					
					productDisplayURL: &quot;http://shop.coles.com.au/online/national/coles-lamb-cutlets-quantity-6546890p&quot;				
			}">
	<form id="catEntryForm_72228" name="catEntryForm_72228" action="AjaxOrderChangeServiceItemAdd">
		
<div class=" " data-catentry="catEntry_72228" data-refresh="{
				addCalculationUsage: &quot;-1&quot;,
				langId: &quot;-1&quot;,
				storeId: &quot;10601&quot;, 
				catEntryId: &quot;72228&quot;, 
				catEntryName: &quot;Lamb Cutlets&quot;, 
				productView: &quot;list&quot;,
				productId: &quot;72228&quot;,
				itemId: &quot;133763&quot;,
				hideMultibuy: &quot;false&quot;,
                ticketType: &quot;&quot;,
                partNumber: &quot;6546890&quot;,
                offerCode: &quot;20150121&quot;
		}">
   	<div class="wrapper clearfix">   	
		

<h4 class="accessibility" id="heading_72228" tabindex="-1">
		Coles&nbsp;Lamb Cutlets&nbsp;
		approx. 800g&nbsp;
		 
</h4> 

<div class="offer-icon"></div>
<a role="presentation" aria-hidden="true" class="product-url" href="http://shop.coles.com.au/online/national/coles-lamb-cutlets-quantity-6546890p">
	    <img role="presentation" aria-hidden="true" class="photo" src="/wcsstore/Coles-CAS/images/6/5/4/6546890-th.jpg" onerror="this.src='/wcsstore/ColesStorefrontAssetStore/dist/e0a775baf05f/images/spacer.gif'" alt="Lamb Cutlets" width="110" height="110">
	</a>

<div class="detail">	
    <span role="presentation" aria-hidden="true" class="brand">Coles</span>
    <span class="item" role="presentation" aria-hidden="true">
        <a role="presentation" aria-hidden="true" class="product-url" href="http://shop.coles.com.au/online/national/coles-lamb-cutlets-quantity-6546890p">
        	Lamb Cutlets&nbsp;
        	approx. 800g
        </a>
    </span>
	<span class="size">
		Indicated price based on approx. weight. Weight may vary between 750g and 850g.	
 	</span>
</div>


	<div class="purchasing">	    
	    <div class="saving">
	    	
	    </div>
	   	
	    		<div class="price"><span class="accessibility">Purchase price </span><small>$</small>27.20</div>
	    	
	    <div class="unit-price"><span class="accessibility">Unit price </span>$34.00 per 1Kg</div>
	    <div class="special-offer">	    	
	    	
	    </div> 
	    <div class="availability">Temporarily unavailable</div>
	    <div class="purchase">
		
			<input type="number" title="Add Quantity for Coles Lamb Cutlets approx. 800g" name="quantity" id="catEntry_72228_qty" value="1" maxlength="2" size="2" class="v-mandatory v-numeric v-minval-1">
	        <button role="button" type="submit" title="Add to trolley&nbsp;Coles Lamb Cutlets approx. 800g" class="btn-red action-addToTrolley"><span role="presentation" aria-hidden="true">Add to trolley</span></button>
		
		</div>
	</div>
	<div class="lists">
		
	</div>


	    <div class="actions">
	        			
			   <div class="MUItemForTrolleyDiv MUItemForTrolley_133763" data-catentry="133763">
		         <div class="MUul_133763"><div class="MUli_133763 hidden" aria-hidden="true"><span class="inTrolley"><span class="MUSpan_133763">0</span> in trolley</span></div></div>
		       </div>
		        <p class="clear"></p>
			 
			<div class="member-usuals-remove">
				<a href="#" class="action-removeFromUsuals usuals-remove">Remove from list <span class="accessibility">Coles Lamb Cutlets approx. 800g</span></a>			
			</div>
			
				<div class="list">
					<a href="#" class="action-addToList action-list-add">Add to list <span class="accessibility">Coles Lamb Cutlets approx. 800g</span></a> 
				</div>
				<div class="member-list-add">
					<a href="#" class="action-addToList action-list-add">Add to another list <span class="accessibility">Coles Lamb Cutlets approx. 800g</span></a>
				</div>
			
			<div class="member-list-remove">
				 <a href="#" class="action-removeFromList">Remove from list <span class="accessibility">Coles Lamb Cutlets approx. 800g</span></a> 
			</div>
			
				<div class="compareProd" role="presentation" aria-hidden="true">
					<a href="#" class="compare compare-add">Compare</a>
				</div>
			
				<a href="http://shop.coles.com.au/online/national/coles-lamb-cutlets-quantity-6546890p" class="product-url accessibility">More details for Coles&nbsp;Lamb Cutlets</a>
			
		</div>  
      

       	
		    <div role="presentation" aria-hidden="true" id="share" class="share" data-social="{productImgUrl:'http://shop.coles.com.au:27900/wcsstore/Coles-CAS/images/6/5/4/6546890-th.jpg'
	                                               ,productDisplayUrl:'http://shop.coles.com.au/online/national/coles-lamb-cutlets-quantity-6546890p'
	                                               ,title:'Coles Lamb Cutlets Indicated price based on approx. weight. Weight may vary between 750g and 850g.'
	                                               ,description:''}">
		 	</div>
 		
	</div>
</div>


	</form>
</div>


<span class="available hidden"></span>


<div class="outer-prod prodtile" data-refresh="{
					catalogId: &quot;10576&quot;,
					doInventory: &quot;N&quot;,
					fulfillmentCenterId: &quot;11576&quot;,
					forStoreId: &quot;10401&quot;,
					
					productDisplayURL: &quot;http://shop.coles.com.au/online/national/coles-dip-tzatziki&quot;				
			}">
	<form id="catEntryForm_75128" name="catEntryForm_75128" action="AjaxOrderChangeServiceItemAdd">
		
<div class=" " data-catentry="catEntry_75128" data-refresh="{
				addCalculationUsage: &quot;-1&quot;,
				langId: &quot;-1&quot;,
				storeId: &quot;10601&quot;, 
				catEntryId: &quot;75128&quot;, 
				catEntryName: &quot;Tzatziki Dip&quot;, 
				productView: &quot;grid&quot;,
				productId: &quot;75128&quot;,
				itemId: &quot;140215&quot;,
				hideMultibuy: &quot;false&quot;,
                ticketType: &quot;&quot;,
                partNumber: &quot;6007487&quot;,
                offerCode: &quot;20140430&quot;
		}">
   	<div class="wrapper clearfix">   	
		

<h4 class="accessibility" id="heading_75128" tabindex="-1">
		Coles&nbsp;Tzatziki Dip&nbsp;
		200g&nbsp;
		 
</h4> 

<div class="offer-icon"></div>
<a role="presentation" aria-hidden="true" class="product-url" href="http://shop.coles.com.au/online/national/coles-dip-tzatziki">
	    <img role="presentation" aria-hidden="true" class="photo" src="/wcsstore/Coles-CAS/images/6/0/0/6007487-th.jpg" onerror="this.src='/wcsstore/ColesStorefrontAssetStore/dist/e0a775baf05f/images/spacer.gif'" alt="Tzatziki Dip" width="110" height="110">
	</a>

<div class="detail">	
    <span role="presentation" aria-hidden="true" class="brand">Coles</span>
    <span class="item" role="presentation" aria-hidden="true">
        <a role="presentation" aria-hidden="true" class="product-url" href="http://shop.coles.com.au/online/national/coles-dip-tzatziki">
        	Tzatziki Dip&nbsp;
        	200g
        </a>
    </span>
	<span class="size">
		97% Fat Free.	
 	</span>
</div>


	<div class="purchasing">	    
	    <div class="saving">
	    	
	    </div>
	   	
	    		<div class="price"><span class="accessibility">Purchase price </span><small>$</small>2.86</div>
	    	
	    <div class="unit-price"><span class="accessibility">Unit price </span>$1.43 per 100G</div>
	    <div class="special-offer">	    	
	    	
	    </div> 
	    <div class="availability">Temporarily unavailable</div>
	    <div class="purchase">
		
			<input type="number" title="Add Quantity for Coles Tzatziki Dip 200g" name="quantity" id="catEntry_75128_qty" value="1" maxlength="2" size="2" class="v-mandatory v-numeric v-minval-1">
	        <button role="button" type="submit" title="Add to trolley&nbsp;Coles Tzatziki Dip 200g" class="btn-red action-addToTrolley"><span role="presentation" aria-hidden="true">Add to trolley</span></button>
		
		</div>
	</div>
	<div class="lists">
		
	</div>


	    <div class="actions">
	        			
			   <div class="MUItemForTrolleyDiv MUItemForTrolley_140215" data-catentry="140215">
		         <div class="MUul_140215"><div class="MUli_140215 hidden" aria-hidden="true"><span class="inTrolley"><span class="MUSpan_140215">0</span> in trolley</span></div></div>
		       </div>
		        <p class="clear"></p>
			 
			<div class="member-usuals-remove">
				<a href="#" class="action-removeFromUsuals usuals-remove">Remove from list <span class="accessibility">Coles Tzatziki Dip 200g</span></a>			
			</div>
			
				<div class="list">
					<a href="#" class="action-addToList action-list-add">Add to list <span class="accessibility">Coles Tzatziki Dip 200g</span></a> 
				</div>
				<div class="member-list-add">
					<a href="#" class="action-addToList action-list-add">Add to another list <span class="accessibility">Coles Tzatziki Dip 200g</span></a>
				</div>
			
			<div class="member-list-remove">
				 <a href="#" class="action-removeFromList">Remove from list <span class="accessibility">Coles Tzatziki Dip 200g</span></a> 
			</div>
			
				<div class="compareProd" role="presentation" aria-hidden="true">
					<a href="#" class="compare compare-add">Compare</a>
				</div>
			
		</div>  
      

       	
		    <div role="presentation" aria-hidden="true" id="share" class="share" data-social="{productImgUrl:'http://shop.coles.com.au:27900/wcsstore/Coles-CAS/images/6/0/0/6007487-th.jpg'
	                                               ,productDisplayUrl:'http://shop.coles.com.au/online/national/coles-dip-tzatziki'
	                                               ,title:'Coles Tzatziki Dip 97% Fat Free.'
	                                               ,description:'Traditional blended cucumber, yoghurt and garlic'}">
		 	</div>
 		
	</div>
</div>


	</form>
</div>


<span class="available hidden"></span>


<div class="outer-prod prodtile" data-refresh="{
					catalogId: &quot;10576&quot;,
					doInventory: &quot;N&quot;,
					fulfillmentCenterId: &quot;11576&quot;,
					forStoreId: &quot;10401&quot;,
					
					productDisplayURL: &quot;http://shop.coles.com.au/online/national/coles-rspca-approved-chicken-drumsticks-1195288p&quot;				
			}">
	<form id="catEntryForm_173549" name="catEntryForm_173549" action="AjaxOrderChangeServiceItemAdd">
		
<div class=" " data-catentry="catEntry_173549" data-refresh="{
				addCalculationUsage: &quot;-1&quot;,
				langId: &quot;-1&quot;,
				storeId: &quot;10601&quot;, 
				catEntryId: &quot;173549&quot;, 
				catEntryName: &quot;RSPCA Approved Chicken Drumsticks 8 Pieces&quot;, 
				productView: &quot;list&quot;,
				productId: &quot;173549&quot;,
				itemId: &quot;173613&quot;,
				hideMultibuy: &quot;false&quot;,
                ticketType: &quot;&quot;,
                partNumber: &quot;1195288&quot;,
                offerCode: &quot;20150128&quot;
		}">
   	<div class="wrapper clearfix">   	
		

<h4 class="accessibility" id="heading_173549" tabindex="-1">
		Coles&nbsp;RSPCA Approved Chicken Drumsticks 8 Pieces&nbsp;
		approx. 1.2kg&nbsp;
		 
</h4> 

<div class="offer-icon"></div>
<a role="presentation" aria-hidden="true" class="product-url" href="http://shop.coles.com.au/online/national/coles-rspca-approved-chicken-drumsticks-1195288p">
	    <img role="presentation" aria-hidden="true" class="photo" src="/wcsstore/Coles-CAS/images/1/1/9/1195288-th.jpg" onerror="this.src='/wcsstore/ColesStorefrontAssetStore/dist/e0a775baf05f/images/spacer.gif'" alt="RSPCA Approved Chicken Drumsticks 8 Pieces" width="110" height="110">
	</a>

<div class="detail">	
    <span role="presentation" aria-hidden="true" class="brand">Coles</span>
    <span class="item" role="presentation" aria-hidden="true">
        <a role="presentation" aria-hidden="true" class="product-url" href="http://shop.coles.com.au/online/national/coles-rspca-approved-chicken-drumsticks-1195288p">
        	RSPCA Approved Chicken Drumsticks 8 Pieces&nbsp;
        	approx. 1.2kg
        </a>
    </span>
	<span class="size">
		Indicated price based on approx. weight. Weight may vary between 1kg and 1.4kg.	
 	</span>
</div>


	<div class="purchasing">	    
	    <div class="saving">
	    	
	    </div>
	   	
	    		<div class="price"><span class="accessibility">Purchase price </span><small>$</small>7.20</div>
	    	
	    <div class="unit-price"><span class="accessibility">Unit price </span>$6.00 per 1Kg</div>
	    <div class="special-offer">	    	
	    	
	    </div> 
	    <div class="availability">Temporarily unavailable</div>
	    <div class="purchase">
		
			<input type="number" title="Add Quantity for Coles RSPCA Approved Chicken Drumsticks 8 Pieces approx. 1.2kg" name="quantity" id="catEntry_173549_qty" value="1" maxlength="2" size="2" class="v-mandatory v-numeric v-minval-1">
	        <button role="button" type="submit" title="Add to trolley&nbsp;Coles RSPCA Approved Chicken Drumsticks 8 Pieces approx. 1.2kg" class="btn-red action-addToTrolley"><span role="presentation" aria-hidden="true">Add to trolley</span></button>
		
		</div>
	</div>
	<div class="lists">
		
	</div>


	    <div class="actions">
	        			
			   <div class="MUItemForTrolleyDiv MUItemForTrolley_173613" data-catentry="173613">
		         <div class="MUul_173613"><div class="MUli_173613 hidden" aria-hidden="true"><span class="inTrolley"><span class="MUSpan_173613">0</span> in trolley</span></div></div>
		       </div>
		        <p class="clear"></p>
			 
			<div class="member-usuals-remove">
				<a href="#" class="action-removeFromUsuals usuals-remove">Remove from list <span class="accessibility">Coles RSPCA Approved Chicken Drumsticks 8 Pieces approx. 1.2kg</span></a>			
			</div>
			
				<div class="list">
					<a href="#" class="action-addToList action-list-add">Add to list <span class="accessibility">Coles RSPCA Approved Chicken Drumsticks 8 Pieces approx. 1.2kg</span></a> 
				</div>
				<div class="member-list-add">
					<a href="#" class="action-addToList action-list-add">Add to another list <span class="accessibility">Coles RSPCA Approved Chicken Drumsticks 8 Pieces approx. 1.2kg</span></a>
				</div>
			
			<div class="member-list-remove">
				 <a href="#" class="action-removeFromList">Remove from list <span class="accessibility">Coles RSPCA Approved Chicken Drumsticks 8 Pieces approx. 1.2kg</span></a> 
			</div>
			
				<div class="compareProd" role="presentation" aria-hidden="true">
					<a href="#" class="compare compare-add">Compare</a>
				</div>
			
				<a href="http://shop.coles.com.au/online/national/coles-rspca-approved-chicken-drumsticks-1195288p" class="product-url accessibility">More details for Coles&nbsp;RSPCA Approved Chicken Drumsticks 8 Pieces</a>
			
		</div>  
      

       	
		    <div role="presentation" aria-hidden="true" id="share" class="share" data-social="{productImgUrl:'http://shop.coles.com.au:27900/wcsstore/Coles-CAS/images/1/1/9/1195288-th.jpg'
	                                               ,productDisplayUrl:'http://shop.coles.com.au/online/national/coles-rspca-approved-chicken-drumsticks-1195288p'
	                                               ,title:'Coles RSPCA Approved Chicken Drumsticks 8 Pieces Indicated price based on approx. weight. Weight may vary between 1kg and 1.4kg.'
	                                               ,description:''}">
		 	</div>
 		
	</div>
</div>


	</form>
</div>


<span class="available hidden"></span>


<div class="outer-prod prodtile" data-refresh="{
					catalogId: &quot;10576&quot;,
					doInventory: &quot;N&quot;,
					fulfillmentCenterId: &quot;11576&quot;,
					forStoreId: &quot;10401&quot;,
					
					productDisplayURL: &quot;http://shop.coles.com.au/online/national/bacon-streaky&quot;				
			}">
	<form id="catEntryForm_74420" name="catEntryForm_74420" action="AjaxOrderChangeServiceItemAdd">
		
<div class=" " data-catentry="catEntry_74420" data-refresh="{
				addCalculationUsage: &quot;-1&quot;,
				langId: &quot;-1&quot;,
				storeId: &quot;10601&quot;, 
				catEntryId: &quot;74420&quot;, 
				catEntryName: &quot;Streaky Bacon&quot;, 
				productView: &quot;list&quot;,
				productId: &quot;74420&quot;,
				itemId: &quot;130134&quot;,
				hideMultibuy: &quot;false&quot;,
                ticketType: &quot;&quot;,
                partNumber: &quot;7108173&quot;,
                offerCode: &quot;20131127&quot;
		}">
   	<div class="wrapper clearfix">   	
		

<h4 class="accessibility" id="heading_74420" tabindex="-1">
		Coles Deli&nbsp;Streaky Bacon&nbsp;
		approx. 250g&nbsp;
		 
</h4> 

<div class="offer-icon"></div>
<a role="presentation" aria-hidden="true" class="product-url" href="http://shop.coles.com.au/online/national/bacon-streaky">
	    <img role="presentation" aria-hidden="true" class="photo" src="/wcsstore/Coles-CAS/images/7/1/0/7108173-th.jpg" onerror="this.src='/wcsstore/ColesStorefrontAssetStore/dist/e0a775baf05f/images/spacer.gif'" alt="Streaky Bacon" width="110" height="110">
	</a>

<div class="detail">	
    <span role="presentation" aria-hidden="true" class="brand">Coles Deli</span>
    <span class="item" role="presentation" aria-hidden="true">
        <a role="presentation" aria-hidden="true" class="product-url" href="http://shop.coles.com.au/online/national/bacon-streaky">
        	Streaky Bacon&nbsp;
        	approx. 250g
        </a>
    </span>
	<span class="size">
		Indicated price based on approx. weight. Weight may vary between 225g and 275g.	
 	</span>
</div>


	<div class="purchasing">	    
	    <div class="saving">
	    	
	    </div>
	   	
	    		<div class="price"><span class="accessibility">Purchase price </span><small>$</small>2.73</div>
	    	
	    <div class="unit-price"><span class="accessibility">Unit price </span>$10.90 per 1kg</div>
	    <div class="special-offer">	    	
	    	
	    </div> 
	    <div class="availability">Temporarily unavailable</div>
	    <div class="purchase">
		
			<input type="number" title="Add Quantity for Coles Deli Streaky Bacon approx. 250g" name="quantity" id="catEntry_74420_qty" value="1" maxlength="2" size="2" class="v-mandatory v-numeric v-minval-1">
	        <button role="button" type="submit" title="Add to trolley&nbsp;Coles Deli Streaky Bacon approx. 250g" class="btn-red action-addToTrolley"><span role="presentation" aria-hidden="true">Add to trolley</span></button>
		
		</div>
	</div>
	<div class="lists">
		
	</div>


	    <div class="actions">
	        			
			   <div class="MUItemForTrolleyDiv MUItemForTrolley_130134" data-catentry="130134">
		         <div class="MUul_130134"><div class="MUli_130134 hidden" aria-hidden="true"><span class="inTrolley"><span class="MUSpan_130134">0</span> in trolley</span></div></div>
		       </div>
		        <p class="clear"></p>
			 
			<div class="member-usuals-remove">
				<a href="#" class="action-removeFromUsuals usuals-remove">Remove from list <span class="accessibility">Coles Deli Streaky Bacon approx. 250g</span></a>			
			</div>
			
				<div class="list">
					<a href="#" class="action-addToList action-list-add">Add to list <span class="accessibility">Coles Deli Streaky Bacon approx. 250g</span></a> 
				</div>
				<div class="member-list-add">
					<a href="#" class="action-addToList action-list-add">Add to another list <span class="accessibility">Coles Deli Streaky Bacon approx. 250g</span></a>
				</div>
			
			<div class="member-list-remove">
				 <a href="#" class="action-removeFromList">Remove from list <span class="accessibility">Coles Deli Streaky Bacon approx. 250g</span></a> 
			</div>
			
				<div class="compareProd" role="presentation" aria-hidden="true">
					<a href="#" class="compare compare-add">Compare</a>
				</div>
			
				<a href="http://shop.coles.com.au/online/national/bacon-streaky" class="product-url accessibility">More details for Coles Deli&nbsp;Streaky Bacon</a>
			
		</div>  
      

       	
		    <div role="presentation" aria-hidden="true" id="share" class="share" data-social="{productImgUrl:'http://shop.coles.com.au:27900/wcsstore/Coles-CAS/images/7/1/0/7108173-th.jpg'
	                                               ,productDisplayUrl:'http://shop.coles.com.au/online/national/bacon-streaky'
	                                               ,title:'Coles Deli Streaky Bacon Indicated price based on approx. weight. Weight may vary between 225g and 275g.'
	                                               ,description:'The product, Streaky Bacon, is a Cured and Smoked Product that is Produced from Back of Lean Pigs Weighing 65-70kg. The Rind is Removed and Slices have a Short Tail. Bacon is Not Ready To Eat Product and Requires Cooking prior to Consumption.'}">
		 	</div>
 		
	</div>
</div>


	</form>
</div>


<span class="available hidden"></span>


<div class="outer-prod prodtile" data-refresh="{
					catalogId: &quot;10576&quot;,
					doInventory: &quot;N&quot;,
					fulfillmentCenterId: &quot;11576&quot;,
					forStoreId: &quot;10401&quot;,
					
					productDisplayURL: &quot;http://shop.coles.com.au/online/national/salami--danish-5079755p&quot;				
			}">
	<form id="catEntryForm_80632" name="catEntryForm_80632" action="AjaxOrderChangeServiceItemAdd">
		
<div class=" " data-catentry="catEntry_80632" data-refresh="{
				addCalculationUsage: &quot;-1&quot;,
				langId: &quot;-1&quot;,
				storeId: &quot;10601&quot;, 
				catEntryId: &quot;80632&quot;, 
				catEntryName: &quot;Danish Salami&quot;, 
				productView: &quot;list&quot;,
				productId: &quot;80632&quot;,
				itemId: &quot;143217&quot;,
				hideMultibuy: &quot;false&quot;,
                ticketType: &quot;&quot;,
                partNumber: &quot;5079755&quot;,
                offerCode: &quot;20150107&quot;
		}">
   	<div class="wrapper clearfix">   	
		

<h4 class="accessibility" id="heading_80632" tabindex="-1">
		Coles Deli&nbsp;Danish Salami&nbsp;
		approx. 250g&nbsp;
		 
</h4> 

<div class="offer-icon"></div>
<a role="presentation" aria-hidden="true" class="product-url" href="http://shop.coles.com.au/online/national/salami--danish-5079755p">
	    <img role="presentation" aria-hidden="true" class="photo" src="/wcsstore/Coles-CAS/images/5/0/7/5079755-th.jpg" onerror="this.src='/wcsstore/ColesStorefrontAssetStore/dist/e0a775baf05f/images/spacer.gif'" alt="Danish Salami" width="110" height="110">
	</a>

<div class="detail">	
    <span role="presentation" aria-hidden="true" class="brand">Coles Deli</span>
    <span class="item" role="presentation" aria-hidden="true">
        <a role="presentation" aria-hidden="true" class="product-url" href="http://shop.coles.com.au/online/national/salami--danish-5079755p">
        	Danish Salami&nbsp;
        	approx. 250g
        </a>
    </span>
	<span class="size">
		Indicated price based on approx. weight. Weight may vary between 225g and 275g. 	
 	</span>
</div>


	<div class="purchasing">	    
	    <div class="saving">
	    	
	    </div>
	   	
	    		<div class="price"><span class="accessibility">Purchase price </span><small>$</small>6.50</div>
	    	
	    <div class="unit-price"><span class="accessibility">Unit price </span>$26.00 per 1kg</div>
	    <div class="special-offer">	    	
	    	
	    </div> 
	    <div class="availability">Temporarily unavailable</div>
	    <div class="purchase">
		
			<input type="number" title="Add Quantity for Coles Deli Danish Salami approx. 250g" name="quantity" id="catEntry_80632_qty" value="1" maxlength="2" size="2" class="v-mandatory v-numeric v-minval-1">
	        <button role="button" type="submit" title="Add to trolley&nbsp;Coles Deli Danish Salami approx. 250g" class="btn-red action-addToTrolley"><span role="presentation" aria-hidden="true">Add to trolley</span></button>
		
		</div>
	</div>
	<div class="lists">
		
	</div>


	    <div class="actions">
	        			
			   <div class="MUItemForTrolleyDiv MUItemForTrolley_143217" data-catentry="143217">
		         <div class="MUul_143217"><div class="MUli_143217 hidden" aria-hidden="true"><span class="inTrolley"><span class="MUSpan_143217">0</span> in trolley</span></div></div>
		       </div>
		        <p class="clear"></p>
			 
			<div class="member-usuals-remove">
				<a href="#" class="action-removeFromUsuals usuals-remove">Remove from list <span class="accessibility">Coles Deli Danish Salami approx. 250g</span></a>			
			</div>
			
				<div class="list">
					<a href="#" class="action-addToList action-list-add">Add to list <span class="accessibility">Coles Deli Danish Salami approx. 250g</span></a> 
				</div>
				<div class="member-list-add">
					<a href="#" class="action-addToList action-list-add">Add to another list <span class="accessibility">Coles Deli Danish Salami approx. 250g</span></a>
				</div>
			
			<div class="member-list-remove">
				 <a href="#" class="action-removeFromList">Remove from list <span class="accessibility">Coles Deli Danish Salami approx. 250g</span></a> 
			</div>
			
				<div class="compareProd" role="presentation" aria-hidden="true">
					<a href="#" class="compare compare-add">Compare</a>
				</div>
			
				<a href="http://shop.coles.com.au/online/national/salami--danish-5079755p" class="product-url accessibility">More details for Coles Deli&nbsp;Danish Salami</a>
			
		</div>  
      

       	
		    <div role="presentation" aria-hidden="true" id="share" class="share" data-social="{productImgUrl:'http://shop.coles.com.au:27900/wcsstore/Coles-CAS/images/5/0/7/5079755-th.jpg'
	                                               ,productDisplayUrl:'http://shop.coles.com.au/online/national/salami--danish-5079755p'
	                                               ,title:'Coles Deli Danish Salami Indicated price based on approx. weight. Weight may vary between 225g and 275g. '
	                                               ,description:'Danish-Style Salami, is made from Finely Minced, Mildly Seasoned Pork and Beef. This is a Mild Flavoured Salami. Danish Style Salami is a Fermented, Uncooked, Ready to Eat Product.'}">
		 	</div>
 		
	</div>
</div>


	</form>
</div>


<span class="available hidden"></span>


<div class="outer-prod prodtile" data-refresh="{
					catalogId: &quot;10576&quot;,
					doInventory: &quot;N&quot;,
					fulfillmentCenterId: &quot;11576&quot;,
					forStoreId: &quot;10401&quot;,
					
					productDisplayURL: &quot;http://shop.coles.com.au/online/national/chicken-roast-free-range-shaved&quot;				
			}">
	<form id="catEntryForm_91978" name="catEntryForm_91978" action="AjaxOrderChangeServiceItemAdd">
		
<div class=" " data-catentry="catEntry_91978" data-refresh="{
				addCalculationUsage: &quot;-1&quot;,
				langId: &quot;-1&quot;,
				storeId: &quot;10601&quot;, 
				catEntryId: &quot;91978&quot;, 
				catEntryName: &quot;Shaved Moira Macs Free Range Roast Chicken&quot;, 
				productView: &quot;list&quot;,
				productId: &quot;91978&quot;,
				itemId: &quot;156198&quot;,
				hideMultibuy: &quot;false&quot;,
                ticketType: &quot;&quot;,
                partNumber: &quot;9919359&quot;,
                offerCode: &quot;20120321&quot;
		}">
   	<div class="wrapper clearfix">   	
		

<h4 class="accessibility" id="heading_91978" tabindex="-1">
		Coles Deli&nbsp;Shaved Moira Macs Free Range Roast Chicken&nbsp;
		approx. 125g&nbsp;
		 
</h4> 

<div class="offer-icon"></div>
<a role="presentation" aria-hidden="true" class="product-url" href="http://shop.coles.com.au/online/national/chicken-roast-free-range-shaved">
	    <img role="presentation" aria-hidden="true" class="photo" src="/wcsstore/Coles-CAS/images/9/9/1/9919359-th.jpg" onerror="this.src='/wcsstore/ColesStorefrontAssetStore/dist/e0a775baf05f/images/spacer.gif'" alt="Shaved Moira Macs Free Range Roast Chicken" width="110" height="110">
	</a>

<div class="detail">	
    <span role="presentation" aria-hidden="true" class="brand">Coles Deli</span>
    <span class="item" role="presentation" aria-hidden="true">
        <a role="presentation" aria-hidden="true" class="product-url" href="http://shop.coles.com.au/online/national/chicken-roast-free-range-shaved">
        	Shaved Moira Macs Free Range Roast Chicken&nbsp;
        	approx. 125g
        </a>
    </span>
	<span class="size">
		Indicated price based on approx. weight. Weight may vary between 100g and 150g.	
 	</span>
</div>


	<div class="purchasing">	    
	    <div class="saving">
	    	
	    </div>
	   	
	    		<div class="price"><span class="accessibility">Purchase price </span><small>$</small>3.25</div>
	    	
	    <div class="unit-price"><span class="accessibility">Unit price </span>$26.00 per 1kg</div>
	    <div class="special-offer">	    	
	    	
	    </div> 
	    <div class="availability">Temporarily unavailable</div>
	    <div class="purchase">
		
			<input type="number" title="Add Quantity for Coles Deli Shaved Moira Macs Free Range Roast Chicken approx. 125g" name="quantity" id="catEntry_91978_qty" value="1" maxlength="2" size="2" class="v-mandatory v-numeric v-minval-1">
	        <button role="button" type="submit" title="Add to trolley&nbsp;Coles Deli Shaved Moira Macs Free Range Roast Chicken approx. 125g" class="btn-red action-addToTrolley"><span role="presentation" aria-hidden="true">Add to trolley</span></button>
		
		</div>
	</div>
	<div class="lists">
		
	</div>


	    <div class="actions">
	        			
			   <div class="MUItemForTrolleyDiv MUItemForTrolley_156198" data-catentry="156198">
		         <div class="MUul_156198"><div class="MUli_156198 hidden" aria-hidden="true"><span class="inTrolley"><span class="MUSpan_156198">0</span> in trolley</span></div></div>
		       </div>
		        <p class="clear"></p>
			 
			<div class="member-usuals-remove">
				<a href="#" class="action-removeFromUsuals usuals-remove">Remove from list <span class="accessibility">Coles Deli Shaved Moira Macs Free Range Roast Chicken approx. 125g</span></a>			
			</div>
			
				<div class="list">
					<a href="#" class="action-addToList action-list-add">Add to list <span class="accessibility">Coles Deli Shaved Moira Macs Free Range Roast Chicken approx. 125g</span></a> 
				</div>
				<div class="member-list-add">
					<a href="#" class="action-addToList action-list-add">Add to another list <span class="accessibility">Coles Deli Shaved Moira Macs Free Range Roast Chicken approx. 125g</span></a>
				</div>
			
			<div class="member-list-remove">
				 <a href="#" class="action-removeFromList">Remove from list <span class="accessibility">Coles Deli Shaved Moira Macs Free Range Roast Chicken approx. 125g</span></a> 
			</div>
			
				<div class="compareProd" role="presentation" aria-hidden="true">
					<a href="#" class="compare compare-add">Compare</a>
				</div>
			
				<a href="http://shop.coles.com.au/online/national/chicken-roast-free-range-shaved" class="product-url accessibility">More details for Coles Deli&nbsp;Shaved Moira Macs Free Range Roast Chicken</a>
			
		</div>  
      

       	
		    <div role="presentation" aria-hidden="true" id="share" class="share" data-social="{productImgUrl:'http://shop.coles.com.au:27900/wcsstore/Coles-CAS/images/9/9/1/9919359-th.jpg'
	                                               ,productDisplayUrl:'http://shop.coles.com.au/online/national/chicken-roast-free-range-shaved'
	                                               ,title:'Coles Deli Shaved Moira Macs Free Range Roast Chicken Indicated price based on approx. weight. Weight may vary between 100g and 150g.'
	                                               ,description:'Naturally roasted skin on chicken double breast'}">
		 	</div>
 		
	</div>
</div>


	</form>
</div>


<span class="available hidden"></span>


<div class="outer-prod prodtile" data-refresh="{
					catalogId: &quot;10576&quot;,
					doInventory: &quot;N&quot;,
					fulfillmentCenterId: &quot;11576&quot;,
					forStoreId: &quot;10401&quot;,
					
					productDisplayURL: &quot;http://shop.coles.com.au/online/national/coles-finest-sausages-spanish-chorizo&quot;				
			}">
	<form id="catEntryForm_79676" name="catEntryForm_79676" action="AjaxOrderChangeServiceItemAdd">
		
<div class=" " data-catentry="catEntry_79676" data-refresh="{
				addCalculationUsage: &quot;-1&quot;,
				langId: &quot;-1&quot;,
				storeId: &quot;10601&quot;, 
				catEntryId: &quot;79676&quot;, 
				catEntryName: &quot;Spanish Chorizo&quot;, 
				productView: &quot;list&quot;,
				productId: &quot;79676&quot;,
				itemId: &quot;139279&quot;,
				hideMultibuy: &quot;false&quot;,
                ticketType: &quot;&quot;,
                partNumber: &quot;5536063&quot;,
                offerCode: &quot;20141004&quot;
		}">
   	<div class="wrapper clearfix">   	
		

<h4 class="accessibility" id="heading_79676" tabindex="-1">
		Coles Finest&nbsp;Spanish Chorizo&nbsp;
		500g&nbsp;
		 
</h4> 

<div class="offer-icon"></div>
<a role="presentation" aria-hidden="true" class="product-url" href="http://shop.coles.com.au/online/national/coles-finest-sausages-spanish-chorizo">
	    <img role="presentation" aria-hidden="true" class="photo" src="/wcsstore/Coles-CAS/images/5/5/3/5536063-th.jpg" onerror="this.src='/wcsstore/ColesStorefrontAssetStore/dist/e0a775baf05f/images/spacer.gif'" alt="Spanish Chorizo" width="110" height="110">
	</a>

<div class="detail">	
    <span role="presentation" aria-hidden="true" class="brand">Coles Finest</span>
    <span class="item" role="presentation" aria-hidden="true">
        <a role="presentation" aria-hidden="true" class="product-url" href="http://shop.coles.com.au/online/national/coles-finest-sausages-spanish-chorizo">
        	Spanish Chorizo&nbsp;
        	500g
        </a>
    </span>
	<span class="size">
			
 	</span>
</div>


	<div class="purchasing">	    
	    <div class="saving">
	    	
	    </div>
	   	
	    		<div class="price"><span class="accessibility">Purchase price </span><small>$</small>8.00</div>
	    	
	    <div class="unit-price"><span class="accessibility">Unit price </span>$16.00 per 1Kg</div>
	    <div class="special-offer">	    	
	    	
	    </div> 
	    <div class="availability">Temporarily unavailable</div>
	    <div class="purchase">
		
			<input type="number" title="Add Quantity for Coles Finest Spanish Chorizo 500g" name="quantity" id="catEntry_79676_qty" value="1" maxlength="2" size="2" class="v-mandatory v-numeric v-minval-1">
	        <button role="button" type="submit" title="Add to trolley&nbsp;Coles Finest Spanish Chorizo 500g" class="btn-red action-addToTrolley"><span role="presentation" aria-hidden="true">Add to trolley</span></button>
		
		</div>
	</div>
	<div class="lists">
		
	</div>


	    <div class="actions">
	        			
			   <div class="MUItemForTrolleyDiv MUItemForTrolley_139279" data-catentry="139279">
		         <div class="MUul_139279"><div class="MUli_139279 hidden" aria-hidden="true"><span class="inTrolley"><span class="MUSpan_139279">0</span> in trolley</span></div></div>
		       </div>
		        <p class="clear"></p>
			 
			<div class="member-usuals-remove">
				<a href="#" class="action-removeFromUsuals usuals-remove">Remove from list <span class="accessibility">Coles Finest Spanish Chorizo 500g</span></a>			
			</div>
			
				<div class="list">
					<a href="#" class="action-addToList action-list-add">Add to list <span class="accessibility">Coles Finest Spanish Chorizo 500g</span></a> 
				</div>
				<div class="member-list-add">
					<a href="#" class="action-addToList action-list-add">Add to another list <span class="accessibility">Coles Finest Spanish Chorizo 500g</span></a>
				</div>
			
			<div class="member-list-remove">
				 <a href="#" class="action-removeFromList">Remove from list <span class="accessibility">Coles Finest Spanish Chorizo 500g</span></a> 
			</div>
			
				<div class="compareProd" role="presentation" aria-hidden="true">
					<a href="#" class="compare compare-add">Compare</a>
				</div>
			
				<a href="http://shop.coles.com.au/online/national/coles-finest-sausages-spanish-chorizo" class="product-url accessibility">More details for Coles Finest&nbsp;Spanish Chorizo</a>
			
		</div>  
      

       	
		    <div role="presentation" aria-hidden="true" id="share" class="share" data-social="{productImgUrl:'http://shop.coles.com.au:27900/wcsstore/Coles-CAS/images/5/5/3/5536063-th.jpg'
	                                               ,productDisplayUrl:'http://shop.coles.com.au/online/national/coles-finest-sausages-spanish-chorizo'
	                                               ,title:'Coles Finest Spanish Chorizo  '
	                                               ,description:'Chorizo Sausages are an Uncooked Sausage (Coarse Cut) made from Beef, Pork and Other Ingredients/Additives, filled into a Natural Casing. This Product is Not Ready to Eat Product and Requires Cooking prior to Consumption.'}">
		 	</div>
 		
	</div>
</div>


	</form>
</div>


<span class="available hidden"></span>


<div class="outer-prod prodtile" data-refresh="{
					catalogId: &quot;10576&quot;,
					doInventory: &quot;N&quot;,
					fulfillmentCenterId: &quot;11576&quot;,
					forStoreId: &quot;10401&quot;,
					
					productDisplayURL: &quot;http://shop.coles.com.au/online/national/mr-beaks-plain-chicken-sausages&quot;				
			}">
	<form id="catEntryForm_60227" name="catEntryForm_60227" action="AjaxOrderChangeServiceItemAdd">
		
<div class=" " data-catentry="catEntry_60227" data-refresh="{
				addCalculationUsage: &quot;-1&quot;,
				langId: &quot;-1&quot;,
				storeId: &quot;10601&quot;, 
				catEntryId: &quot;60227&quot;, 
				catEntryName: &quot;Plain Chicken Sausages&quot;, 
				productView: &quot;list&quot;,
				productId: &quot;60227&quot;,
				itemId: &quot;127173&quot;,
				hideMultibuy: &quot;false&quot;,
                ticketType: &quot;&quot;,
                partNumber: &quot;7747015&quot;,
                offerCode: &quot;20120321&quot;
		}">
   	<div class="wrapper clearfix">   	
		

<h4 class="accessibility" id="heading_60227" tabindex="-1">
		Mr Beaks&nbsp;Plain Chicken Sausages&nbsp;
		490g&nbsp;
		 
</h4> 

<div class="offer-icon"></div>
<a role="presentation" aria-hidden="true" class="product-url" href="http://shop.coles.com.au/online/national/mr-beaks-plain-chicken-sausages">
	    <img role="presentation" aria-hidden="true" class="photo" src="/wcsstore/Coles-CAS/images/7/7/4/7747015-th.jpg" onerror="this.src='/wcsstore/ColesStorefrontAssetStore/dist/e0a775baf05f/images/spacer.gif'" alt="Plain Chicken Sausages" width="110" height="110">
	</a>

<div class="detail">	
    <span role="presentation" aria-hidden="true" class="brand">Mr Beaks</span>
    <span class="item" role="presentation" aria-hidden="true">
        <a role="presentation" aria-hidden="true" class="product-url" href="http://shop.coles.com.au/online/national/mr-beaks-plain-chicken-sausages">
        	Plain Chicken Sausages&nbsp;
        	490g
        </a>
    </span>
	<span class="size">
			
 	</span>
</div>


	<div class="purchasing">	    
	    <div class="saving">
	    	
	    </div>
	   	
	    		<div class="price"><span class="accessibility">Purchase price </span><small>$</small>5.90</div>
	    	
	    <div class="unit-price"><span class="accessibility">Unit price </span>$12.04 per 1Kg</div>
	    <div class="special-offer">	    	
	    	
	    </div> 
	    <div class="availability">Temporarily unavailable</div>
	    <div class="purchase">
		
			<input type="number" title="Add Quantity for Mr Beaks Plain Chicken Sausages 490g" name="quantity" id="catEntry_60227_qty" value="1" maxlength="2" size="2" class="v-mandatory v-numeric v-minval-1">
	        <button role="button" type="submit" title="Add to trolley&nbsp;Mr Beaks Plain Chicken Sausages 490g" class="btn-red action-addToTrolley"><span role="presentation" aria-hidden="true">Add to trolley</span></button>
		
		</div>
	</div>
	<div class="lists">
		
	</div>


	    <div class="actions">
	        			
			   <div class="MUItemForTrolleyDiv MUItemForTrolley_127173" data-catentry="127173">
		         <div class="MUul_127173"><div class="MUli_127173 hidden" aria-hidden="true"><span class="inTrolley"><span class="MUSpan_127173">0</span> in trolley</span></div></div>
		       </div>
		        <p class="clear"></p>
			 
			<div class="member-usuals-remove">
				<a href="#" class="action-removeFromUsuals usuals-remove">Remove from list <span class="accessibility">Mr Beaks Plain Chicken Sausages 490g</span></a>			
			</div>
			
				<div class="list">
					<a href="#" class="action-addToList action-list-add">Add to list <span class="accessibility">Mr Beaks Plain Chicken Sausages 490g</span></a> 
				</div>
				<div class="member-list-add">
					<a href="#" class="action-addToList action-list-add">Add to another list <span class="accessibility">Mr Beaks Plain Chicken Sausages 490g</span></a>
				</div>
			
			<div class="member-list-remove">
				 <a href="#" class="action-removeFromList">Remove from list <span class="accessibility">Mr Beaks Plain Chicken Sausages 490g</span></a> 
			</div>
			
				<div class="compareProd" role="presentation" aria-hidden="true">
					<a href="#" class="compare compare-add">Compare</a>
				</div>
			
				<a href="http://shop.coles.com.au/online/national/mr-beaks-plain-chicken-sausages" class="product-url accessibility">More details for Mr Beaks&nbsp;Plain Chicken Sausages</a>
			
		</div>  
      

       	
		    <div role="presentation" aria-hidden="true" id="share" class="share" data-social="{productImgUrl:'http://shop.coles.com.au:27900/wcsstore/Coles-CAS/images/7/7/4/7747015-th.jpg'
	                                               ,productDisplayUrl:'http://shop.coles.com.au/online/national/mr-beaks-plain-chicken-sausages'
	                                               ,title:'Mr Beaks Plain Chicken Sausages '
	                                               ,description:''}">
		 	</div>
 		
	</div>
</div>


	</form>
</div>


<span class="available hidden"></span>


<div class="outer-prod prodtile" data-refresh="{
					catalogId: &quot;10576&quot;,
					doInventory: &quot;N&quot;,
					fulfillmentCenterId: &quot;11576&quot;,
					forStoreId: &quot;10401&quot;,
					
					productDisplayURL: &quot;http://shop.coles.com.au/online/national/black-swan-dip-french-onion&quot;				
			}">
	<form id="catEntryForm_91032" name="catEntryForm_91032" action="AjaxOrderChangeServiceItemAdd">
		
<div class=" " data-catentry="catEntry_91032" data-refresh="{
				addCalculationUsage: &quot;-1&quot;,
				langId: &quot;-1&quot;,
				storeId: &quot;10601&quot;, 
				catEntryId: &quot;91032&quot;, 
				catEntryName: &quot;French Onion Dip&quot;, 
				productView: &quot;grid&quot;,
				productId: &quot;91032&quot;,
				itemId: &quot;165153&quot;,
				hideMultibuy: &quot;false&quot;,
                ticketType: &quot;&quot;,
                partNumber: &quot;9580704&quot;,
                offerCode: &quot;20140501&quot;
		}">
   	<div class="wrapper clearfix">   	
		

<h4 class="accessibility" id="heading_91032" tabindex="-1">
		Black Swan&nbsp;French Onion Dip&nbsp;
		200g&nbsp;
		 
</h4> 

<div class="offer-icon"></div>
<a role="presentation" aria-hidden="true" class="product-url" href="http://shop.coles.com.au/online/national/black-swan-dip-french-onion">
	    <img role="presentation" aria-hidden="true" class="photo" src="/wcsstore/Coles-CAS/images/9/5/8/9580704-th.jpg" onerror="this.src='/wcsstore/ColesStorefrontAssetStore/dist/e0a775baf05f/images/spacer.gif'" alt="French Onion Dip" width="110" height="110">
	</a>

<div class="detail">	
    <span role="presentation" aria-hidden="true" class="brand">Black Swan</span>
    <span class="item" role="presentation" aria-hidden="true">
        <a role="presentation" aria-hidden="true" class="product-url" href="http://shop.coles.com.au/online/national/black-swan-dip-french-onion">
        	French Onion Dip&nbsp;
        	200g
        </a>
    </span>
	<span class="size">
			
 	</span>
</div>


	<div class="purchasing">	    
	    <div class="saving">
	    	
	    </div>
	   	
	    		<div class="price"><span class="accessibility">Purchase price </span><small>$</small>4.29</div>
	    	
	    <div class="unit-price"><span class="accessibility">Unit price </span>$2.15 per 100G</div>
	    <div class="special-offer">	    	
	    	
	    </div> 
	    <div class="availability">Temporarily unavailable</div>
	    <div class="purchase">
		
			<input type="number" title="Add Quantity for Black Swan French Onion Dip 200g" name="quantity" id="catEntry_91032_qty" value="1" maxlength="2" size="2" class="v-mandatory v-numeric v-minval-1">
	        <button role="button" type="submit" title="Add to trolley&nbsp;Black Swan French Onion Dip 200g" class="btn-red action-addToTrolley"><span role="presentation" aria-hidden="true">Add to trolley</span></button>
		
		</div>
	</div>
	<div class="lists">
		
	</div>


	    <div class="actions">
	        			
			   <div class="MUItemForTrolleyDiv MUItemForTrolley_165153" data-catentry="165153">
		         <div class="MUul_165153"><div class="MUli_165153 hidden" aria-hidden="true"><span class="inTrolley"><span class="MUSpan_165153">0</span> in trolley</span></div></div>
		       </div>
		        <p class="clear"></p>
			 
			<div class="member-usuals-remove">
				<a href="#" class="action-removeFromUsuals usuals-remove">Remove from list <span class="accessibility">Black Swan French Onion Dip 200g</span></a>			
			</div>
			
				<div class="list">
					<a href="#" class="action-addToList action-list-add">Add to list <span class="accessibility">Black Swan French Onion Dip 200g</span></a> 
				</div>
				<div class="member-list-add">
					<a href="#" class="action-addToList action-list-add">Add to another list <span class="accessibility">Black Swan French Onion Dip 200g</span></a>
				</div>
			
			<div class="member-list-remove">
				 <a href="#" class="action-removeFromList">Remove from list <span class="accessibility">Black Swan French Onion Dip 200g</span></a> 
			</div>
			
				<div class="compareProd" role="presentation" aria-hidden="true">
					<a href="#" class="compare compare-add">Compare</a>
				</div>
			
		</div>  
      

       	
		    <div role="presentation" aria-hidden="true" id="share" class="share" data-social="{productImgUrl:'http://shop.coles.com.au:27900/wcsstore/Coles-CAS/images/9/5/8/9580704-th.jpg'
	                                               ,productDisplayUrl:'http://shop.coles.com.au/online/national/black-swan-dip-french-onion'
	                                               ,title:'Black Swan French Onion Dip '
	                                               ,description:''}">
		 	</div>
 		
	</div>
</div>


	</form>
</div>


<span class="available hidden"></span>


<div class="outer-prod prodtile" data-refresh="{
					catalogId: &quot;10576&quot;,
					doInventory: &quot;N&quot;,
					fulfillmentCenterId: &quot;11576&quot;,
					forStoreId: &quot;10401&quot;,
					
					productDisplayURL: &quot;http://shop.coles.com.au/online/national/coles-lamb-shoulder-slow-cook&quot;				
			}">
	<form id="catEntryForm_10730" name="catEntryForm_10730" action="AjaxOrderChangeServiceItemAdd">
		
<div class=" " data-catentry="catEntry_10730" data-refresh="{
				addCalculationUsage: &quot;-1&quot;,
				langId: &quot;-1&quot;,
				storeId: &quot;10601&quot;, 
				catEntryId: &quot;10730&quot;, 
				catEntryName: &quot;Slow Cook Lamb Shoulder&quot;, 
				productView: &quot;list&quot;,
				productId: &quot;10730&quot;,
				itemId: &quot;34235&quot;,
				hideMultibuy: &quot;false&quot;,
                ticketType: &quot;&quot;,
                partNumber: &quot;9154794&quot;,
                offerCode: &quot;20141126&quot;
		}">
   	<div class="wrapper clearfix">   	
		

<h4 class="accessibility" id="heading_10730" tabindex="-1">
		Coles&nbsp;Slow Cook Lamb Shoulder&nbsp;
		approx. 2kg&nbsp;
		 
</h4> 

<div class="offer-icon"></div>
<a role="presentation" aria-hidden="true" class="product-url" href="http://shop.coles.com.au/online/national/coles-lamb-shoulder-slow-cook">
	    <img role="presentation" aria-hidden="true" class="photo" src="/wcsstore/Coles-CAS/images/9/1/5/9154794-th.jpg" onerror="this.src='/wcsstore/ColesStorefrontAssetStore/dist/e0a775baf05f/images/spacer.gif'" alt="Slow Cook Lamb Shoulder" width="110" height="110">
	</a>

<div class="detail">	
    <span role="presentation" aria-hidden="true" class="brand">Coles</span>
    <span class="item" role="presentation" aria-hidden="true">
        <a role="presentation" aria-hidden="true" class="product-url" href="http://shop.coles.com.au/online/national/coles-lamb-shoulder-slow-cook">
        	Slow Cook Lamb Shoulder&nbsp;
        	approx. 2kg
        </a>
    </span>
	<span class="size">
		Indicated price based on approx. weight. Weight may vary between 1.5kg and 2.5kg.	
 	</span>
</div>


	<div class="purchasing">	    
	    <div class="saving">
	    	
	    </div>
	   	
	    		<div class="price"><span class="accessibility">Purchase price </span><small>$</small>20.00</div>
	    	
	    <div class="unit-price"><span class="accessibility">Unit price </span>$10.00 per 1Kg</div>
	    <div class="special-offer">	    	
	    	
	    </div> 
	    <div class="availability">Temporarily unavailable</div>
	    <div class="purchase">
		
			<input type="number" title="Add Quantity for Coles Slow Cook Lamb Shoulder approx. 2kg" name="quantity" id="catEntry_10730_qty" value="1" maxlength="2" size="2" class="v-mandatory v-numeric v-minval-1">
	        <button role="button" type="submit" title="Add to trolley&nbsp;Coles Slow Cook Lamb Shoulder approx. 2kg" class="btn-red action-addToTrolley"><span role="presentation" aria-hidden="true">Add to trolley</span></button>
		
		</div>
	</div>
	<div class="lists">
		
	</div>


	    <div class="actions">
	        			
			   <div class="MUItemForTrolleyDiv MUItemForTrolley_34235" data-catentry="34235">
		         <div class="MUul_34235"><div class="MUli_34235 hidden" aria-hidden="true"><span class="inTrolley"><span class="MUSpan_34235">0</span> in trolley</span></div></div>
		       </div>
		        <p class="clear"></p>
			 
			<div class="member-usuals-remove">
				<a href="#" class="action-removeFromUsuals usuals-remove">Remove from list <span class="accessibility">Coles Slow Cook Lamb Shoulder approx. 2kg</span></a>			
			</div>
			
				<div class="list">
					<a href="#" class="action-addToList action-list-add">Add to list <span class="accessibility">Coles Slow Cook Lamb Shoulder approx. 2kg</span></a> 
				</div>
				<div class="member-list-add">
					<a href="#" class="action-addToList action-list-add">Add to another list <span class="accessibility">Coles Slow Cook Lamb Shoulder approx. 2kg</span></a>
				</div>
			
			<div class="member-list-remove">
				 <a href="#" class="action-removeFromList">Remove from list <span class="accessibility">Coles Slow Cook Lamb Shoulder approx. 2kg</span></a> 
			</div>
			
				<div class="compareProd" role="presentation" aria-hidden="true">
					<a href="#" class="compare compare-add">Compare</a>
				</div>
			
				<a href="http://shop.coles.com.au/online/national/coles-lamb-shoulder-slow-cook" class="product-url accessibility">More details for Coles&nbsp;Slow Cook Lamb Shoulder</a>
			
		</div>  
      

       	
		    <div role="presentation" aria-hidden="true" id="share" class="share" data-social="{productImgUrl:'http://shop.coles.com.au:27900/wcsstore/Coles-CAS/images/9/1/5/9154794-th.jpg'
	                                               ,productDisplayUrl:'http://shop.coles.com.au/online/national/coles-lamb-shoulder-slow-cook'
	                                               ,title:'Coles Slow Cook Lamb Shoulder Indicated price based on approx. weight. Weight may vary between 1.5kg and 2.5kg.'
	                                               ,description:''}">
		 	</div>
 		
	</div>
</div>


	</form>
</div>


<span class="available hidden"></span>


<div class="outer-prod prodtile" data-refresh="{
					catalogId: &quot;10576&quot;,
					doInventory: &quot;N&quot;,
					fulfillmentCenterId: &quot;11576&quot;,
					forStoreId: &quot;10401&quot;,
					
					productDisplayURL: &quot;http://shop.coles.com.au/online/national/coles-lamb-leg-steak&quot;				
			}">
	<form id="catEntryForm_11322" name="catEntryForm_11322" action="AjaxOrderChangeServiceItemAdd">
		
<div class=" " data-catentry="catEntry_11322" data-refresh="{
				addCalculationUsage: &quot;-1&quot;,
				langId: &quot;-1&quot;,
				storeId: &quot;10601&quot;, 
				catEntryId: &quot;11322&quot;, 
				catEntryName: &quot;Lamb Leg Steak&quot;, 
				productView: &quot;list&quot;,
				productId: &quot;11322&quot;,
				itemId: &quot;28653&quot;,
				hideMultibuy: &quot;false&quot;,
                ticketType: &quot;&quot;,
                partNumber: &quot;8905880&quot;,
                offerCode: &quot;20141105&quot;
		}">
   	<div class="wrapper clearfix">   	
		

<h4 class="accessibility" id="heading_11322" tabindex="-1">
		Coles&nbsp;Lamb Leg Steak&nbsp;
		approx. 400g&nbsp;
		 
</h4> 

<div class="offer-icon"></div>
<a role="presentation" aria-hidden="true" class="product-url" href="http://shop.coles.com.au/online/national/coles-lamb-leg-steak">
	    <img role="presentation" aria-hidden="true" class="photo" src="/wcsstore/Coles-CAS/images/8/9/0/8905880-th.jpg" onerror="this.src='/wcsstore/ColesStorefrontAssetStore/dist/e0a775baf05f/images/spacer.gif'" alt="Lamb Leg Steak" width="110" height="110">
	</a>

<div class="detail">	
    <span role="presentation" aria-hidden="true" class="brand">Coles</span>
    <span class="item" role="presentation" aria-hidden="true">
        <a role="presentation" aria-hidden="true" class="product-url" href="http://shop.coles.com.au/online/national/coles-lamb-leg-steak">
        	Lamb Leg Steak&nbsp;
        	approx. 400g
        </a>
    </span>
	<span class="size">
		Indicated price based on approx. weight. Weight may vary between 350g and 450g.	
 	</span>
</div>


	<div class="purchasing">	    
	    <div class="saving">
	    	
	    </div>
	   	
	    		<div class="price"><span class="accessibility">Purchase price </span><small>$</small>9.60</div>
	    	
	    <div class="unit-price"><span class="accessibility">Unit price </span>$24.00 per 1Kg</div>
	    <div class="special-offer">	    	
	    	
	    </div> 
	    <div class="availability">Temporarily unavailable</div>
	    <div class="purchase">
		
			<input type="number" title="Add Quantity for Coles Lamb Leg Steak approx. 400g" name="quantity" id="catEntry_11322_qty" value="1" maxlength="2" size="2" class="v-mandatory v-numeric v-minval-1">
	        <button role="button" type="submit" title="Add to trolley&nbsp;Coles Lamb Leg Steak approx. 400g" class="btn-red action-addToTrolley"><span role="presentation" aria-hidden="true">Add to trolley</span></button>
		
		</div>
	</div>
	<div class="lists">
		
	</div>


	    <div class="actions">
	        			
			   <div class="MUItemForTrolleyDiv MUItemForTrolley_28653" data-catentry="28653">
		         <div class="MUul_28653"><div class="MUli_28653 hidden" aria-hidden="true"><span class="inTrolley"><span class="MUSpan_28653">0</span> in trolley</span></div></div>
		       </div>
		        <p class="clear"></p>
			 
			<div class="member-usuals-remove">
				<a href="#" class="action-removeFromUsuals usuals-remove">Remove from list <span class="accessibility">Coles Lamb Leg Steak approx. 400g</span></a>			
			</div>
			
				<div class="list">
					<a href="#" class="action-addToList action-list-add">Add to list <span class="accessibility">Coles Lamb Leg Steak approx. 400g</span></a> 
				</div>
				<div class="member-list-add">
					<a href="#" class="action-addToList action-list-add">Add to another list <span class="accessibility">Coles Lamb Leg Steak approx. 400g</span></a>
				</div>
			
			<div class="member-list-remove">
				 <a href="#" class="action-removeFromList">Remove from list <span class="accessibility">Coles Lamb Leg Steak approx. 400g</span></a> 
			</div>
			
				<div class="compareProd" role="presentation" aria-hidden="true">
					<a href="#" class="compare compare-add">Compare</a>
				</div>
			
				<a href="http://shop.coles.com.au/online/national/coles-lamb-leg-steak" class="product-url accessibility">More details for Coles&nbsp;Lamb Leg Steak</a>
			
		</div>  
      

       	
		    <div role="presentation" aria-hidden="true" id="share" class="share" data-social="{productImgUrl:'http://shop.coles.com.au:27900/wcsstore/Coles-CAS/images/8/9/0/8905880-th.jpg'
	                                               ,productDisplayUrl:'http://shop.coles.com.au/online/national/coles-lamb-leg-steak'
	                                               ,title:'Coles Lamb Leg Steak Indicated price based on approx. weight. Weight may vary between 350g and 450g.'
	                                               ,description:''}">
		 	</div>
 		
	</div>
</div>


	</form>
</div>


<span class="available hidden"></span>


<div class="outer-prod prodtile" data-refresh="{
					catalogId: &quot;10576&quot;,
					doInventory: &quot;N&quot;,
					fulfillmentCenterId: &quot;11576&quot;,
					forStoreId: &quot;10401&quot;,
					
					productDisplayURL: &quot;http://shop.coles.com.au/online/national/coles-lamb-chops-forequarter-8599241p&quot;				
			}">
	<form id="catEntryForm_17168" name="catEntryForm_17168" action="AjaxOrderChangeServiceItemAdd">
		
<div class="promo save " data-catentry="catEntry_17168" data-refresh="{
				addCalculationUsage: &quot;-1&quot;,
				langId: &quot;-1&quot;,
				storeId: &quot;10601&quot;, 
				catEntryId: &quot;17168&quot;, 
				catEntryName: &quot;Lamb Forequarter Chops&quot;, 
				productView: &quot;list&quot;,
				productId: &quot;17168&quot;,
				itemId: &quot;30837&quot;,
				hideMultibuy: &quot;false&quot;,
                ticketType: &quot;S&quot;,
                partNumber: &quot;8599241&quot;,
                offerCode: &quot;107404946&quot;
		}">
   	<div class="wrapper clearfix">   	
		

<h4 class="accessibility" id="heading_17168" tabindex="-1">
		Coles&nbsp;Lamb Forequarter Chops&nbsp;
		approx. 400g&nbsp;
		On special 
</h4> 

<div class="offer-icon"></div>
<a role="presentation" aria-hidden="true" class="product-url" href="http://shop.coles.com.au/online/national/coles-lamb-chops-forequarter-8599241p">
	    <img role="presentation" aria-hidden="true" class="photo" src="/wcsstore/Coles-CAS/images/8/5/9/8599241-th.jpg" onerror="this.src='/wcsstore/ColesStorefrontAssetStore/dist/e0a775baf05f/images/spacer.gif'" alt="Lamb Forequarter Chops" width="110" height="110">
	</a>

<div class="detail">	
    <span role="presentation" aria-hidden="true" class="brand">Coles</span>
    <span class="item" role="presentation" aria-hidden="true">
        <a role="presentation" aria-hidden="true" class="product-url" href="http://shop.coles.com.au/online/national/coles-lamb-chops-forequarter-8599241p">
        	Lamb Forequarter Chops&nbsp;
        	approx. 400g
        </a>
    </span>
	<span class="size">
		Indicated price based on approx. weight. Weight may vary between 350g and 450g.	
 	</span>
</div>


	<div class="purchasing">	    
	    <div class="saving">
	    	
	    		<span class="accessibility">Original price</span> was $4.00 
	    		<span><span class="accessibility">You can</span> save $0.60</span>
	    	
	    </div>
	   	
	    		<div class="price"><span class="accessibility">Purchase price </span><small>$</small>3.40</div>
	    	
	    <div class="unit-price"><span class="accessibility">Unit price </span>$8.50 per 1Kg</div>
	    <div class="special-offer">	    	
	    	
	    </div> 
	    <div class="availability">Temporarily unavailable</div>
	    <div class="purchase">
		
			<input type="number" title="Add Quantity for Coles Lamb Forequarter Chops approx. 400g" name="quantity" id="catEntry_17168_qty" value="1" maxlength="2" size="2" class="v-mandatory v-numeric v-minval-1">
	        <button role="button" type="submit" title="Add to trolley&nbsp;Coles Lamb Forequarter Chops approx. 400g" class="btn-red action-addToTrolley"><span role="presentation" aria-hidden="true">Add to trolley</span></button>
		
		</div>
	</div>
	<div class="lists">
		
	</div>


	    <div class="actions">
	        			
			   <div class="MUItemForTrolleyDiv MUItemForTrolley_30837" data-catentry="30837">
		         <div class="MUul_30837"><div class="MUli_30837 hidden" aria-hidden="true"><span class="inTrolley"><span class="MUSpan_30837">0</span> in trolley</span></div></div>
		       </div>
		        <p class="clear"></p>
			 
			<div class="member-usuals-remove">
				<a href="#" class="action-removeFromUsuals usuals-remove">Remove from list <span class="accessibility">Coles Lamb Forequarter Chops approx. 400g</span></a>			
			</div>
			
				<div class="list">
					<a href="#" class="action-addToList action-list-add">Add to list <span class="accessibility">Coles Lamb Forequarter Chops approx. 400g</span></a> 
				</div>
				<div class="member-list-add">
					<a href="#" class="action-addToList action-list-add">Add to another list <span class="accessibility">Coles Lamb Forequarter Chops approx. 400g</span></a>
				</div>
			
			<div class="member-list-remove">
				 <a href="#" class="action-removeFromList">Remove from list <span class="accessibility">Coles Lamb Forequarter Chops approx. 400g</span></a> 
			</div>
			
				<div class="compareProd" role="presentation" aria-hidden="true">
					<a href="#" class="compare compare-add">Compare</a>
				</div>
			
				<a href="http://shop.coles.com.au/online/national/coles-lamb-chops-forequarter-8599241p" class="product-url accessibility">More details for Coles&nbsp;Lamb Forequarter Chops</a>
			
		</div>  
      

       	
		    <div role="presentation" aria-hidden="true" id="share" class="share" data-social="{productImgUrl:'http://shop.coles.com.au:27900/wcsstore/Coles-CAS/images/8/5/9/8599241-th.jpg'
	                                               ,productDisplayUrl:'http://shop.coles.com.au/online/national/coles-lamb-chops-forequarter-8599241p'
	                                               ,title:'Coles Lamb Forequarter Chops Indicated price based on approx. weight. Weight may vary between 350g and 450g.'
	                                               ,description:''}">
		 	</div>
 		
	</div>
</div>


	</form>
</div>


<span class="available hidden"></span>


<div class="outer-prod prodtile" data-refresh="{
					catalogId: &quot;10576&quot;,
					doInventory: &quot;N&quot;,
					fulfillmentCenterId: &quot;11576&quot;,
					forStoreId: &quot;10401&quot;,
					
					productDisplayURL: &quot;http://shop.coles.com.au/online/national/coles-beef-diced-casserole&quot;				
			}">
	<form id="catEntryForm_19991" name="catEntryForm_19991" action="AjaxOrderChangeServiceItemAdd">
		
<div class=" " data-catentry="catEntry_19991" data-refresh="{
				addCalculationUsage: &quot;-1&quot;,
				langId: &quot;-1&quot;,
				storeId: &quot;10601&quot;, 
				catEntryId: &quot;19991&quot;, 
				catEntryName: &quot;Diced Beef&quot;, 
				productView: &quot;list&quot;,
				productId: &quot;19991&quot;,
				itemId: &quot;32513&quot;,
				hideMultibuy: &quot;false&quot;,
                ticketType: &quot;&quot;,
                partNumber: &quot;8211837&quot;,
                offerCode: &quot;20140326&quot;
		}">
   	<div class="wrapper clearfix">   	
		

<h4 class="accessibility" id="heading_19991" tabindex="-1">
		Coles&nbsp;Diced Beef&nbsp;
		approx. 800g&nbsp;
		 
</h4> 

<div class="offer-icon"></div>
<a role="presentation" aria-hidden="true" class="product-url" href="http://shop.coles.com.au/online/national/coles-beef-diced-casserole">
	    <img role="presentation" aria-hidden="true" class="photo" src="/wcsstore/Coles-CAS/images/8/2/1/8211837-th.jpg" onerror="this.src='/wcsstore/ColesStorefrontAssetStore/dist/e0a775baf05f/images/spacer.gif'" alt="Diced Beef" width="110" height="110">
	</a>

<div class="detail">	
    <span role="presentation" aria-hidden="true" class="brand">Coles</span>
    <span class="item" role="presentation" aria-hidden="true">
        <a role="presentation" aria-hidden="true" class="product-url" href="http://shop.coles.com.au/online/national/coles-beef-diced-casserole">
        	Diced Beef&nbsp;
        	approx. 800g
        </a>
    </span>
	<span class="size">
		Indicated price based on approx. weight. Weight may vary between 750g and 850g.	
 	</span>
</div>


	<div class="purchasing">	    
	    <div class="saving">
	    	
	    </div>
	   	
	    		<div class="price"><span class="accessibility">Purchase price </span><small>$</small>8.00</div>
	    	
	    <div class="unit-price"><span class="accessibility">Unit price </span>$10.00 per 1Kg</div>
	    <div class="special-offer">	    	
	    	
	    </div> 
	    <div class="availability">Temporarily unavailable</div>
	    <div class="purchase">
		
			<input type="number" title="Add Quantity for Coles Diced Beef approx. 800g" name="quantity" id="catEntry_19991_qty" value="1" maxlength="2" size="2" class="v-mandatory v-numeric v-minval-1">
	        <button role="button" type="submit" title="Add to trolley&nbsp;Coles Diced Beef approx. 800g" class="btn-red action-addToTrolley"><span role="presentation" aria-hidden="true">Add to trolley</span></button>
		
		</div>
	</div>
	<div class="lists">
		
	</div>


	    <div class="actions">
	        			
			   <div class="MUItemForTrolleyDiv MUItemForTrolley_32513" data-catentry="32513">
		         <div class="MUul_32513"><div class="MUli_32513 hidden" aria-hidden="true"><span class="inTrolley"><span class="MUSpan_32513">0</span> in trolley</span></div></div>
		       </div>
		        <p class="clear"></p>
			 
			<div class="member-usuals-remove">
				<a href="#" class="action-removeFromUsuals usuals-remove">Remove from list <span class="accessibility">Coles Diced Beef approx. 800g</span></a>			
			</div>
			
				<div class="list">
					<a href="#" class="action-addToList action-list-add">Add to list <span class="accessibility">Coles Diced Beef approx. 800g</span></a> 
				</div>
				<div class="member-list-add">
					<a href="#" class="action-addToList action-list-add">Add to another list <span class="accessibility">Coles Diced Beef approx. 800g</span></a>
				</div>
			
			<div class="member-list-remove">
				 <a href="#" class="action-removeFromList">Remove from list <span class="accessibility">Coles Diced Beef approx. 800g</span></a> 
			</div>
			
				<div class="compareProd" role="presentation" aria-hidden="true">
					<a href="#" class="compare compare-add">Compare</a>
				</div>
			
				<a href="http://shop.coles.com.au/online/national/coles-beef-diced-casserole" class="product-url accessibility">More details for Coles&nbsp;Diced Beef</a>
			
		</div>  
      

       	
		    <div role="presentation" aria-hidden="true" id="share" class="share" data-social="{productImgUrl:'http://shop.coles.com.au:27900/wcsstore/Coles-CAS/images/8/2/1/8211837-th.jpg'
	                                               ,productDisplayUrl:'http://shop.coles.com.au/online/national/coles-beef-diced-casserole'
	                                               ,title:'Coles Diced Beef Indicated price based on approx. weight. Weight may vary between 750g and 850g.'
	                                               ,description:''}">
		 	</div>
 		
	</div>
</div>


	</form>
</div>


<span class="available hidden"></span>


<div class="outer-prod prodtile" data-refresh="{
					catalogId: &quot;10576&quot;,
					doInventory: &quot;N&quot;,
					fulfillmentCenterId: &quot;11576&quot;,
					forStoreId: &quot;10401&quot;,
					
					productDisplayURL: &quot;http://shop.coles.com.au/online/national/coles-beef-roast-bolar-blade&quot;				
			}">
	<form id="catEntryForm_48286" name="catEntryForm_48286" action="AjaxOrderChangeServiceItemAdd">
		
<div class=" " data-catentry="catEntry_48286" data-refresh="{
				addCalculationUsage: &quot;-1&quot;,
				langId: &quot;-1&quot;,
				storeId: &quot;10601&quot;, 
				catEntryId: &quot;48286&quot;, 
				catEntryName: &quot;Beef Bolar Blade Roast&quot;, 
				productView: &quot;list&quot;,
				productId: &quot;48286&quot;,
				itemId: &quot;116313&quot;,
				hideMultibuy: &quot;false&quot;,
                ticketType: &quot;&quot;,
                partNumber: &quot;8601456&quot;,
                offerCode: &quot;20141001&quot;
		}">
   	<div class="wrapper clearfix">   	
		

<h4 class="accessibility" id="heading_48286" tabindex="-1">
		Coles&nbsp;Beef Bolar Blade Roast&nbsp;
		approx. 1.1kg&nbsp;
		 
</h4> 

<div class="offer-icon"></div>
<a role="presentation" aria-hidden="true" class="product-url" href="http://shop.coles.com.au/online/national/coles-beef-roast-bolar-blade">
	    <img role="presentation" aria-hidden="true" class="photo" src="/wcsstore/Coles-CAS/images/8/6/0/8601456-th.jpg" onerror="this.src='/wcsstore/ColesStorefrontAssetStore/dist/e0a775baf05f/images/spacer.gif'" alt="Beef Bolar Blade Roast" width="110" height="110">
	</a>

<div class="detail">	
    <span role="presentation" aria-hidden="true" class="brand">Coles</span>
    <span class="item" role="presentation" aria-hidden="true">
        <a role="presentation" aria-hidden="true" class="product-url" href="http://shop.coles.com.au/online/national/coles-beef-roast-bolar-blade">
        	Beef Bolar Blade Roast&nbsp;
        	approx. 1.1kg
        </a>
    </span>
	<span class="size">
		Indicated price based on approx. weight. Weight may vary between 900g and 1.3kg.	
 	</span>
</div>


	<div class="purchasing">	    
	    <div class="saving">
	    	
	    </div>
	   	
	    		<div class="price"><span class="accessibility">Purchase price </span><small>$</small>12.10</div>
	    	
	    <div class="unit-price"><span class="accessibility">Unit price </span>$11.00 per 1Kg</div>
	    <div class="special-offer">	    	
	    	
	    </div> 
	    <div class="availability">Temporarily unavailable</div>
	    <div class="purchase">
		
			<input type="number" title="Add Quantity for Coles Beef Bolar Blade Roast approx. 1.1kg" name="quantity" id="catEntry_48286_qty" value="1" maxlength="2" size="2" class="v-mandatory v-numeric v-minval-1">
	        <button role="button" type="submit" title="Add to trolley&nbsp;Coles Beef Bolar Blade Roast approx. 1.1kg" class="btn-red action-addToTrolley"><span role="presentation" aria-hidden="true">Add to trolley</span></button>
		
		</div>
	</div>
	<div class="lists">
		
	</div>


	    <div class="actions">
	        			
			   <div class="MUItemForTrolleyDiv MUItemForTrolley_116313" data-catentry="116313">
		         <div class="MUul_116313"><div class="MUli_116313 hidden" aria-hidden="true"><span class="inTrolley"><span class="MUSpan_116313">0</span> in trolley</span></div></div>
		       </div>
		        <p class="clear"></p>
			 
			<div class="member-usuals-remove">
				<a href="#" class="action-removeFromUsuals usuals-remove">Remove from list <span class="accessibility">Coles Beef Bolar Blade Roast approx. 1.1kg</span></a>			
			</div>
			
				<div class="list">
					<a href="#" class="action-addToList action-list-add">Add to list <span class="accessibility">Coles Beef Bolar Blade Roast approx. 1.1kg</span></a> 
				</div>
				<div class="member-list-add">
					<a href="#" class="action-addToList action-list-add">Add to another list <span class="accessibility">Coles Beef Bolar Blade Roast approx. 1.1kg</span></a>
				</div>
			
			<div class="member-list-remove">
				 <a href="#" class="action-removeFromList">Remove from list <span class="accessibility">Coles Beef Bolar Blade Roast approx. 1.1kg</span></a> 
			</div>
			
				<div class="compareProd" role="presentation" aria-hidden="true">
					<a href="#" class="compare compare-add">Compare</a>
				</div>
			
				<a href="http://shop.coles.com.au/online/national/coles-beef-roast-bolar-blade" class="product-url accessibility">More details for Coles&nbsp;Beef Bolar Blade Roast</a>
			
		</div>  
      

       	
		    <div role="presentation" aria-hidden="true" id="share" class="share" data-social="{productImgUrl:'http://shop.coles.com.au:27900/wcsstore/Coles-CAS/images/8/6/0/8601456-th.jpg'
	                                               ,productDisplayUrl:'http://shop.coles.com.au/online/national/coles-beef-roast-bolar-blade'
	                                               ,title:'Coles Beef Bolar Blade Roast Indicated price based on approx. weight. Weight may vary between 900g and 1.3kg.'
	                                               ,description:''}">
		 	</div>
 		
	</div>
</div>


	</form>
</div>


<span class="available hidden"></span>


<div class="outer-prod prodtile" data-refresh="{
					catalogId: &quot;10576&quot;,
					doInventory: &quot;N&quot;,
					fulfillmentCenterId: &quot;11576&quot;,
					forStoreId: &quot;10401&quot;,
					
					productDisplayURL: &quot;http://shop.coles.com.au/online/national/coles-beef-t-bone-steak-2-3-pieces&quot;				
			}">
	<form id="catEntryForm_52590" name="catEntryForm_52590" action="AjaxOrderChangeServiceItemAdd">
		
<div class=" " data-catentry="catEntry_52590" data-refresh="{
				addCalculationUsage: &quot;-1&quot;,
				langId: &quot;-1&quot;,
				storeId: &quot;10601&quot;, 
				catEntryId: &quot;52590&quot;, 
				catEntryName: &quot;Beef T Bone Steak 2-3 pieces&quot;, 
				productView: &quot;billboard&quot;,
				productId: &quot;52590&quot;,
				itemId: &quot;112244&quot;,
				hideMultibuy: &quot;false&quot;,
                ticketType: &quot;&quot;,
                partNumber: &quot;8601616&quot;,
                offerCode: &quot;20150114&quot;
		}">
   	<div class="wrapper clearfix">   	
		

<h4 class="accessibility" id="heading_52590" tabindex="-1">
		Coles&nbsp;Beef T Bone Steak 2-3 pieces&nbsp;
		approx. 800g&nbsp;
		 
</h4> 

<div class="offer-icon"></div>
<a role="presentation" aria-hidden="true" class="product-url" href="http://shop.coles.com.au/online/national/coles-beef-t-bone-steak-2-3-pieces">
	    <img role="presentation" aria-hidden="true" class="photo" src="/wcsstore/Coles-CAS/images/8/6/0/8601616-th.jpg" onerror="this.src='/wcsstore/ColesStorefrontAssetStore/dist/e0a775baf05f/images/spacer.gif'" alt="Beef T Bone Steak 2-3 pieces" width="110" height="110">
	</a>

<div class="detail">	
    <span role="presentation" aria-hidden="true" class="brand">Coles</span>
    <span class="item" role="presentation" aria-hidden="true">
        <a role="presentation" aria-hidden="true" class="product-url" href="http://shop.coles.com.au/online/national/coles-beef-t-bone-steak-2-3-pieces">
        	Beef T Bone Steak 2-3 pieces&nbsp;
        	approx. 800g
        </a>
    </span>
	<span class="size">
		Indicated price based on approx. weight. Weight may vary between 750g and 850g.	
 	</span>
</div>


	<div class="purchasing">	    
	    <div class="saving">
	    	
	    </div>
	   	
	    		<div class="price"><span class="accessibility">Purchase price </span><small>$</small>17.60</div>
	    	
	    <div class="unit-price"><span class="accessibility">Unit price </span>$22.00 per 1Kg</div>
	    <div class="special-offer">	    	
	    	
	    </div> 
	    <div class="availability">Temporarily unavailable</div>
	    <div class="purchase">
		
			<input type="number" title="Add Quantity for Coles Beef T Bone Steak 2-3 pieces approx. 800g" name="quantity" id="catEntry_52590_qty" value="1" maxlength="2" size="2" class="v-mandatory v-numeric v-minval-1">
	        <button role="button" type="submit" title="Add to trolley&nbsp;Coles Beef T Bone Steak 2-3 pieces approx. 800g" class="btn-red action-addToTrolley"><span role="presentation" aria-hidden="true">Add to trolley</span></button>
		
		</div>
	</div>
	<div class="lists">
		
	</div>


	    <div class="actions">
	        			
			   <div class="MUItemForTrolleyDiv MUItemForTrolley_112244" data-catentry="112244">
		         <div class="MUul_112244"><div class="MUli_112244 hidden" aria-hidden="true"><span class="inTrolley"><span class="MUSpan_112244">0</span> in trolley</span></div></div>
		       </div>
		        <p class="clear"></p>
			 
			<div class="member-usuals-remove">
				<a href="#" class="action-removeFromUsuals usuals-remove">Remove from list <span class="accessibility">Coles Beef T Bone Steak 2-3 pieces approx. 800g</span></a>			
			</div>
			
				<div class="list">
					<a href="#" class="action-addToList action-list-add">Add to list <span class="accessibility">Coles Beef T Bone Steak 2-3 pieces approx. 800g</span></a> 
				</div>
				<div class="member-list-add">
					<a href="#" class="action-addToList action-list-add">Add to another list <span class="accessibility">Coles Beef T Bone Steak 2-3 pieces approx. 800g</span></a>
				</div>
			
			<div class="member-list-remove">
				 <a href="#" class="action-removeFromList">Remove from list <span class="accessibility">Coles Beef T Bone Steak 2-3 pieces approx. 800g</span></a> 
			</div>
			
				<div class="compareProd" role="presentation" aria-hidden="true">
					<a href="#" class="compare compare-add">Compare</a>
				</div>
			
				<a href="http://shop.coles.com.au/online/national/coles-beef-t-bone-steak-2-3-pieces" class="product-url accessibility">More details for Coles&nbsp;Beef T Bone Steak 2-3 pieces</a>
			
		</div>  
      

       	
		    <div role="presentation" aria-hidden="true" id="share" class="share" data-social="{productImgUrl:'http://shop.coles.com.au:27900/wcsstore/Coles-CAS/images/8/6/0/8601616-th.jpg'
	                                               ,productDisplayUrl:'http://shop.coles.com.au/online/national/coles-beef-t-bone-steak-2-3-pieces'
	                                               ,title:'Coles Beef T Bone Steak 2-3 pieces Indicated price based on approx. weight. Weight may vary between 750g and 850g.'
	                                               ,description:'Sold per Kg, Tray size: 11x9'}">
		 	</div>
 		
	</div>
</div>


	</form>
</div>


<span class="available hidden"></span>


<div class="outer-prod prodtile" data-refresh="{
					catalogId: &quot;10576&quot;,
					doInventory: &quot;N&quot;,
					fulfillmentCenterId: &quot;11576&quot;,
					forStoreId: &quot;10401&quot;,
					
					productDisplayURL: &quot;http://shop.coles.com.au/online/national/coles-lamb-loin-chops-8599456p&quot;				
			}">
	<form id="catEntryForm_52596" name="catEntryForm_52596" action="AjaxOrderChangeServiceItemAdd">
		
<div class=" " data-catentry="catEntry_52596" data-refresh="{
				addCalculationUsage: &quot;-1&quot;,
				langId: &quot;-1&quot;,
				storeId: &quot;10601&quot;, 
				catEntryId: &quot;52596&quot;, 
				catEntryName: &quot;Lamb Loin Chops&quot;, 
				productView: &quot;grid&quot;,
				productId: &quot;52596&quot;,
				itemId: &quot;109887&quot;,
				hideMultibuy: &quot;false&quot;,
                ticketType: &quot;&quot;,
                partNumber: &quot;8599456&quot;,
                offerCode: &quot;20150128&quot;
		}">
   	<div class="wrapper clearfix">   	
		

<h4 class="accessibility" id="heading_52596" tabindex="-1">
		Coles&nbsp;Lamb Loin Chops&nbsp;
		approx. 200g&nbsp;
		 
</h4> 

<div class="offer-icon"></div>
<a role="presentation" aria-hidden="true" class="product-url" href="http://shop.coles.com.au/online/national/coles-lamb-loin-chops-8599456p">
	    <img role="presentation" aria-hidden="true" class="photo" src="/wcsstore/Coles-CAS/images/8/5/9/8599456-th.jpg" onerror="this.src='/wcsstore/ColesStorefrontAssetStore/dist/e0a775baf05f/images/spacer.gif'" alt="Lamb Loin Chops" width="110" height="110">
	</a>

<div class="detail">	
    <span role="presentation" aria-hidden="true" class="brand">Coles</span>
    <span class="item" role="presentation" aria-hidden="true">
        <a role="presentation" aria-hidden="true" class="product-url" href="http://shop.coles.com.au/online/national/coles-lamb-loin-chops-8599456p">
        	Lamb Loin Chops&nbsp;
        	approx. 200g
        </a>
    </span>
	<span class="size">
		Indicated price based on approx. weight. Weight may vary between 175g and 225g.	
 	</span>
</div>


	<div class="purchasing">	    
	    <div class="saving">
	    	
	    </div>
	   	
	    		<div class="price"><span class="accessibility">Purchase price </span><small>$</small>3.60</div>
	    	
	    <div class="unit-price"><span class="accessibility">Unit price </span>$18.00 per 1Kg</div>
	    <div class="special-offer">	    	
	    	
	    </div> 
	    <div class="availability">Temporarily unavailable</div>
	    <div class="purchase">
		
			<input type="number" title="Add Quantity for Coles Lamb Loin Chops approx. 200g" name="quantity" id="catEntry_52596_qty" value="1" maxlength="2" size="2" class="v-mandatory v-numeric v-minval-1">
	        <button role="button" type="submit" title="Add to trolley&nbsp;Coles Lamb Loin Chops approx. 200g" class="btn-red action-addToTrolley"><span role="presentation" aria-hidden="true">Add to trolley</span></button>
		
		</div>
	</div>
	<div class="lists">
		
	</div>


	    <div class="actions">
	        			
			   <div class="MUItemForTrolleyDiv MUItemForTrolley_109887" data-catentry="109887">
		         <div class="MUul_109887"><div class="MUli_109887 hidden" aria-hidden="true"><span class="inTrolley"><span class="MUSpan_109887">0</span> in trolley</span></div></div>
		       </div>
		        <p class="clear"></p>
			 
			<div class="member-usuals-remove">
				<a href="#" class="action-removeFromUsuals usuals-remove">Remove from list <span class="accessibility">Coles Lamb Loin Chops approx. 200g</span></a>			
			</div>
			
				<div class="list">
					<a href="#" class="action-addToList action-list-add">Add to list <span class="accessibility">Coles Lamb Loin Chops approx. 200g</span></a> 
				</div>
				<div class="member-list-add">
					<a href="#" class="action-addToList action-list-add">Add to another list <span class="accessibility">Coles Lamb Loin Chops approx. 200g</span></a>
				</div>
			
			<div class="member-list-remove">
				 <a href="#" class="action-removeFromList">Remove from list <span class="accessibility">Coles Lamb Loin Chops approx. 200g</span></a> 
			</div>
			
				<div class="compareProd" role="presentation" aria-hidden="true">
					<a href="#" class="compare compare-add">Compare</a>
				</div>
			
				<a href="http://shop.coles.com.au/online/national/coles-lamb-loin-chops-8599456p" class="product-url accessibility">More details for Coles&nbsp;Lamb Loin Chops</a>
			
		</div>  
      

       	
		    <div role="presentation" aria-hidden="true" id="share" class="share" data-social="{productImgUrl:'http://shop.coles.com.au:27900/wcsstore/Coles-CAS/images/8/5/9/8599456-th.jpg'
	                                               ,productDisplayUrl:'http://shop.coles.com.au/online/national/coles-lamb-loin-chops-8599456p'
	                                               ,title:'Coles Lamb Loin Chops Indicated price based on approx. weight. Weight may vary between 175g and 225g.'
	                                               ,description:''}">
		 	</div>
 		
	</div>
</div>


	</form>
</div>


<span class="available hidden"></span>


<div class="outer-prod prodtile" data-refresh="{
					catalogId: &quot;10576&quot;,
					doInventory: &quot;N&quot;,
					fulfillmentCenterId: &quot;11576&quot;,
					forStoreId: &quot;10401&quot;,
					
					productDisplayURL: &quot;http://shop.coles.com.au/online/national/coles--pork-stir-fry&quot;				
			}">
	<form id="catEntryForm_86429" name="catEntryForm_86429" action="AjaxOrderChangeServiceItemAdd">
		
<div class=" " data-catentry="catEntry_86429" data-refresh="{
				addCalculationUsage: &quot;-1&quot;,
				langId: &quot;-1&quot;,
				storeId: &quot;10601&quot;, 
				catEntryId: &quot;86429&quot;, 
				catEntryName: &quot;Pork Stir Fry&quot;, 
				productView: &quot;list&quot;,
				productId: &quot;86429&quot;,
				itemId: &quot;150166&quot;,
				hideMultibuy: &quot;false&quot;,
                ticketType: &quot;&quot;,
                partNumber: &quot;1005666&quot;,
                offerCode: &quot;20120320&quot;
		}">
   	<div class="wrapper clearfix">   	
		

<h4 class="accessibility" id="heading_86429" tabindex="-1">
		Coles&nbsp;Pork Stir Fry&nbsp;
		500g&nbsp;
		 
</h4> 

<div class="offer-icon"></div>
<a role="presentation" aria-hidden="true" class="product-url" href="http://shop.coles.com.au/online/national/coles--pork-stir-fry">
	    <img role="presentation" aria-hidden="true" class="photo" src="/wcsstore/Coles-CAS/images/1/0/0/1005666-th.jpg" onerror="this.src='/wcsstore/ColesStorefrontAssetStore/dist/e0a775baf05f/images/spacer.gif'" alt="Pork Stir Fry" width="110" height="110">
	</a>

<div class="detail">	
    <span role="presentation" aria-hidden="true" class="brand">Coles</span>
    <span class="item" role="presentation" aria-hidden="true">
        <a role="presentation" aria-hidden="true" class="product-url" href="http://shop.coles.com.au/online/national/coles--pork-stir-fry">
        	Pork Stir Fry&nbsp;
        	500g
        </a>
    </span>
	<span class="size">
			
 	</span>
</div>


	<div class="purchasing">	    
	    <div class="saving">
	    	
	    </div>
	   	
	    		<div class="price"><span class="accessibility">Purchase price </span><small>$</small>9.50</div>
	    	
	    <div class="unit-price"><span class="accessibility">Unit price </span>$19.00 per 1Kg</div>
	    <div class="special-offer">	    	
	    	
	    </div> 
	    <div class="availability">Temporarily unavailable</div>
	    <div class="purchase">
		
			<input type="number" title="Add Quantity for Coles Pork Stir Fry 500g" name="quantity" id="catEntry_86429_qty" value="1" maxlength="2" size="2" class="v-mandatory v-numeric v-minval-1">
	        <button role="button" type="submit" title="Add to trolley&nbsp;Coles Pork Stir Fry 500g" class="btn-red action-addToTrolley"><span role="presentation" aria-hidden="true">Add to trolley</span></button>
		
		</div>
	</div>
	<div class="lists">
		
	</div>


	    <div class="actions">
	        			
			   <div class="MUItemForTrolleyDiv MUItemForTrolley_150166" data-catentry="150166">
		         <div class="MUul_150166"><div class="MUli_150166 hidden" aria-hidden="true"><span class="inTrolley"><span class="MUSpan_150166">0</span> in trolley</span></div></div>
		       </div>
		        <p class="clear"></p>
			 
			<div class="member-usuals-remove">
				<a href="#" class="action-removeFromUsuals usuals-remove">Remove from list <span class="accessibility">Coles Pork Stir Fry 500g</span></a>			
			</div>
			
				<div class="list">
					<a href="#" class="action-addToList action-list-add">Add to list <span class="accessibility">Coles Pork Stir Fry 500g</span></a> 
				</div>
				<div class="member-list-add">
					<a href="#" class="action-addToList action-list-add">Add to another list <span class="accessibility">Coles Pork Stir Fry 500g</span></a>
				</div>
			
			<div class="member-list-remove">
				 <a href="#" class="action-removeFromList">Remove from list <span class="accessibility">Coles Pork Stir Fry 500g</span></a> 
			</div>
			
				<div class="compareProd" role="presentation" aria-hidden="true">
					<a href="#" class="compare compare-add">Compare</a>
				</div>
			
				<a href="http://shop.coles.com.au/online/national/coles--pork-stir-fry" class="product-url accessibility">More details for Coles&nbsp;Pork Stir Fry</a>
			
		</div>  
      

       	
		    <div role="presentation" aria-hidden="true" id="share" class="share" data-social="{productImgUrl:'http://shop.coles.com.au:27900/wcsstore/Coles-CAS/images/1/0/0/1005666-th.jpg'
	                                               ,productDisplayUrl:'http://shop.coles.com.au/online/national/coles--pork-stir-fry'
	                                               ,title:'Coles Pork Stir Fry  '
	                                               ,description:'Pork Stir Fry 500g'}">
		 	</div>
 		
	</div>
</div>


	</form>
</div>


<span class="available hidden"></span>


<div class="outer-prod prodtile" data-refresh="{
					catalogId: &quot;10576&quot;,
					doInventory: &quot;N&quot;,
					fulfillmentCenterId: &quot;11576&quot;,
					forStoreId: &quot;10401&quot;,
					
					productDisplayURL: &quot;http://shop.coles.com.au/online/national/coles-brand-thick-bbq-sausage&quot;				
			}">
	<form id="catEntryForm_89893" name="catEntryForm_89893" action="AjaxOrderChangeServiceItemAdd">
		
<div class=" " data-catentry="catEntry_89893" data-refresh="{
				addCalculationUsage: &quot;-1&quot;,
				langId: &quot;-1&quot;,
				storeId: &quot;10601&quot;, 
				catEntryId: &quot;89893&quot;, 
				catEntryName: &quot;Thick BBQ Beef Sausages&quot;, 
				productView: &quot;list&quot;,
				productId: &quot;89893&quot;,
				itemId: &quot;147644&quot;,
				hideMultibuy: &quot;false&quot;,
                ticketType: &quot;&quot;,
                partNumber: &quot;1196101&quot;,
                offerCode: &quot;20140409&quot;
		}">
   	<div class="wrapper clearfix">   	
		

<h4 class="accessibility" id="heading_89893" tabindex="-1">
		Coles&nbsp;Thick BBQ Beef Sausages&nbsp;
		560g&nbsp;
		 
</h4> 

<div class="offer-icon"></div>
<a role="presentation" aria-hidden="true" class="product-url" href="http://shop.coles.com.au/online/national/coles-brand-thick-bbq-sausage">
	    <img role="presentation" aria-hidden="true" class="photo" src="/wcsstore/Coles-CAS/images/1/1/9/1196101-th.jpg" onerror="this.src='/wcsstore/ColesStorefrontAssetStore/dist/e0a775baf05f/images/spacer.gif'" alt="Thick BBQ Beef Sausages" width="110" height="110">
	</a>

<div class="detail">	
    <span role="presentation" aria-hidden="true" class="brand">Coles</span>
    <span class="item" role="presentation" aria-hidden="true">
        <a role="presentation" aria-hidden="true" class="product-url" href="http://shop.coles.com.au/online/national/coles-brand-thick-bbq-sausage">
        	Thick BBQ Beef Sausages&nbsp;
        	560g
        </a>
    </span>
	<span class="size">
			
 	</span>
</div>


	<div class="purchasing">	    
	    <div class="saving">
	    	
	    </div>
	   	
	    		<div class="price"><span class="accessibility">Purchase price </span><small>$</small>4.50</div>
	    	
	    <div class="unit-price"><span class="accessibility">Unit price </span>$8.04 per 1Kg</div>
	    <div class="special-offer">	    	
	    	
	    </div> 
	    <div class="availability">Temporarily unavailable</div>
	    <div class="purchase">
		
			<input type="number" title="Add Quantity for Coles Thick BBQ Beef Sausages 560g" name="quantity" id="catEntry_89893_qty" value="1" maxlength="2" size="2" class="v-mandatory v-numeric v-minval-1">
	        <button role="button" type="submit" title="Add to trolley&nbsp;Coles Thick BBQ Beef Sausages 560g" class="btn-red action-addToTrolley"><span role="presentation" aria-hidden="true">Add to trolley</span></button>
		
		</div>
	</div>
	<div class="lists">
		
	</div>


	    <div class="actions">
	        			
			   <div class="MUItemForTrolleyDiv MUItemForTrolley_147644" data-catentry="147644">
		         <div class="MUul_147644"><div class="MUli_147644 hidden" aria-hidden="true"><span class="inTrolley"><span class="MUSpan_147644">0</span> in trolley</span></div></div>
		       </div>
		        <p class="clear"></p>
			 
			<div class="member-usuals-remove">
				<a href="#" class="action-removeFromUsuals usuals-remove">Remove from list <span class="accessibility">Coles Thick BBQ Beef Sausages 560g</span></a>			
			</div>
			
				<div class="list">
					<a href="#" class="action-addToList action-list-add">Add to list <span class="accessibility">Coles Thick BBQ Beef Sausages 560g</span></a> 
				</div>
				<div class="member-list-add">
					<a href="#" class="action-addToList action-list-add">Add to another list <span class="accessibility">Coles Thick BBQ Beef Sausages 560g</span></a>
				</div>
			
			<div class="member-list-remove">
				 <a href="#" class="action-removeFromList">Remove from list <span class="accessibility">Coles Thick BBQ Beef Sausages 560g</span></a> 
			</div>
			
				<div class="compareProd" role="presentation" aria-hidden="true">
					<a href="#" class="compare compare-add">Compare</a>
				</div>
			
				<a href="http://shop.coles.com.au/online/national/coles-brand-thick-bbq-sausage" class="product-url accessibility">More details for Coles&nbsp;Thick BBQ Beef Sausages</a>
			
		</div>  
      

       	
		    <div role="presentation" aria-hidden="true" id="share" class="share" data-social="{productImgUrl:'http://shop.coles.com.au:27900/wcsstore/Coles-CAS/images/1/1/9/1196101-th.jpg'
	                                               ,productDisplayUrl:'http://shop.coles.com.au/online/national/coles-brand-thick-bbq-sausage'
	                                               ,title:'Coles Thick BBQ Beef Sausages  '
	                                               ,description:'Meat'}">
		 	</div>
 		
	</div>
</div>


	</form>
</div>


<span class="available hidden"></span>


<div class="outer-prod prodtile" data-refresh="{
					catalogId: &quot;10576&quot;,
					doInventory: &quot;N&quot;,
					fulfillmentCenterId: &quot;11576&quot;,
					forStoreId: &quot;10401&quot;,
					
					productDisplayURL: &quot;http://shop.coles.com.au/online/national/coles-chicken-thigh-cutlets-skin-on-1014204p&quot;				
			}">
	<form id="catEntryForm_90060" name="catEntryForm_90060" action="AjaxOrderChangeServiceItemAdd">
		
<div class=" " data-catentry="catEntry_90060" data-refresh="{
				addCalculationUsage: &quot;-1&quot;,
				langId: &quot;-1&quot;,
				storeId: &quot;10601&quot;, 
				catEntryId: &quot;90060&quot;, 
				catEntryName: &quot;RSPCA Approved Chicken Thigh Cutlets Skin On 6 Pieces&quot;, 
				productView: &quot;list&quot;,
				productId: &quot;90060&quot;,
				itemId: &quot;148385&quot;,
				hideMultibuy: &quot;false&quot;,
                ticketType: &quot;&quot;,
                partNumber: &quot;1014204&quot;,
                offerCode: &quot;20150128&quot;
		}">
   	<div class="wrapper clearfix">   	
		

<h4 class="accessibility" id="heading_90060" tabindex="-1">
		Coles&nbsp;RSPCA Approved Chicken Thigh Cutlets Skin On 6 Pieces&nbsp;
		approx. 1.3kg&nbsp;
		 
</h4> 

<div class="offer-icon"></div>
<a role="presentation" aria-hidden="true" class="product-url" href="http://shop.coles.com.au/online/national/coles-chicken-thigh-cutlets-skin-on-1014204p">
	    <img role="presentation" aria-hidden="true" class="photo" src="/wcsstore/Coles-CAS/images/1/0/1/1014204-th.jpg" onerror="this.src='/wcsstore/ColesStorefrontAssetStore/dist/e0a775baf05f/images/spacer.gif'" alt="RSPCA Approved Chicken Thigh Cutlets Skin On 6 Pieces" width="110" height="110">
	</a>

<div class="detail">	
    <span role="presentation" aria-hidden="true" class="brand">Coles</span>
    <span class="item" role="presentation" aria-hidden="true">
        <a role="presentation" aria-hidden="true" class="product-url" href="http://shop.coles.com.au/online/national/coles-chicken-thigh-cutlets-skin-on-1014204p">
        	RSPCA Approved Chicken Thigh Cutlets Skin On 6 Pieces&nbsp;
        	approx. 1.3kg
        </a>
    </span>
	<span class="size">
		Indicated price based on approx. weight. Weight may vary between 1.1kg and 1.5kg.	
 	</span>
</div>


	<div class="purchasing">	    
	    <div class="saving">
	    	
	    </div>
	   	
	    		<div class="price"><span class="accessibility">Purchase price </span><small>$</small>10.40</div>
	    	
	    <div class="unit-price"><span class="accessibility">Unit price </span>$8.00 per 1Kg</div>
	    <div class="special-offer">	    	
	    	
	    </div> 
	    <div class="availability">Temporarily unavailable</div>
	    <div class="purchase">
		
			<input type="number" title="Add Quantity for Coles RSPCA Approved Chicken Thigh Cutlets Skin On 6 Pieces approx. 1.3kg" name="quantity" id="catEntry_90060_qty" value="1" maxlength="2" size="2" class="v-mandatory v-numeric v-minval-1">
	        <button role="button" type="submit" title="Add to trolley&nbsp;Coles RSPCA Approved Chicken Thigh Cutlets Skin On 6 Pieces approx. 1.3kg" class="btn-red action-addToTrolley"><span role="presentation" aria-hidden="true">Add to trolley</span></button>
		
		</div>
	</div>
	<div class="lists">
		
	</div>


	    <div class="actions">
	        			
			   <div class="MUItemForTrolleyDiv MUItemForTrolley_148385" data-catentry="148385">
		         <div class="MUul_148385"><div class="MUli_148385 hidden" aria-hidden="true"><span class="inTrolley"><span class="MUSpan_148385">0</span> in trolley</span></div></div>
		       </div>
		        <p class="clear"></p>
			 
			<div class="member-usuals-remove">
				<a href="#" class="action-removeFromUsuals usuals-remove">Remove from list <span class="accessibility">Coles RSPCA Approved Chicken Thigh Cutlets Skin On 6 Pieces approx. 1.3kg</span></a>			
			</div>
			
				<div class="list">
					<a href="#" class="action-addToList action-list-add">Add to list <span class="accessibility">Coles RSPCA Approved Chicken Thigh Cutlets Skin On 6 Pieces approx. 1.3kg</span></a> 
				</div>
				<div class="member-list-add">
					<a href="#" class="action-addToList action-list-add">Add to another list <span class="accessibility">Coles RSPCA Approved Chicken Thigh Cutlets Skin On 6 Pieces approx. 1.3kg</span></a>
				</div>
			
			<div class="member-list-remove">
				 <a href="#" class="action-removeFromList">Remove from list <span class="accessibility">Coles RSPCA Approved Chicken Thigh Cutlets Skin On 6 Pieces approx. 1.3kg</span></a> 
			</div>
			
				<div class="compareProd" role="presentation" aria-hidden="true">
					<a href="#" class="compare compare-add">Compare</a>
				</div>
			
				<a href="http://shop.coles.com.au/online/national/coles-chicken-thigh-cutlets-skin-on-1014204p" class="product-url accessibility">More details for Coles&nbsp;RSPCA Approved Chicken Thigh Cutlets Skin On 6 Pieces</a>
			
		</div>  
      

       	
		    <div role="presentation" aria-hidden="true" id="share" class="share" data-social="{productImgUrl:'http://shop.coles.com.au:27900/wcsstore/Coles-CAS/images/1/0/1/1014204-th.jpg'
	                                               ,productDisplayUrl:'http://shop.coles.com.au/online/national/coles-chicken-thigh-cutlets-skin-on-1014204p'
	                                               ,title:'Coles RSPCA Approved Chicken Thigh Cutlets Skin On 6 Pieces Indicated price based on approx. weight. Weight may vary between 1.1kg and 1.5kg.'
	                                               ,description:'&amp;lt;p jQuery172003625875074244389=&amp;#034;323&amp;#034;&amp;gt;Coles is committed to helping Australia grow by providing Aussie families with a range of RSPCA Approved fresh meat options to make delicious meals. The RSPCA Approved Farming Scheme provides higher animal welfare standards for the care of pigs, chickens and turkeys. Animals in these farming systems are housed in an environment that meets their physical and behavioural needs. RSPCA Approved products are marked with an RSPCA Approved Farming Scheme logo.&amp;lt;/p&amp;gt;'}">
		 	</div>
 		
	</div>
</div>


	</form>
</div>


<span class="available hidden"></span>


<div class="outer-prod prodtile" data-refresh="{
					catalogId: &quot;10576&quot;,
					doInventory: &quot;N&quot;,
					fulfillmentCenterId: &quot;11576&quot;,
					forStoreId: &quot;10401&quot;,
					
					productDisplayURL: &quot;http://shop.coles.com.au/online/national/coles-butcher-lamb-leg-roast-boneless&quot;				
			}">
	<form id="catEntryForm_107271" name="catEntryForm_107271" action="AjaxOrderChangeServiceItemAdd">
		
<div class=" " data-catentry="catEntry_107271" data-refresh="{
				addCalculationUsage: &quot;-1&quot;,
				langId: &quot;-1&quot;,
				storeId: &quot;10601&quot;, 
				catEntryId: &quot;107271&quot;, 
				catEntryName: &quot;Lamb Leg Mini Roast&quot;, 
				productView: &quot;list&quot;,
				productId: &quot;107271&quot;,
				itemId: &quot;167752&quot;,
				hideMultibuy: &quot;false&quot;,
                ticketType: &quot;&quot;,
                partNumber: &quot;9206887&quot;,
                offerCode: &quot;20150128&quot;
		}">
   	<div class="wrapper clearfix">   	
		

<h4 class="accessibility" id="heading_107271" tabindex="-1">
		Coles&nbsp;Lamb Leg Mini Roast&nbsp;
		approx. 900g&nbsp;
		 
</h4> 

<div class="offer-icon"></div>
<a role="presentation" aria-hidden="true" class="product-url" href="http://shop.coles.com.au/online/national/coles-butcher-lamb-leg-roast-boneless">
	    <img role="presentation" aria-hidden="true" class="photo" src="/wcsstore/Coles-CAS/images/9/2/0/9206887-th.jpg" onerror="this.src='/wcsstore/ColesStorefrontAssetStore/dist/e0a775baf05f/images/spacer.gif'" alt="Lamb Leg Mini Roast" width="110" height="110">
	</a>

<div class="detail">	
    <span role="presentation" aria-hidden="true" class="brand">Coles</span>
    <span class="item" role="presentation" aria-hidden="true">
        <a role="presentation" aria-hidden="true" class="product-url" href="http://shop.coles.com.au/online/national/coles-butcher-lamb-leg-roast-boneless">
        	Lamb Leg Mini Roast&nbsp;
        	approx. 900g
        </a>
    </span>
	<span class="size">
		Indicated price based on approx. weight. Weight may vary between 850g and 950g.	
 	</span>
</div>


	<div class="purchasing">	    
	    <div class="saving">
	    	
	    </div>
	   	
	    		<div class="price"><span class="accessibility">Purchase price </span><small>$</small>18.89</div>
	    	
	    <div class="unit-price"><span class="accessibility">Unit price </span>$20.99 per 1Kg</div>
	    <div class="special-offer">	    	
	    	
	    </div> 
	    <div class="availability">Temporarily unavailable</div>
	    <div class="purchase">
		
			<input type="number" title="Add Quantity for Coles Lamb Leg Mini Roast approx. 900g" name="quantity" id="catEntry_107271_qty" value="1" maxlength="2" size="2" class="v-mandatory v-numeric v-minval-1">
	        <button role="button" type="submit" title="Add to trolley&nbsp;Coles Lamb Leg Mini Roast approx. 900g" class="btn-red action-addToTrolley"><span role="presentation" aria-hidden="true">Add to trolley</span></button>
		
		</div>
	</div>
	<div class="lists">
		
	</div>


	    <div class="actions">
	        			
			   <div class="MUItemForTrolleyDiv MUItemForTrolley_167752" data-catentry="167752">
		         <div class="MUul_167752"><div class="MUli_167752 hidden" aria-hidden="true"><span class="inTrolley"><span class="MUSpan_167752">0</span> in trolley</span></div></div>
		       </div>
		        <p class="clear"></p>
			 
			<div class="member-usuals-remove">
				<a href="#" class="action-removeFromUsuals usuals-remove">Remove from list <span class="accessibility">Coles Lamb Leg Mini Roast approx. 900g</span></a>			
			</div>
			
				<div class="list">
					<a href="#" class="action-addToList action-list-add">Add to list <span class="accessibility">Coles Lamb Leg Mini Roast approx. 900g</span></a> 
				</div>
				<div class="member-list-add">
					<a href="#" class="action-addToList action-list-add">Add to another list <span class="accessibility">Coles Lamb Leg Mini Roast approx. 900g</span></a>
				</div>
			
			<div class="member-list-remove">
				 <a href="#" class="action-removeFromList">Remove from list <span class="accessibility">Coles Lamb Leg Mini Roast approx. 900g</span></a> 
			</div>
			
				<div class="compareProd" role="presentation" aria-hidden="true">
					<a href="#" class="compare compare-add">Compare</a>
				</div>
			
				<a href="http://shop.coles.com.au/online/national/coles-butcher-lamb-leg-roast-boneless" class="product-url accessibility">More details for Coles&nbsp;Lamb Leg Mini Roast</a>
			
		</div>  
      

       	
		    <div role="presentation" aria-hidden="true" id="share" class="share" data-social="{productImgUrl:'http://shop.coles.com.au:27900/wcsstore/Coles-CAS/images/9/2/0/9206887-th.jpg'
	                                               ,productDisplayUrl:'http://shop.coles.com.au/online/national/coles-butcher-lamb-leg-roast-boneless'
	                                               ,title:'Coles Lamb Leg Mini Roast Indicated price based on approx. weight. Weight may vary between 850g and 950g.'
	                                               ,description:''}">
		 	</div>
 		
	</div>
</div>


	</form>
</div>


<span class="available hidden"></span>


<div class="outer-prod prodtile" data-refresh="{
					catalogId: &quot;10576&quot;,
					doInventory: &quot;N&quot;,
					fulfillmentCenterId: &quot;11576&quot;,
					forStoreId: &quot;10401&quot;,
					
					productDisplayURL: &quot;http://shop.coles.com.au/online/national/dodoni-cheese-greek-feta&quot;				
			}">
	<form id="catEntryForm_76592" name="catEntryForm_76592" action="AjaxOrderChangeServiceItemAdd">
		
<div class=" " data-catentry="catEntry_76592" data-refresh="{
				addCalculationUsage: &quot;-1&quot;,
				langId: &quot;-1&quot;,
				storeId: &quot;10601&quot;, 
				catEntryId: &quot;76592&quot;, 
				catEntryName: &quot;Greek Fetta&quot;, 
				productView: &quot;list&quot;,
				productId: &quot;76592&quot;,
				itemId: &quot;138015&quot;,
				hideMultibuy: &quot;false&quot;,
                ticketType: &quot;&quot;,
                partNumber: &quot;5532299&quot;,
                offerCode: &quot;20141217&quot;
		}">
   	<div class="wrapper clearfix">   	
		

<h4 class="accessibility" id="heading_76592" tabindex="-1">
		Coles Deli&nbsp;Greek Fetta&nbsp;
		approx. 125g&nbsp;
		 
</h4> 

<div class="offer-icon"></div>
<a role="presentation" aria-hidden="true" class="product-url" href="http://shop.coles.com.au/online/national/dodoni-cheese-greek-feta">
	    <img role="presentation" aria-hidden="true" class="photo" src="/wcsstore/Coles-CAS/images/5/5/3/5532299-th.jpg" onerror="this.src='/wcsstore/ColesStorefrontAssetStore/dist/e0a775baf05f/images/spacer.gif'" alt="Greek Fetta" width="110" height="110">
	</a>

<div class="detail">	
    <span role="presentation" aria-hidden="true" class="brand">Coles Deli</span>
    <span class="item" role="presentation" aria-hidden="true">
        <a role="presentation" aria-hidden="true" class="product-url" href="http://shop.coles.com.au/online/national/dodoni-cheese-greek-feta">
        	Greek Fetta&nbsp;
        	approx. 125g
        </a>
    </span>
	<span class="size">
		Indicated price based on approx. weight. Weight may vary between 100g and 150g.	
 	</span>
</div>


	<div class="purchasing">	    
	    <div class="saving">
	    	
	    </div>
	   	
	    		<div class="price"><span class="accessibility">Purchase price </span><small>$</small>3.71</div>
	    	
	    <div class="unit-price"><span class="accessibility">Unit price </span>$29.70 per 1kg</div>
	    <div class="special-offer">	    	
	    	
	    </div> 
	    <div class="availability">Temporarily unavailable</div>
	    <div class="purchase">
		
			<input type="number" title="Add Quantity for Coles Deli Greek Fetta approx. 125g" name="quantity" id="catEntry_76592_qty" value="1" maxlength="2" size="2" class="v-mandatory v-numeric v-minval-1">
	        <button role="button" type="submit" title="Add to trolley&nbsp;Coles Deli Greek Fetta approx. 125g" class="btn-red action-addToTrolley"><span role="presentation" aria-hidden="true">Add to trolley</span></button>
		
		</div>
	</div>
	<div class="lists">
		
	</div>


	    <div class="actions">
	        			
			   <div class="MUItemForTrolleyDiv MUItemForTrolley_138015" data-catentry="138015">
		         <div class="MUul_138015"><div class="MUli_138015 hidden" aria-hidden="true"><span class="inTrolley"><span class="MUSpan_138015">0</span> in trolley</span></div></div>
		       </div>
		        <p class="clear"></p>
			 
			<div class="member-usuals-remove">
				<a href="#" class="action-removeFromUsuals usuals-remove">Remove from list <span class="accessibility">Coles Deli Greek Fetta approx. 125g</span></a>			
			</div>
			
				<div class="list">
					<a href="#" class="action-addToList action-list-add">Add to list <span class="accessibility">Coles Deli Greek Fetta approx. 125g</span></a> 
				</div>
				<div class="member-list-add">
					<a href="#" class="action-addToList action-list-add">Add to another list <span class="accessibility">Coles Deli Greek Fetta approx. 125g</span></a>
				</div>
			
			<div class="member-list-remove">
				 <a href="#" class="action-removeFromList">Remove from list <span class="accessibility">Coles Deli Greek Fetta approx. 125g</span></a> 
			</div>
			
				<div class="compareProd" role="presentation" aria-hidden="true">
					<a href="#" class="compare compare-add">Compare</a>
				</div>
			
				<a href="http://shop.coles.com.au/online/national/dodoni-cheese-greek-feta" class="product-url accessibility">More details for Coles Deli&nbsp;Greek Fetta</a>
			
		</div>  
      

       	
		    <div role="presentation" aria-hidden="true" id="share" class="share" data-social="{productImgUrl:'http://shop.coles.com.au:27900/wcsstore/Coles-CAS/images/5/5/3/5532299-th.jpg'
	                                               ,productDisplayUrl:'http://shop.coles.com.au/online/national/dodoni-cheese-greek-feta'
	                                               ,title:'Coles Deli Greek Fetta Indicated price based on approx. weight. Weight may vary between 100g and 150g.'
	                                               ,description:''}">
		 	</div>
 		
	</div>
</div>


	</form>
</div>


<span class="available hidden"></span>


<div class="outer-prod prodtile" data-refresh="{
					catalogId: &quot;10576&quot;,
					doInventory: &quot;N&quot;,
					fulfillmentCenterId: &quot;11576&quot;,
					forStoreId: &quot;10401&quot;,
					
					productDisplayURL: &quot;http://shop.coles.com.au/online/national/berliner-fleischwurst--sliced&quot;				
			}">
	<form id="catEntryForm_81195" name="catEntryForm_81195" action="AjaxOrderChangeServiceItemAdd">
		
<div class=" " data-catentry="catEntry_81195" data-refresh="{
				addCalculationUsage: &quot;-1&quot;,
				langId: &quot;-1&quot;,
				storeId: &quot;10601&quot;, 
				catEntryId: &quot;81195&quot;, 
				catEntryName: &quot;Sliced Primo Fleischwurst Berliner&quot;, 
				productView: &quot;list&quot;,
				productId: &quot;81195&quot;,
				itemId: &quot;146827&quot;,
				hideMultibuy: &quot;false&quot;,
                ticketType: &quot;&quot;,
                partNumber: &quot;5088938&quot;,
                offerCode: &quot;20150202&quot;
		}">
   	<div class="wrapper clearfix">   	
		

<h4 class="accessibility" id="heading_81195" tabindex="-1">
		Coles Deli&nbsp;Sliced Primo Fleischwurst Berliner&nbsp;
		approx. 125g&nbsp;
		 
</h4> 

<div class="offer-icon"></div>
<a role="presentation" aria-hidden="true" class="product-url" href="http://shop.coles.com.au/online/national/berliner-fleischwurst--sliced">
	    <img role="presentation" aria-hidden="true" class="photo" src="/wcsstore/Coles-CAS/images/5/0/8/5088938-th.jpg" onerror="this.src='/wcsstore/ColesStorefrontAssetStore/dist/e0a775baf05f/images/spacer.gif'" alt="Sliced Primo Fleischwurst Berliner" width="110" height="110">
	</a>

<div class="detail">	
    <span role="presentation" aria-hidden="true" class="brand">Coles Deli</span>
    <span class="item" role="presentation" aria-hidden="true">
        <a role="presentation" aria-hidden="true" class="product-url" href="http://shop.coles.com.au/online/national/berliner-fleischwurst--sliced">
        	Sliced Primo Fleischwurst Berliner&nbsp;
        	approx. 125g
        </a>
    </span>
	<span class="size">
		Indicated price based on approx. weight. Weight may vary between 100g and 150g.	
 	</span>
</div>


	<div class="purchasing">	    
	    <div class="saving">
	    	
	    </div>
	   	
	    		<div class="price"><span class="accessibility">Purchase price </span><small>$</small>1.94</div>
	    	
	    <div class="unit-price"><span class="accessibility">Unit price </span>$15.50 per 1kg</div>
	    <div class="special-offer">	    	
	    	
	    </div> 
	    <div class="availability">Temporarily unavailable</div>
	    <div class="purchase">
		
			<input type="number" title="Add Quantity for Coles Deli Sliced Primo Fleischwurst Berliner approx. 125g" name="quantity" id="catEntry_81195_qty" value="1" maxlength="2" size="2" class="v-mandatory v-numeric v-minval-1">
	        <button role="button" type="submit" title="Add to trolley&nbsp;Coles Deli Sliced Primo Fleischwurst Berliner approx. 125g" class="btn-red action-addToTrolley"><span role="presentation" aria-hidden="true">Add to trolley</span></button>
		
		</div>
	</div>
	<div class="lists">
		
	</div>


	    <div class="actions">
	        			
			   <div class="MUItemForTrolleyDiv MUItemForTrolley_146827" data-catentry="146827">
		         <div class="MUul_146827"><div class="MUli_146827 hidden" aria-hidden="true"><span class="inTrolley"><span class="MUSpan_146827">0</span> in trolley</span></div></div>
		       </div>
		        <p class="clear"></p>
			 
			<div class="member-usuals-remove">
				<a href="#" class="action-removeFromUsuals usuals-remove">Remove from list <span class="accessibility">Coles Deli Sliced Primo Fleischwurst Berliner approx. 125g</span></a>			
			</div>
			
				<div class="list">
					<a href="#" class="action-addToList action-list-add">Add to list <span class="accessibility">Coles Deli Sliced Primo Fleischwurst Berliner approx. 125g</span></a> 
				</div>
				<div class="member-list-add">
					<a href="#" class="action-addToList action-list-add">Add to another list <span class="accessibility">Coles Deli Sliced Primo Fleischwurst Berliner approx. 125g</span></a>
				</div>
			
			<div class="member-list-remove">
				 <a href="#" class="action-removeFromList">Remove from list <span class="accessibility">Coles Deli Sliced Primo Fleischwurst Berliner approx. 125g</span></a> 
			</div>
			
				<div class="compareProd" role="presentation" aria-hidden="true">
					<a href="#" class="compare compare-add">Compare</a>
				</div>
			
				<a href="http://shop.coles.com.au/online/national/berliner-fleischwurst--sliced" class="product-url accessibility">More details for Coles Deli&nbsp;Sliced Primo Fleischwurst Berliner</a>
			
		</div>  
      

       	
		    <div role="presentation" aria-hidden="true" id="share" class="share" data-social="{productImgUrl:'http://shop.coles.com.au:27900/wcsstore/Coles-CAS/images/5/0/8/5088938-th.jpg'
	                                               ,productDisplayUrl:'http://shop.coles.com.au/online/national/berliner-fleischwurst--sliced'
	                                               ,title:'Coles Deli Sliced Primo Fleischwurst Berliner Indicated price based on approx. weight. Weight may vary between 100g and 150g.'
	                                               ,description:'The product, Berliner Fleischwurst, is a Mildly Seasoned Emulsion type product, manufactured from Pork in Moisture Proof Casing. Berliner is a Cooked, Ready to Eat product. Berliner is suitable for use in Salads and Sandwiches.'}">
		 	</div>
 		
	</div>
</div>


	</form>
</div>


<span class="available hidden"></span>


<div class="outer-prod prodtile" data-refresh="{
					catalogId: &quot;10576&quot;,
					doInventory: &quot;N&quot;,
					fulfillmentCenterId: &quot;11576&quot;,
					forStoreId: &quot;10401&quot;,
					
					productDisplayURL: &quot;http://shop.coles.com.au/online/national/coles-grill-chicken-steaks-lemon-and-herb&quot;				
			}">
	<form id="catEntryForm_259529" name="catEntryForm_259529" action="AjaxOrderChangeServiceItemAdd">
		
<div class=" " data-catentry="catEntry_259529" data-refresh="{
				addCalculationUsage: &quot;-1&quot;,
				langId: &quot;-1&quot;,
				storeId: &quot;10601&quot;, 
				catEntryId: &quot;259529&quot;, 
				catEntryName: &quot;Lemon &amp; Herb Chicken Thighs&quot;, 
				productView: &quot;list&quot;,
				productId: &quot;259529&quot;,
				itemId: &quot;259617&quot;,
				hideMultibuy: &quot;false&quot;,
                ticketType: &quot;&quot;,
                partNumber: &quot;1488173&quot;,
                offerCode: &quot;20140430&quot;
		}">
   	<div class="wrapper clearfix">   	
		

<h4 class="accessibility" id="heading_259529" tabindex="-1">
		Coles Grill&nbsp;Lemon &amp; Herb Chicken Thighs&nbsp;
		450g&nbsp;
		 
</h4> 

<div class="offer-icon"></div>
<a role="presentation" aria-hidden="true" class="product-url" href="http://shop.coles.com.au/online/national/coles-grill-chicken-steaks-lemon-and-herb">
	    <img role="presentation" aria-hidden="true" class="photo" src="/wcsstore/Coles-CAS/images/1/4/8/1488173-th.jpg" onerror="this.src='/wcsstore/ColesStorefrontAssetStore/dist/e0a775baf05f/images/spacer.gif'" alt="Lemon &amp; Herb Chicken Thighs" width="110" height="110">
	</a>

<div class="detail">	
    <span role="presentation" aria-hidden="true" class="brand">Coles Grill</span>
    <span class="item" role="presentation" aria-hidden="true">
        <a role="presentation" aria-hidden="true" class="product-url" href="http://shop.coles.com.au/online/national/coles-grill-chicken-steaks-lemon-and-herb">
        	Lemon &amp; Herb Chicken Thighs&nbsp;
        	450g
        </a>
    </span>
	<span class="size">
			
 	</span>
</div>


	<div class="purchasing">	    
	    <div class="saving">
	    	
	    </div>
	   	
	    		<div class="price"><span class="accessibility">Purchase price </span><small>$</small>7.70</div>
	    	
	    <div class="unit-price"><span class="accessibility">Unit price </span>$17.11 per 1Kg</div>
	    <div class="special-offer">	    	
	    	
	    </div> 
	    <div class="availability">Temporarily unavailable</div>
	    <div class="purchase">
		
			<input type="number" title="Add Quantity for Coles Grill Lemon &amp; Herb Chicken Thighs 450g" name="quantity" id="catEntry_259529_qty" value="1" maxlength="2" size="2" class="v-mandatory v-numeric v-minval-1">
	        <button role="button" type="submit" title="Add to trolley&nbsp;Coles Grill Lemon &amp; Herb Chicken Thighs 450g" class="btn-red action-addToTrolley"><span role="presentation" aria-hidden="true">Add to trolley</span></button>
		
		</div>
	</div>
	<div class="lists">
		
	</div>


	    <div class="actions">
	        			
			   <div class="MUItemForTrolleyDiv MUItemForTrolley_259617" data-catentry="259617">
		         <div class="MUul_259617"><div class="MUli_259617 hidden" aria-hidden="true"><span class="inTrolley"><span class="MUSpan_259617">0</span> in trolley</span></div></div>
		       </div>
		        <p class="clear"></p>
			 
			<div class="member-usuals-remove">
				<a href="#" class="action-removeFromUsuals usuals-remove">Remove from list <span class="accessibility">Coles Grill Lemon &amp; Herb Chicken Thighs 450g</span></a>			
			</div>
			
				<div class="list">
					<a href="#" class="action-addToList action-list-add">Add to list <span class="accessibility">Coles Grill Lemon &amp; Herb Chicken Thighs 450g</span></a> 
				</div>
				<div class="member-list-add">
					<a href="#" class="action-addToList action-list-add">Add to another list <span class="accessibility">Coles Grill Lemon &amp; Herb Chicken Thighs 450g</span></a>
				</div>
			
			<div class="member-list-remove">
				 <a href="#" class="action-removeFromList">Remove from list <span class="accessibility">Coles Grill Lemon &amp; Herb Chicken Thighs 450g</span></a> 
			</div>
			
				<div class="compareProd" role="presentation" aria-hidden="true">
					<a href="#" class="compare compare-add">Compare</a>
				</div>
			
				<a href="http://shop.coles.com.au/online/national/coles-grill-chicken-steaks-lemon-and-herb" class="product-url accessibility">More details for Coles Grill&nbsp;Lemon &amp; Herb Chicken Thighs</a>
			
		</div>  
      

       	
		    <div role="presentation" aria-hidden="true" id="share" class="share" data-social="{productImgUrl:'http://shop.coles.com.au:27900/wcsstore/Coles-CAS/images/1/4/8/1488173-th.jpg'
	                                               ,productDisplayUrl:'http://shop.coles.com.au/online/national/coles-grill-chicken-steaks-lemon-and-herb'
	                                               ,title:'Coles Grill Lemon &amp; Herb Chicken Thighs  '
	                                               ,description:''}">
		 	</div>
 		
	</div>
</div>


	</form>
</div>


<span class="available hidden"></span>


<div class="outer-prod prodtile" data-refresh="{
					catalogId: &quot;10576&quot;,
					doInventory: &quot;N&quot;,
					fulfillmentCenterId: &quot;11576&quot;,
					forStoreId: &quot;10401&quot;,
					
					productDisplayURL: &quot;http://shop.coles.com.au/online/national/coles-simply-less-dip-hommus&quot;				
			}">
	<form id="catEntryForm_60921" name="catEntryForm_60921" action="AjaxOrderChangeServiceItemAdd">
		
<div class=" " data-catentry="catEntry_60921" data-refresh="{
				addCalculationUsage: &quot;-1&quot;,
				langId: &quot;-1&quot;,
				storeId: &quot;10601&quot;, 
				catEntryId: &quot;60921&quot;, 
				catEntryName: &quot;Light Hommus Dip&quot;, 
				productView: &quot;list&quot;,
				productId: &quot;60921&quot;,
				itemId: &quot;121834&quot;,
				hideMultibuy: &quot;false&quot;,
                ticketType: &quot;&quot;,
                partNumber: &quot;7712247&quot;,
                offerCode: &quot;20140430&quot;
		}">
   	<div class="wrapper clearfix">   	
		

<h4 class="accessibility" id="heading_60921" tabindex="-1">
		Coles Simply Less&nbsp;Light Hommus Dip&nbsp;
		200g&nbsp;
		 
</h4> 

<div class="offer-icon"></div>
<a role="presentation" aria-hidden="true" class="product-url" href="http://shop.coles.com.au/online/national/coles-simply-less-dip-hommus">
	    <img role="presentation" aria-hidden="true" class="photo" src="/wcsstore/Coles-CAS/images/7/7/1/7712247-th.jpg" onerror="this.src='/wcsstore/ColesStorefrontAssetStore/dist/e0a775baf05f/images/spacer.gif'" alt="Light Hommus Dip" width="110" height="110">
	</a>

<div class="detail">	
    <span role="presentation" aria-hidden="true" class="brand">Coles Simply Less</span>
    <span class="item" role="presentation" aria-hidden="true">
        <a role="presentation" aria-hidden="true" class="product-url" href="http://shop.coles.com.au/online/national/coles-simply-less-dip-hommus">
        	Light Hommus Dip&nbsp;
        	200g
        </a>
    </span>
	<span class="size">
			
 	</span>
</div>


	<div class="purchasing">	    
	    <div class="saving">
	    	
	    </div>
	   	
	    		<div class="price"><span class="accessibility">Purchase price </span><small>$</small>2.86</div>
	    	
	    <div class="unit-price"><span class="accessibility">Unit price </span>$1.43 per 100G</div>
	    <div class="special-offer">	    	
	    	
	    </div> 
	    <div class="availability">Temporarily unavailable</div>
	    <div class="purchase">
		
			<input type="number" title="Add Quantity for Coles Simply Less Light Hommus Dip 200g" name="quantity" id="catEntry_60921_qty" value="1" maxlength="2" size="2" class="v-mandatory v-numeric v-minval-1">
	        <button role="button" type="submit" title="Add to trolley&nbsp;Coles Simply Less Light Hommus Dip 200g" class="btn-red action-addToTrolley"><span role="presentation" aria-hidden="true">Add to trolley</span></button>
		
		</div>
	</div>
	<div class="lists">
		
	</div>


	    <div class="actions">
	        			
			   <div class="MUItemForTrolleyDiv MUItemForTrolley_121834" data-catentry="121834">
		         <div class="MUul_121834"><div class="MUli_121834 hidden" aria-hidden="true"><span class="inTrolley"><span class="MUSpan_121834">0</span> in trolley</span></div></div>
		       </div>
		        <p class="clear"></p>
			 
			<div class="member-usuals-remove">
				<a href="#" class="action-removeFromUsuals usuals-remove">Remove from list <span class="accessibility">Coles Simply Less Light Hommus Dip 200g</span></a>			
			</div>
			
				<div class="list">
					<a href="#" class="action-addToList action-list-add">Add to list <span class="accessibility">Coles Simply Less Light Hommus Dip 200g</span></a> 
				</div>
				<div class="member-list-add">
					<a href="#" class="action-addToList action-list-add">Add to another list <span class="accessibility">Coles Simply Less Light Hommus Dip 200g</span></a>
				</div>
			
			<div class="member-list-remove">
				 <a href="#" class="action-removeFromList">Remove from list <span class="accessibility">Coles Simply Less Light Hommus Dip 200g</span></a> 
			</div>
			
				<div class="compareProd" role="presentation" aria-hidden="true">
					<a href="#" class="compare compare-add">Compare</a>
				</div>
			
				<a href="http://shop.coles.com.au/online/national/coles-simply-less-dip-hommus" class="product-url accessibility">More details for Coles Simply Less&nbsp;Light Hommus Dip</a>
			
		</div>  
      

       	
		    <div role="presentation" aria-hidden="true" id="share" class="share" data-social="{productImgUrl:'http://shop.coles.com.au:27900/wcsstore/Coles-CAS/images/7/7/1/7712247-th.jpg'
	                                               ,productDisplayUrl:'http://shop.coles.com.au/online/national/coles-simply-less-dip-hommus'
	                                               ,title:'Coles Simply Less Light Hommus Dip  '
	                                               ,description:'Chickpea, tahini and garlic dip with a smooth and creamy texture'}">
		 	</div>
 		
	</div>
</div>


	</form>
</div>


<span class="available hidden"></span>


<div class="outer-prod prodtile" data-refresh="{
					catalogId: &quot;10576&quot;,
					doInventory: &quot;N&quot;,
					fulfillmentCenterId: &quot;11576&quot;,
					forStoreId: &quot;10401&quot;,
					
					productDisplayURL: &quot;http://shop.coles.com.au/online/national/hans-franks-hot-dog-american&quot;				
			}">
	<form id="catEntryForm_77142" name="catEntryForm_77142" action="AjaxOrderChangeServiceItemAdd">
		
<div class=" " data-catentry="catEntry_77142" data-refresh="{
				addCalculationUsage: &quot;-1&quot;,
				langId: &quot;-1&quot;,
				storeId: &quot;10601&quot;, 
				catEntryId: &quot;77142&quot;, 
				catEntryName: &quot;Hot Dog American Frankfurts&quot;, 
				productView: &quot;list&quot;,
				productId: &quot;77142&quot;,
				itemId: &quot;137898&quot;,
				hideMultibuy: &quot;false&quot;,
                ticketType: &quot;&quot;,
                partNumber: &quot;5738556&quot;,
                offerCode: &quot;20141217&quot;
		}">
   	<div class="wrapper clearfix">   	
		

<h4 class="accessibility" id="heading_77142" tabindex="-1">
		Hans&nbsp;Hot Dog American Frankfurts&nbsp;
		375g&nbsp;
		 
</h4> 

<div class="offer-icon"></div>
<a role="presentation" aria-hidden="true" class="product-url" href="http://shop.coles.com.au/online/national/hans-franks-hot-dog-american">
	    <img role="presentation" aria-hidden="true" class="photo" src="/wcsstore/Coles-CAS/images/5/7/3/5738556-th.jpg" onerror="this.src='/wcsstore/ColesStorefrontAssetStore/dist/e0a775baf05f/images/spacer.gif'" alt="Hot Dog American Frankfurts" width="110" height="110">
	</a>

<div class="detail">	
    <span role="presentation" aria-hidden="true" class="brand">Hans</span>
    <span class="item" role="presentation" aria-hidden="true">
        <a role="presentation" aria-hidden="true" class="product-url" href="http://shop.coles.com.au/online/national/hans-franks-hot-dog-american">
        	Hot Dog American Frankfurts&nbsp;
        	375g
        </a>
    </span>
	<span class="size">
			
 	</span>
</div>


	<div class="purchasing">	    
	    <div class="saving">
	    	
	    </div>
	   	
	    		<div class="price"><span class="accessibility">Purchase price </span><small>$</small>6.33</div>
	    	
	    <div class="unit-price"><span class="accessibility">Unit price </span>$16.88 per 1Kg</div>
	    <div class="special-offer">	    	
	    	
	    </div> 
	    <div class="availability">Temporarily unavailable</div>
	    <div class="purchase">
		
			<input type="number" title="Add Quantity for Hans Hot Dog American Frankfurts 375g" name="quantity" id="catEntry_77142_qty" value="1" maxlength="2" size="2" class="v-mandatory v-numeric v-minval-1">
	        <button role="button" type="submit" title="Add to trolley&nbsp;Hans Hot Dog American Frankfurts 375g" class="btn-red action-addToTrolley"><span role="presentation" aria-hidden="true">Add to trolley</span></button>
		
		</div>
	</div>
	<div class="lists">
		
	</div>


	    <div class="actions">
	        			
			   <div class="MUItemForTrolleyDiv MUItemForTrolley_137898" data-catentry="137898">
		         <div class="MUul_137898"><div class="MUli_137898 hidden" aria-hidden="true"><span class="inTrolley"><span class="MUSpan_137898">0</span> in trolley</span></div></div>
		       </div>
		        <p class="clear"></p>
			 
			<div class="member-usuals-remove">
				<a href="#" class="action-removeFromUsuals usuals-remove">Remove from list <span class="accessibility">Hans Hot Dog American Frankfurts 375g</span></a>			
			</div>
			
				<div class="list">
					<a href="#" class="action-addToList action-list-add">Add to list <span class="accessibility">Hans Hot Dog American Frankfurts 375g</span></a> 
				</div>
				<div class="member-list-add">
					<a href="#" class="action-addToList action-list-add">Add to another list <span class="accessibility">Hans Hot Dog American Frankfurts 375g</span></a>
				</div>
			
			<div class="member-list-remove">
				 <a href="#" class="action-removeFromList">Remove from list <span class="accessibility">Hans Hot Dog American Frankfurts 375g</span></a> 
			</div>
			
				<div class="compareProd" role="presentation" aria-hidden="true">
					<a href="#" class="compare compare-add">Compare</a>
				</div>
			
				<a href="http://shop.coles.com.au/online/national/hans-franks-hot-dog-american" class="product-url accessibility">More details for Hans&nbsp;Hot Dog American Frankfurts</a>
			
		</div>  
      

       	
		    <div role="presentation" aria-hidden="true" id="share" class="share" data-social="{productImgUrl:'http://shop.coles.com.au:27900/wcsstore/Coles-CAS/images/5/7/3/5738556-th.jpg'
	                                               ,productDisplayUrl:'http://shop.coles.com.au/online/national/hans-franks-hot-dog-american'
	                                               ,title:'Hans Hot Dog American Frankfurts '
	                                               ,description:'American Hot dogs.'}">
		 	</div>
 		
	</div>
</div>


	</form>
</div>


<span class="available hidden"></span>


<div class="outer-prod prodtile" data-refresh="{
					catalogId: &quot;10576&quot;,
					doInventory: &quot;N&quot;,
					fulfillmentCenterId: &quot;11576&quot;,
					forStoreId: &quot;10401&quot;,
					
					productDisplayURL: &quot;http://shop.coles.com.au/online/national/perfecto-chicken-cocktail-kebabs-bbq&quot;				
			}">
	<form id="catEntryForm_53950" name="catEntryForm_53950" action="AjaxOrderChangeServiceItemAdd">
		
<div class=" " data-catentry="catEntry_53950" data-refresh="{
				addCalculationUsage: &quot;-1&quot;,
				langId: &quot;-1&quot;,
				storeId: &quot;10601&quot;, 
				catEntryId: &quot;53950&quot;, 
				catEntryName: &quot;Cocktail BBQ Chicken Kebabs&quot;, 
				productView: &quot;list&quot;,
				productId: &quot;53950&quot;,
				itemId: &quot;111405&quot;,
				hideMultibuy: &quot;false&quot;,
                ticketType: &quot;&quot;,
                partNumber: &quot;8575254&quot;,
                offerCode: &quot;20120321&quot;
		}">
   	<div class="wrapper clearfix">   	
		

<h4 class="accessibility" id="heading_53950" tabindex="-1">
		Perfecto Quality Foods&nbsp;Cocktail BBQ Chicken Kebabs&nbsp;
		1 each&nbsp;
		 
</h4> 

<div class="offer-icon"></div>
<a role="presentation" aria-hidden="true" class="product-url" href="http://shop.coles.com.au/online/national/perfecto-chicken-cocktail-kebabs-bbq">
	    <img role="presentation" aria-hidden="true" class="photo" src="/wcsstore/Coles-CAS/images/8/5/7/8575254-th.jpg" onerror="this.src='/wcsstore/ColesStorefrontAssetStore/dist/e0a775baf05f/images/spacer.gif'" alt="Cocktail BBQ Chicken Kebabs" width="110" height="110">
	</a>

<div class="detail">	
    <span role="presentation" aria-hidden="true" class="brand">Perfecto Quality Foods</span>
    <span class="item" role="presentation" aria-hidden="true">
        <a role="presentation" aria-hidden="true" class="product-url" href="http://shop.coles.com.au/online/national/perfecto-chicken-cocktail-kebabs-bbq">
        	Cocktail BBQ Chicken Kebabs&nbsp;
        	1 each
        </a>
    </span>
	<span class="size">
			
 	</span>
</div>


	<div class="purchasing">	    
	    <div class="saving">
	    	
	    </div>
	   	
	    		<div class="price"><span class="accessibility">Purchase price </span><small>$</small>8.40</div>
	    	
	    <div class="unit-price"><span class="accessibility">Unit price </span>$16.80 per 1Kg</div>
	    <div class="special-offer">	    	
	    	
	    </div> 
	    <div class="availability">Temporarily unavailable</div>
	    <div class="purchase">
		
			<input type="number" title="Add Quantity for Perfecto Quality Foods Cocktail BBQ Chicken Kebabs 1 each" name="quantity" id="catEntry_53950_qty" value="1" maxlength="2" size="2" class="v-mandatory v-numeric v-minval-1">
	        <button role="button" type="submit" title="Add to trolley&nbsp;Perfecto Quality Foods Cocktail BBQ Chicken Kebabs 1 each" class="btn-red action-addToTrolley"><span role="presentation" aria-hidden="true">Add to trolley</span></button>
		
		</div>
	</div>
	<div class="lists">
		
	</div>


	    <div class="actions">
	        			
			   <div class="MUItemForTrolleyDiv MUItemForTrolley_111405" data-catentry="111405">
		         <div class="MUul_111405"><div class="MUli_111405 hidden" aria-hidden="true"><span class="inTrolley"><span class="MUSpan_111405">0</span> in trolley</span></div></div>
		       </div>
		        <p class="clear"></p>
			 
			<div class="member-usuals-remove">
				<a href="#" class="action-removeFromUsuals usuals-remove">Remove from list <span class="accessibility">Perfecto Quality Foods Cocktail BBQ Chicken Kebabs 1 each</span></a>			
			</div>
			
				<div class="list">
					<a href="#" class="action-addToList action-list-add">Add to list <span class="accessibility">Perfecto Quality Foods Cocktail BBQ Chicken Kebabs 1 each</span></a> 
				</div>
				<div class="member-list-add">
					<a href="#" class="action-addToList action-list-add">Add to another list <span class="accessibility">Perfecto Quality Foods Cocktail BBQ Chicken Kebabs 1 each</span></a>
				</div>
			
			<div class="member-list-remove">
				 <a href="#" class="action-removeFromList">Remove from list <span class="accessibility">Perfecto Quality Foods Cocktail BBQ Chicken Kebabs 1 each</span></a> 
			</div>
			
				<div class="compareProd" role="presentation" aria-hidden="true">
					<a href="#" class="compare compare-add">Compare</a>
				</div>
			
				<a href="http://shop.coles.com.au/online/national/perfecto-chicken-cocktail-kebabs-bbq" class="product-url accessibility">More details for Perfecto Quality Foods&nbsp;Cocktail BBQ Chicken Kebabs</a>
			
		</div>  
      

       	
		    <div role="presentation" aria-hidden="true" id="share" class="share" data-social="{productImgUrl:'http://shop.coles.com.au:27900/wcsstore/Coles-CAS/images/8/5/7/8575254-th.jpg'
	                                               ,productDisplayUrl:'http://shop.coles.com.au/online/national/perfecto-chicken-cocktail-kebabs-bbq'
	                                               ,title:'Perfecto Quality Foods Cocktail BBQ Chicken Kebabs '
	                                               ,description:''}">
		 	</div>
 		
	</div>
</div>


	</form>
</div>


<span class="available hidden"></span>


<div class="outer-prod prodtile" data-refresh="{
					catalogId: &quot;10576&quot;,
					doInventory: &quot;N&quot;,
					fulfillmentCenterId: &quot;11576&quot;,
					forStoreId: &quot;10401&quot;,
					
					productDisplayURL: &quot;http://shop.coles.com.au/online/national/primo-cabanossi&quot;				
			}">
	<form id="catEntryForm_80792" name="catEntryForm_80792" action="AjaxOrderChangeServiceItemAdd">
		
<div class=" " data-catentry="catEntry_80792" data-refresh="{
				addCalculationUsage: &quot;-1&quot;,
				langId: &quot;-1&quot;,
				storeId: &quot;10601&quot;, 
				catEntryId: &quot;80792&quot;, 
				catEntryName: &quot;Cabanossi&quot;, 
				productView: &quot;list&quot;,
				productId: &quot;80792&quot;,
				itemId: &quot;145173&quot;,
				hideMultibuy: &quot;false&quot;,
                ticketType: &quot;&quot;,
                partNumber: &quot;484440&quot;,
                offerCode: &quot;20141217&quot;
		}">
   	<div class="wrapper clearfix">   	
		

<h4 class="accessibility" id="heading_80792" tabindex="-1">
		Primo&nbsp;Cabanossi&nbsp;
		250g&nbsp;
		 
</h4> 

<div class="offer-icon"></div>
<a role="presentation" aria-hidden="true" class="product-url" href="http://shop.coles.com.au/online/national/primo-cabanossi">
	    <img role="presentation" aria-hidden="true" class="photo" src="/wcsstore/Coles-CAS/images/4/8/4/484440-th.jpg" onerror="this.src='/wcsstore/ColesStorefrontAssetStore/dist/e0a775baf05f/images/spacer.gif'" alt="Cabanossi" width="110" height="110">
	</a>

<div class="detail">	
    <span role="presentation" aria-hidden="true" class="brand">Primo</span>
    <span class="item" role="presentation" aria-hidden="true">
        <a role="presentation" aria-hidden="true" class="product-url" href="http://shop.coles.com.au/online/national/primo-cabanossi">
        	Cabanossi&nbsp;
        	250g
        </a>
    </span>
	<span class="size">
			
 	</span>
</div>


	<div class="purchasing">	    
	    <div class="saving">
	    	
	    </div>
	   	
	    		<div class="price"><span class="accessibility">Purchase price </span><small>$</small>4.68</div>
	    	
	    <div class="unit-price"><span class="accessibility">Unit price </span>$18.72 per 1Kg</div>
	    <div class="special-offer">	    	
	    	
	    </div> 
	    <div class="availability">Temporarily unavailable</div>
	    <div class="purchase">
		
			<input type="number" title="Add Quantity for Primo Cabanossi 250g" name="quantity" id="catEntry_80792_qty" value="1" maxlength="2" size="2" class="v-mandatory v-numeric v-minval-1">
	        <button role="button" type="submit" title="Add to trolley&nbsp;Primo Cabanossi 250g" class="btn-red action-addToTrolley"><span role="presentation" aria-hidden="true">Add to trolley</span></button>
		
		</div>
	</div>
	<div class="lists">
		
	</div>


	    <div class="actions">
	        			
			   <div class="MUItemForTrolleyDiv MUItemForTrolley_145173" data-catentry="145173">
		         <div class="MUul_145173"><div class="MUli_145173 hidden" aria-hidden="true"><span class="inTrolley"><span class="MUSpan_145173">0</span> in trolley</span></div></div>
		       </div>
		        <p class="clear"></p>
			 
			<div class="member-usuals-remove">
				<a href="#" class="action-removeFromUsuals usuals-remove">Remove from list <span class="accessibility">Primo Cabanossi 250g</span></a>			
			</div>
			
				<div class="list">
					<a href="#" class="action-addToList action-list-add">Add to list <span class="accessibility">Primo Cabanossi 250g</span></a> 
				</div>
				<div class="member-list-add">
					<a href="#" class="action-addToList action-list-add">Add to another list <span class="accessibility">Primo Cabanossi 250g</span></a>
				</div>
			
			<div class="member-list-remove">
				 <a href="#" class="action-removeFromList">Remove from list <span class="accessibility">Primo Cabanossi 250g</span></a> 
			</div>
			
				<div class="compareProd" role="presentation" aria-hidden="true">
					<a href="#" class="compare compare-add">Compare</a>
				</div>
			
				<a href="http://shop.coles.com.au/online/national/primo-cabanossi" class="product-url accessibility">More details for Primo&nbsp;Cabanossi</a>
			
		</div>  
      

       	
		    <div role="presentation" aria-hidden="true" id="share" class="share" data-social="{productImgUrl:'http://shop.coles.com.au:27900/wcsstore/Coles-CAS/images/4/8/4/484440-th.jpg'
	                                               ,productDisplayUrl:'http://shop.coles.com.au/online/national/primo-cabanossi'
	                                               ,title:'Primo Cabanossi '
	                                               ,description:''}">
		 	</div>
 		
	</div>
</div>


	</form>
</div>


<span class="available hidden"></span>


<div class="outer-prod prodtile" data-refresh="{
					catalogId: &quot;10576&quot;,
					doInventory: &quot;N&quot;,
					fulfillmentCenterId: &quot;11576&quot;,
					forStoreId: &quot;10401&quot;,
					
					productDisplayURL: &quot;http://shop.coles.com.au/online/national/primo-bacon-premium-short-cut-rindless&quot;				
			}">
	<form id="catEntryForm_85216" name="catEntryForm_85216" action="AjaxOrderChangeServiceItemAdd">
		
<div class=" " data-catentry="catEntry_85216" data-refresh="{
				addCalculationUsage: &quot;-1&quot;,
				langId: &quot;-1&quot;,
				storeId: &quot;10601&quot;, 
				catEntryId: &quot;85216&quot;, 
				catEntryName: &quot;Short Cut Premium Rindless Bacon&quot;, 
				productView: &quot;list&quot;,
				productId: &quot;85216&quot;,
				itemId: &quot;144245&quot;,
				hideMultibuy: &quot;false&quot;,
                ticketType: &quot;&quot;,
                partNumber: &quot;4238285&quot;,
                offerCode: &quot;20150114&quot;
		}">
   	<div class="wrapper clearfix">   	
		

<h4 class="accessibility" id="heading_85216" tabindex="-1">
		Primo&nbsp;Short Cut Premium Rindless Bacon&nbsp;
		750g&nbsp;
		 
</h4> 

<div class="offer-icon"></div>
<a role="presentation" aria-hidden="true" class="product-url" href="http://shop.coles.com.au/online/national/primo-bacon-premium-short-cut-rindless">
	    <img role="presentation" aria-hidden="true" class="photo" src="/wcsstore/Coles-CAS/images/4/2/3/4238285-th.jpg" onerror="this.src='/wcsstore/ColesStorefrontAssetStore/dist/e0a775baf05f/images/spacer.gif'" alt="Short Cut Premium Rindless Bacon" width="110" height="110">
	</a>

<div class="detail">	
    <span role="presentation" aria-hidden="true" class="brand">Primo</span>
    <span class="item" role="presentation" aria-hidden="true">
        <a role="presentation" aria-hidden="true" class="product-url" href="http://shop.coles.com.au/online/national/primo-bacon-premium-short-cut-rindless">
        	Short Cut Premium Rindless Bacon&nbsp;
        	750g
        </a>
    </span>
	<span class="size">
			
 	</span>
</div>


	<div class="purchasing">	    
	    <div class="saving">
	    	
	    </div>
	   	
	    		<div class="price"><span class="accessibility">Purchase price </span><small>$</small>15.02</div>
	    	
	    <div class="unit-price"><span class="accessibility">Unit price </span>$20.03 per 1Kg</div>
	    <div class="special-offer">	    	
	    	
	    </div> 
	    <div class="availability">Temporarily unavailable</div>
	    <div class="purchase">
		
			<input type="number" title="Add Quantity for Primo Short Cut Premium Rindless Bacon 750g" name="quantity" id="catEntry_85216_qty" value="1" maxlength="2" size="2" class="v-mandatory v-numeric v-minval-1">
	        <button role="button" type="submit" title="Add to trolley&nbsp;Primo Short Cut Premium Rindless Bacon 750g" class="btn-red action-addToTrolley"><span role="presentation" aria-hidden="true">Add to trolley</span></button>
		
		</div>
	</div>
	<div class="lists">
		
	</div>


	    <div class="actions">
	        			
			   <div class="MUItemForTrolleyDiv MUItemForTrolley_144245" data-catentry="144245">
		         <div class="MUul_144245"><div class="MUli_144245 hidden" aria-hidden="true"><span class="inTrolley"><span class="MUSpan_144245">0</span> in trolley</span></div></div>
		       </div>
		        <p class="clear"></p>
			 
			<div class="member-usuals-remove">
				<a href="#" class="action-removeFromUsuals usuals-remove">Remove from list <span class="accessibility">Primo Short Cut Premium Rindless Bacon 750g</span></a>			
			</div>
			
				<div class="list">
					<a href="#" class="action-addToList action-list-add">Add to list <span class="accessibility">Primo Short Cut Premium Rindless Bacon 750g</span></a> 
				</div>
				<div class="member-list-add">
					<a href="#" class="action-addToList action-list-add">Add to another list <span class="accessibility">Primo Short Cut Premium Rindless Bacon 750g</span></a>
				</div>
			
			<div class="member-list-remove">
				 <a href="#" class="action-removeFromList">Remove from list <span class="accessibility">Primo Short Cut Premium Rindless Bacon 750g</span></a> 
			</div>
			
				<div class="compareProd" role="presentation" aria-hidden="true">
					<a href="#" class="compare compare-add">Compare</a>
				</div>
			
				<a href="http://shop.coles.com.au/online/national/primo-bacon-premium-short-cut-rindless" class="product-url accessibility">More details for Primo&nbsp;Short Cut Premium Rindless Bacon</a>
			
		</div>  
      

       	
		    <div role="presentation" aria-hidden="true" id="share" class="share" data-social="{productImgUrl:'http://shop.coles.com.au:27900/wcsstore/Coles-CAS/images/4/2/3/4238285-th.jpg'
	                                               ,productDisplayUrl:'http://shop.coles.com.au/online/national/primo-bacon-premium-short-cut-rindless'
	                                               ,title:'Primo Short Cut Premium Rindless Bacon '
	                                               ,description:''}">
		 	</div>
 		
	</div>
</div>


	</form>
</div>


<span class="available hidden"></span>


<div class="outer-prod prodtile" data-refresh="{
					catalogId: &quot;10576&quot;,
					doInventory: &quot;N&quot;,
					fulfillmentCenterId: &quot;11576&quot;,
					forStoreId: &quot;10401&quot;,
					
					productDisplayURL: &quot;http://shop.coles.com.au/online/national/black-swan-dip-spring-onion&quot;				
			}">
	<form id="catEntryForm_71419" name="catEntryForm_71419" action="AjaxOrderChangeServiceItemAdd">
		
<div class=" " data-catentry="catEntry_71419" data-refresh="{
				addCalculationUsage: &quot;-1&quot;,
				langId: &quot;-1&quot;,
				storeId: &quot;10601&quot;, 
				catEntryId: &quot;71419&quot;, 
				catEntryName: &quot;Spring Onion Dip&quot;, 
				productView: &quot;list&quot;,
				productId: &quot;71419&quot;,
				itemId: &quot;134828&quot;,
				hideMultibuy: &quot;false&quot;,
                ticketType: &quot;&quot;,
                partNumber: &quot;6824290&quot;,
                offerCode: &quot;20140402&quot;
		}">
   	<div class="wrapper clearfix">   	
		

<h4 class="accessibility" id="heading_71419" tabindex="-1">
		Black Swan&nbsp;Spring Onion Dip&nbsp;
		200g&nbsp;
		 
</h4> 

<div class="offer-icon"></div>
<a role="presentation" aria-hidden="true" class="product-url" href="http://shop.coles.com.au/online/national/black-swan-dip-spring-onion">
	    <img role="presentation" aria-hidden="true" class="photo" src="/wcsstore/Coles-CAS/images/6/8/2/6824290-th.jpg" onerror="this.src='/wcsstore/ColesStorefrontAssetStore/dist/e0a775baf05f/images/spacer.gif'" alt="Spring Onion Dip" width="110" height="110">
	</a>

<div class="detail">	
    <span role="presentation" aria-hidden="true" class="brand">Black Swan</span>
    <span class="item" role="presentation" aria-hidden="true">
        <a role="presentation" aria-hidden="true" class="product-url" href="http://shop.coles.com.au/online/national/black-swan-dip-spring-onion">
        	Spring Onion Dip&nbsp;
        	200g
        </a>
    </span>
	<span class="size">
			
 	</span>
</div>


	<div class="purchasing">	    
	    <div class="saving">
	    	
	    </div>
	   	
	    		<div class="price"><span class="accessibility">Purchase price </span><small>$</small>4.12</div>
	    	
	    <div class="unit-price"><span class="accessibility">Unit price </span>$2.06 per 100G</div>
	    <div class="special-offer">	    	
	    	
	    </div> 
	    <div class="availability">Temporarily unavailable</div>
	    <div class="purchase">
		
			<input type="number" title="Add Quantity for Black Swan Spring Onion Dip 200g" name="quantity" id="catEntry_71419_qty" value="1" maxlength="2" size="2" class="v-mandatory v-numeric v-minval-1">
	        <button role="button" type="submit" title="Add to trolley&nbsp;Black Swan Spring Onion Dip 200g" class="btn-red action-addToTrolley"><span role="presentation" aria-hidden="true">Add to trolley</span></button>
		
		</div>
	</div>
	<div class="lists">
		
	</div>


	    <div class="actions">
	        			
			   <div class="MUItemForTrolleyDiv MUItemForTrolley_134828" data-catentry="134828">
		         <div class="MUul_134828"><div class="MUli_134828 hidden" aria-hidden="true"><span class="inTrolley"><span class="MUSpan_134828">0</span> in trolley</span></div></div>
		       </div>
		        <p class="clear"></p>
			 
			<div class="member-usuals-remove">
				<a href="#" class="action-removeFromUsuals usuals-remove">Remove from list <span class="accessibility">Black Swan Spring Onion Dip 200g</span></a>			
			</div>
			
				<div class="list">
					<a href="#" class="action-addToList action-list-add">Add to list <span class="accessibility">Black Swan Spring Onion Dip 200g</span></a> 
				</div>
				<div class="member-list-add">
					<a href="#" class="action-addToList action-list-add">Add to another list <span class="accessibility">Black Swan Spring Onion Dip 200g</span></a>
				</div>
			
			<div class="member-list-remove">
				 <a href="#" class="action-removeFromList">Remove from list <span class="accessibility">Black Swan Spring Onion Dip 200g</span></a> 
			</div>
			
				<div class="compareProd" role="presentation" aria-hidden="true">
					<a href="#" class="compare compare-add">Compare</a>
				</div>
			
				<a href="http://shop.coles.com.au/online/national/black-swan-dip-spring-onion" class="product-url accessibility">More details for Black Swan&nbsp;Spring Onion Dip</a>
			
		</div>  
      

       	
		    <div role="presentation" aria-hidden="true" id="share" class="share" data-social="{productImgUrl:'http://shop.coles.com.au:27900/wcsstore/Coles-CAS/images/6/8/2/6824290-th.jpg'
	                                               ,productDisplayUrl:'http://shop.coles.com.au/online/national/black-swan-dip-spring-onion'
	                                               ,title:'Black Swan Spring Onion Dip '
	                                               ,description:''}">
		 	</div>
 		
	</div>
</div>


	</form>
</div>


<span class="available hidden"></span>


<div class="outer-prod prodtile" data-refresh="{
					catalogId: &quot;10576&quot;,
					doInventory: &quot;N&quot;,
					fulfillmentCenterId: &quot;11576&quot;,
					forStoreId: &quot;10401&quot;,
					
					productDisplayURL: &quot;http://shop.coles.com.au/online/national/black-swan-pure-hommus-with-onion&quot;				
			}">
	<form id="catEntryForm_98743" name="catEntryForm_98743" action="AjaxOrderChangeServiceItemAdd">
		
<div class=" " data-catentry="catEntry_98743" data-refresh="{
				addCalculationUsage: &quot;-1&quot;,
				langId: &quot;-1&quot;,
				storeId: &quot;10601&quot;, 
				catEntryId: &quot;98743&quot;, 
				catEntryName: &quot;Caramelised Onion Hommus&quot;, 
				productView: &quot;list&quot;,
				productId: &quot;98743&quot;,
				itemId: &quot;152024&quot;,
				hideMultibuy: &quot;false&quot;,
                ticketType: &quot;&quot;,
                partNumber: &quot;9980633&quot;,
                offerCode: &quot;20140501&quot;
		}">
   	<div class="wrapper clearfix">   	
		

<h4 class="accessibility" id="heading_98743" tabindex="-1">
		Black Swan&nbsp;Caramelised Onion Hommus&nbsp;
		200g&nbsp;
		 
</h4> 

<div class="offer-icon"></div>
<a role="presentation" aria-hidden="true" class="product-url" href="http://shop.coles.com.au/online/national/black-swan-pure-hommus-with-onion">
	    <img role="presentation" aria-hidden="true" class="photo" src="/wcsstore/Coles-CAS/images/9/9/8/9980633-th.jpg" onerror="this.src='/wcsstore/ColesStorefrontAssetStore/dist/e0a775baf05f/images/spacer.gif'" alt="Caramelised Onion Hommus" width="110" height="110">
	</a>

<div class="detail">	
    <span role="presentation" aria-hidden="true" class="brand">Black Swan</span>
    <span class="item" role="presentation" aria-hidden="true">
        <a role="presentation" aria-hidden="true" class="product-url" href="http://shop.coles.com.au/online/national/black-swan-pure-hommus-with-onion">
        	Caramelised Onion Hommus&nbsp;
        	200g
        </a>
    </span>
	<span class="size">
			
 	</span>
</div>


	<div class="purchasing">	    
	    <div class="saving">
	    	
	    </div>
	   	
	    		<div class="price"><span class="accessibility">Purchase price </span><small>$</small>4.29</div>
	    	
	    <div class="unit-price"><span class="accessibility">Unit price </span>$2.15 per 100G</div>
	    <div class="special-offer">	    	
	    	
	    </div> 
	    <div class="availability">Temporarily unavailable</div>
	    <div class="purchase">
		
			<input type="number" title="Add Quantity for Black Swan Caramelised Onion Hommus 200g" name="quantity" id="catEntry_98743_qty" value="1" maxlength="2" size="2" class="v-mandatory v-numeric v-minval-1">
	        <button role="button" type="submit" title="Add to trolley&nbsp;Black Swan Caramelised Onion Hommus 200g" class="btn-red action-addToTrolley"><span role="presentation" aria-hidden="true">Add to trolley</span></button>
		
		</div>
	</div>
	<div class="lists">
		
	</div>


	    <div class="actions">
	        			
			   <div class="MUItemForTrolleyDiv MUItemForTrolley_152024" data-catentry="152024">
		         <div class="MUul_152024"><div class="MUli_152024 hidden" aria-hidden="true"><span class="inTrolley"><span class="MUSpan_152024">0</span> in trolley</span></div></div>
		       </div>
		        <p class="clear"></p>
			 
			<div class="member-usuals-remove">
				<a href="#" class="action-removeFromUsuals usuals-remove">Remove from list <span class="accessibility">Black Swan Caramelised Onion Hommus 200g</span></a>			
			</div>
			
				<div class="list">
					<a href="#" class="action-addToList action-list-add">Add to list <span class="accessibility">Black Swan Caramelised Onion Hommus 200g</span></a> 
				</div>
				<div class="member-list-add">
					<a href="#" class="action-addToList action-list-add">Add to another list <span class="accessibility">Black Swan Caramelised Onion Hommus 200g</span></a>
				</div>
			
			<div class="member-list-remove">
				 <a href="#" class="action-removeFromList">Remove from list <span class="accessibility">Black Swan Caramelised Onion Hommus 200g</span></a> 
			</div>
			
				<div class="compareProd" role="presentation" aria-hidden="true">
					<a href="#" class="compare compare-add">Compare</a>
				</div>
			
				<a href="http://shop.coles.com.au/online/national/black-swan-pure-hommus-with-onion" class="product-url accessibility">More details for Black Swan&nbsp;Caramelised Onion Hommus</a>
			
		</div>  
      

       	
		    <div role="presentation" aria-hidden="true" id="share" class="share" data-social="{productImgUrl:'http://shop.coles.com.au:27900/wcsstore/Coles-CAS/images/9/9/8/9980633-th.jpg'
	                                               ,productDisplayUrl:'http://shop.coles.com.au/online/national/black-swan-pure-hommus-with-onion'
	                                               ,title:'Black Swan Caramelised Onion Hommus '
	                                               ,description:''}">
		 	</div>
 		
	</div>
</div>


	</form>
</div>


<span class="available hidden"></span>


<div class="outer-prod prodtile" data-refresh="{
					catalogId: &quot;10576&quot;,
					doInventory: &quot;N&quot;,
					fulfillmentCenterId: &quot;11576&quot;,
					forStoreId: &quot;10401&quot;,
					
					productDisplayURL: &quot;http://shop.coles.com.au/online/national/coles-beef-roast-topside&quot;				
			}">
	<form id="catEntryForm_15143" name="catEntryForm_15143" action="AjaxOrderChangeServiceItemAdd">
		
<div class=" " data-catentry="catEntry_15143" data-refresh="{
				addCalculationUsage: &quot;-1&quot;,
				langId: &quot;-1&quot;,
				storeId: &quot;10601&quot;, 
				catEntryId: &quot;15143&quot;, 
				catEntryName: &quot;Beef Topside Roast&quot;, 
				productView: &quot;list&quot;,
				productId: &quot;15143&quot;,
				itemId: &quot;38110&quot;,
				hideMultibuy: &quot;false&quot;,
                ticketType: &quot;&quot;,
                partNumber: &quot;8601423&quot;,
                offerCode: &quot;20141225&quot;
		}">
   	<div class="wrapper clearfix">   	
		

<h4 class="accessibility" id="heading_15143" tabindex="-1">
		Coles&nbsp;Beef Topside Roast&nbsp;
		approx. 1.5kg&nbsp;
		 
</h4> 

<div class="offer-icon"></div>
<a role="presentation" aria-hidden="true" class="product-url" href="http://shop.coles.com.au/online/national/coles-beef-roast-topside">
	    <img role="presentation" aria-hidden="true" class="photo" src="/wcsstore/Coles-CAS/images/8/6/0/8601423-th.jpg" onerror="this.src='/wcsstore/ColesStorefrontAssetStore/dist/e0a775baf05f/images/spacer.gif'" alt="Beef Topside Roast" width="110" height="110">
	</a>

<div class="detail">	
    <span role="presentation" aria-hidden="true" class="brand">Coles</span>
    <span class="item" role="presentation" aria-hidden="true">
        <a role="presentation" aria-hidden="true" class="product-url" href="http://shop.coles.com.au/online/national/coles-beef-roast-topside">
        	Beef Topside Roast&nbsp;
        	approx. 1.5kg
        </a>
    </span>
	<span class="size">
		Indicated price based on approx. weight. Weight may vary between 1kg and 1.4kg.	
 	</span>
</div>


	<div class="purchasing">	    
	    <div class="saving">
	    	
	    </div>
	   	
	    		<div class="price"><span class="accessibility">Purchase price </span><small>$</small>21.00</div>
	    	
	    <div class="unit-price"><span class="accessibility">Unit price </span>$14.00 per 1Kg</div>
	    <div class="special-offer">	    	
	    	
	    </div> 
	    <div class="availability">Temporarily unavailable</div>
	    <div class="purchase">
		
			<input type="number" title="Add Quantity for Coles Beef Topside Roast approx. 1.5kg" name="quantity" id="catEntry_15143_qty" value="1" maxlength="2" size="2" class="v-mandatory v-numeric v-minval-1">
	        <button role="button" type="submit" title="Add to trolley&nbsp;Coles Beef Topside Roast approx. 1.5kg" class="btn-red action-addToTrolley"><span role="presentation" aria-hidden="true">Add to trolley</span></button>
		
		</div>
	</div>
	<div class="lists">
		
	</div>


	    <div class="actions">
	        			
			   <div class="MUItemForTrolleyDiv MUItemForTrolley_38110" data-catentry="38110">
		         <div class="MUul_38110"><div class="MUli_38110 hidden" aria-hidden="true"><span class="inTrolley"><span class="MUSpan_38110">0</span> in trolley</span></div></div>
		       </div>
		        <p class="clear"></p>
			 
			<div class="member-usuals-remove">
				<a href="#" class="action-removeFromUsuals usuals-remove">Remove from list <span class="accessibility">Coles Beef Topside Roast approx. 1.5kg</span></a>			
			</div>
			
				<div class="list">
					<a href="#" class="action-addToList action-list-add">Add to list <span class="accessibility">Coles Beef Topside Roast approx. 1.5kg</span></a> 
				</div>
				<div class="member-list-add">
					<a href="#" class="action-addToList action-list-add">Add to another list <span class="accessibility">Coles Beef Topside Roast approx. 1.5kg</span></a>
				</div>
			
			<div class="member-list-remove">
				 <a href="#" class="action-removeFromList">Remove from list <span class="accessibility">Coles Beef Topside Roast approx. 1.5kg</span></a> 
			</div>
			
				<div class="compareProd" role="presentation" aria-hidden="true">
					<a href="#" class="compare compare-add">Compare</a>
				</div>
			
				<a href="http://shop.coles.com.au/online/national/coles-beef-roast-topside" class="product-url accessibility">More details for Coles&nbsp;Beef Topside Roast</a>
			
		</div>  
      

       	
		    <div role="presentation" aria-hidden="true" id="share" class="share" data-social="{productImgUrl:'http://shop.coles.com.au:27900/wcsstore/Coles-CAS/images/8/6/0/8601423-th.jpg'
	                                               ,productDisplayUrl:'http://shop.coles.com.au/online/national/coles-beef-roast-topside'
	                                               ,title:'Coles Beef Topside Roast Indicated price based on approx. weight. Weight may vary between 1kg and 1.4kg.'
	                                               ,description:''}">
		 	</div>
 		
	</div>
</div>


	</form>
</div>


<span class="available hidden"></span>


<div class="outer-prod prodtile" data-refresh="{
					catalogId: &quot;10576&quot;,
					doInventory: &quot;N&quot;,
					fulfillmentCenterId: &quot;11576&quot;,
					forStoreId: &quot;10401&quot;,
					
					productDisplayURL: &quot;http://shop.coles.com.au/online/national/coles-mini-dips-hommus&quot;				
			}">
	<form id="catEntryForm_16811" name="catEntryForm_16811" action="AjaxOrderChangeServiceItemAdd">
		
<div class=" " data-catentry="catEntry_16811" data-refresh="{
				addCalculationUsage: &quot;-1&quot;,
				langId: &quot;-1&quot;,
				storeId: &quot;10601&quot;, 
				catEntryId: &quot;16811&quot;, 
				catEntryName: &quot;Hommus Dip Mini Tub 3 pack&quot;, 
				productView: &quot;list&quot;,
				productId: &quot;16811&quot;,
				itemId: &quot;34047&quot;,
				hideMultibuy: &quot;false&quot;,
                ticketType: &quot;&quot;,
                partNumber: &quot;9933757&quot;,
                offerCode: &quot;20140430&quot;
		}">
   	<div class="wrapper clearfix">   	
		

<h4 class="accessibility" id="heading_16811" tabindex="-1">
		Coles&nbsp;Hommus Dip Mini Tub 3 pack&nbsp;
		180g&nbsp;
		 
</h4> 

<div class="offer-icon"></div>
<a role="presentation" aria-hidden="true" class="product-url" href="http://shop.coles.com.au/online/national/coles-mini-dips-hommus">
	    <img role="presentation" aria-hidden="true" class="photo" src="/wcsstore/Coles-CAS/images/9/9/3/9933757-th.jpg" onerror="this.src='/wcsstore/ColesStorefrontAssetStore/dist/e0a775baf05f/images/spacer.gif'" alt="Hommus Dip Mini Tub 3 pack" width="110" height="110">
	</a>

<div class="detail">	
    <span role="presentation" aria-hidden="true" class="brand">Coles</span>
    <span class="item" role="presentation" aria-hidden="true">
        <a role="presentation" aria-hidden="true" class="product-url" href="http://shop.coles.com.au/online/national/coles-mini-dips-hommus">
        	Hommus Dip Mini Tub 3 pack&nbsp;
        	180g
        </a>
    </span>
	<span class="size">
			
 	</span>
</div>


	<div class="purchasing">	    
	    <div class="saving">
	    	
	    </div>
	   	
	    		<div class="price"><span class="accessibility">Purchase price </span><small>$</small>2.86</div>
	    	
	    <div class="unit-price"><span class="accessibility">Unit price </span>$1.59 per 100G</div>
	    <div class="special-offer">	    	
	    	
	    </div> 
	    <div class="availability">Temporarily unavailable</div>
	    <div class="purchase">
		
			<input type="number" title="Add Quantity for Coles Hommus Dip Mini Tub 3 pack 180g" name="quantity" id="catEntry_16811_qty" value="1" maxlength="2" size="2" class="v-mandatory v-numeric v-minval-1">
	        <button role="button" type="submit" title="Add to trolley&nbsp;Coles Hommus Dip Mini Tub 3 pack 180g" class="btn-red action-addToTrolley"><span role="presentation" aria-hidden="true">Add to trolley</span></button>
		
		</div>
	</div>
	<div class="lists">
		
	</div>


	    <div class="actions">
	        			
			   <div class="MUItemForTrolleyDiv MUItemForTrolley_34047" data-catentry="34047">
		         <div class="MUul_34047"><div class="MUli_34047 hidden" aria-hidden="true"><span class="inTrolley"><span class="MUSpan_34047">0</span> in trolley</span></div></div>
		       </div>
		        <p class="clear"></p>
			 
			<div class="member-usuals-remove">
				<a href="#" class="action-removeFromUsuals usuals-remove">Remove from list <span class="accessibility">Coles Hommus Dip Mini Tub 3 pack 180g</span></a>			
			</div>
			
				<div class="list">
					<a href="#" class="action-addToList action-list-add">Add to list <span class="accessibility">Coles Hommus Dip Mini Tub 3 pack 180g</span></a> 
				</div>
				<div class="member-list-add">
					<a href="#" class="action-addToList action-list-add">Add to another list <span class="accessibility">Coles Hommus Dip Mini Tub 3 pack 180g</span></a>
				</div>
			
			<div class="member-list-remove">
				 <a href="#" class="action-removeFromList">Remove from list <span class="accessibility">Coles Hommus Dip Mini Tub 3 pack 180g</span></a> 
			</div>
			
				<div class="compareProd" role="presentation" aria-hidden="true">
					<a href="#" class="compare compare-add">Compare</a>
				</div>
			
				<a href="http://shop.coles.com.au/online/national/coles-mini-dips-hommus" class="product-url accessibility">More details for Coles&nbsp;Hommus Dip Mini Tub 3 pack</a>
			
		</div>  
      

       	
		    <div role="presentation" aria-hidden="true" id="share" class="share" data-social="{productImgUrl:'http://shop.coles.com.au:27900/wcsstore/Coles-CAS/images/9/9/3/9933757-th.jpg'
	                                               ,productDisplayUrl:'http://shop.coles.com.au/online/national/coles-mini-dips-hommus'
	                                               ,title:'Coles Hommus Dip Mini Tub 3 pack  '
	                                               ,description:'A fawn, pulse based dip, smooth in consistency and flavoured with tahini.'}">
		 	</div>
 		
	</div>
</div>


	</form>
</div>


<span class="available hidden"></span>


<div class="outer-prod prodtile" data-refresh="{
					catalogId: &quot;10576&quot;,
					doInventory: &quot;N&quot;,
					fulfillmentCenterId: &quot;11576&quot;,
					forStoreId: &quot;10401&quot;,
					
					productDisplayURL: &quot;http://shop.coles.com.au/online/national/coles-lamb-leg-roast-mini&quot;				
			}">
	<form id="catEntryForm_46884" name="catEntryForm_46884" action="AjaxOrderChangeServiceItemAdd">
		
<div class=" " data-catentry="catEntry_46884" data-refresh="{
				addCalculationUsage: &quot;-1&quot;,
				langId: &quot;-1&quot;,
				storeId: &quot;10601&quot;, 
				catEntryId: &quot;46884&quot;, 
				catEntryName: &quot;Lamb Leg Mini Roast&quot;, 
				productView: &quot;list&quot;,
				productId: &quot;46884&quot;,
				itemId: &quot;112252&quot;,
				hideMultibuy: &quot;false&quot;,
                ticketType: &quot;&quot;,
                partNumber: &quot;8599194&quot;,
                offerCode: &quot;20140224&quot;
		}">
   	<div class="wrapper clearfix">   	
		

<h4 class="accessibility" id="heading_46884" tabindex="-1">
		Coles&nbsp;Lamb Leg Mini Roast&nbsp;
		approx. 400g&nbsp;
		 
</h4> 

<div class="offer-icon"></div>
<a role="presentation" aria-hidden="true" class="product-url" href="http://shop.coles.com.au/online/national/coles-lamb-leg-roast-mini">
	    <img role="presentation" aria-hidden="true" class="photo" src="/wcsstore/Coles-CAS/images/8/5/9/8599194-th.jpg" onerror="this.src='/wcsstore/ColesStorefrontAssetStore/dist/e0a775baf05f/images/spacer.gif'" alt="Lamb Leg Mini Roast" width="110" height="110">
	</a>

<div class="detail">	
    <span role="presentation" aria-hidden="true" class="brand">Coles</span>
    <span class="item" role="presentation" aria-hidden="true">
        <a role="presentation" aria-hidden="true" class="product-url" href="http://shop.coles.com.au/online/national/coles-lamb-leg-roast-mini">
        	Lamb Leg Mini Roast&nbsp;
        	approx. 400g
        </a>
    </span>
	<span class="size">
		Indicated price based on approx. weight. Weight may vary between 350g and 450g.	
 	</span>
</div>


	<div class="purchasing">	    
	    <div class="saving">
	    	
	    </div>
	   	
	    		<div class="price"><span class="accessibility">Purchase price </span><small>$</small>10.80</div>
	    	
	    <div class="unit-price"><span class="accessibility">Unit price </span>$27.00 per 1Kg</div>
	    <div class="special-offer">	    	
	    	
	    </div> 
	    <div class="availability">Temporarily unavailable</div>
	    <div class="purchase">
		
			<input type="number" title="Add Quantity for Coles Lamb Leg Mini Roast approx. 400g" name="quantity" id="catEntry_46884_qty" value="1" maxlength="2" size="2" class="v-mandatory v-numeric v-minval-1">
	        <button role="button" type="submit" title="Add to trolley&nbsp;Coles Lamb Leg Mini Roast approx. 400g" class="btn-red action-addToTrolley"><span role="presentation" aria-hidden="true">Add to trolley</span></button>
		
		</div>
	</div>
	<div class="lists">
		
	</div>


	    <div class="actions">
	        			
			   <div class="MUItemForTrolleyDiv MUItemForTrolley_112252" data-catentry="112252">
		         <div class="MUul_112252"><div class="MUli_112252 hidden" aria-hidden="true"><span class="inTrolley"><span class="MUSpan_112252">0</span> in trolley</span></div></div>
		       </div>
		        <p class="clear"></p>
			 
			<div class="member-usuals-remove">
				<a href="#" class="action-removeFromUsuals usuals-remove">Remove from list <span class="accessibility">Coles Lamb Leg Mini Roast approx. 400g</span></a>			
			</div>
			
				<div class="list">
					<a href="#" class="action-addToList action-list-add">Add to list <span class="accessibility">Coles Lamb Leg Mini Roast approx. 400g</span></a> 
				</div>
				<div class="member-list-add">
					<a href="#" class="action-addToList action-list-add">Add to another list <span class="accessibility">Coles Lamb Leg Mini Roast approx. 400g</span></a>
				</div>
			
			<div class="member-list-remove">
				 <a href="#" class="action-removeFromList">Remove from list <span class="accessibility">Coles Lamb Leg Mini Roast approx. 400g</span></a> 
			</div>
			
				<div class="compareProd" role="presentation" aria-hidden="true">
					<a href="#" class="compare compare-add">Compare</a>
				</div>
			
				<a href="http://shop.coles.com.au/online/national/coles-lamb-leg-roast-mini" class="product-url accessibility">More details for Coles&nbsp;Lamb Leg Mini Roast</a>
			
		</div>  
      

       	
		    <div role="presentation" aria-hidden="true" id="share" class="share" data-social="{productImgUrl:'http://shop.coles.com.au:27900/wcsstore/Coles-CAS/images/8/5/9/8599194-th.jpg'
	                                               ,productDisplayUrl:'http://shop.coles.com.au/online/national/coles-lamb-leg-roast-mini'
	                                               ,title:'Coles Lamb Leg Mini Roast Indicated price based on approx. weight. Weight may vary between 350g and 450g.'
	                                               ,description:''}">
		 	</div>
 		
	</div>
</div>


	</form>
</div>


<span class="available hidden"></span>


<div class="outer-prod prodtile" data-refresh="{
					catalogId: &quot;10576&quot;,
					doInventory: &quot;N&quot;,
					fulfillmentCenterId: &quot;11576&quot;,
					forStoreId: &quot;10401&quot;,
					
					productDisplayURL: &quot;http://shop.coles.com.au/online/national/coles-pork-fillets-extra-trim-1-piece&quot;				
			}">
	<form id="catEntryForm_50319" name="catEntryForm_50319" action="AjaxOrderChangeServiceItemAdd">
		
<div class=" " data-catentry="catEntry_50319" data-refresh="{
				addCalculationUsage: &quot;-1&quot;,
				langId: &quot;-1&quot;,
				storeId: &quot;10601&quot;, 
				catEntryId: &quot;50319&quot;, 
				catEntryName: &quot;Extra Trim Pork Fillets 1 piece&quot;, 
				productView: &quot;list&quot;,
				productId: &quot;50319&quot;,
				itemId: &quot;115634&quot;,
				hideMultibuy: &quot;false&quot;,
                ticketType: &quot;&quot;,
                partNumber: &quot;8601106&quot;,
                offerCode: &quot;20150107&quot;
		}">
   	<div class="wrapper clearfix">   	
		

<h4 class="accessibility" id="heading_50319" tabindex="-1">
		Coles&nbsp;Extra Trim Pork Fillets 1 piece&nbsp;
		approx. 300g&nbsp;
		 
</h4> 

<div class="offer-icon"></div>
<a role="presentation" aria-hidden="true" class="product-url" href="http://shop.coles.com.au/online/national/coles-pork-fillets-extra-trim-1-piece">
	    <img role="presentation" aria-hidden="true" class="photo" src="/wcsstore/Coles-CAS/images/8/6/0/8601106-th.jpg" onerror="this.src='/wcsstore/ColesStorefrontAssetStore/dist/e0a775baf05f/images/spacer.gif'" alt="Extra Trim Pork Fillets 1 piece" width="110" height="110">
	</a>

<div class="detail">	
    <span role="presentation" aria-hidden="true" class="brand">Coles</span>
    <span class="item" role="presentation" aria-hidden="true">
        <a role="presentation" aria-hidden="true" class="product-url" href="http://shop.coles.com.au/online/national/coles-pork-fillets-extra-trim-1-piece">
        	Extra Trim Pork Fillets 1 piece&nbsp;
        	approx. 300g
        </a>
    </span>
	<span class="size">
		Indicated price based on approx. weight. Weight may vary between 250g and 350kg.	
 	</span>
</div>


	<div class="purchasing">	    
	    <div class="saving">
	    	
	    </div>
	   	
	    		<div class="price"><span class="accessibility">Purchase price </span><small>$</small>9.00</div>
	    	
	    <div class="unit-price"><span class="accessibility">Unit price </span>$30.00 per 1Kg</div>
	    <div class="special-offer">	    	
	    	
	    </div> 
	    <div class="availability">Temporarily unavailable</div>
	    <div class="purchase">
		
			<input type="number" title="Add Quantity for Coles Extra Trim Pork Fillets 1 piece approx. 300g" name="quantity" id="catEntry_50319_qty" value="1" maxlength="2" size="2" class="v-mandatory v-numeric v-minval-1">
	        <button role="button" type="submit" title="Add to trolley&nbsp;Coles Extra Trim Pork Fillets 1 piece approx. 300g" class="btn-red action-addToTrolley"><span role="presentation" aria-hidden="true">Add to trolley</span></button>
		
		</div>
	</div>
	<div class="lists">
		
	</div>


	    <div class="actions">
	        			
			   <div class="MUItemForTrolleyDiv MUItemForTrolley_115634" data-catentry="115634">
		         <div class="MUul_115634"><div class="MUli_115634 hidden" aria-hidden="true"><span class="inTrolley"><span class="MUSpan_115634">0</span> in trolley</span></div></div>
		       </div>
		        <p class="clear"></p>
			 
			<div class="member-usuals-remove">
				<a href="#" class="action-removeFromUsuals usuals-remove">Remove from list <span class="accessibility">Coles Extra Trim Pork Fillets 1 piece approx. 300g</span></a>			
			</div>
			
				<div class="list">
					<a href="#" class="action-addToList action-list-add">Add to list <span class="accessibility">Coles Extra Trim Pork Fillets 1 piece approx. 300g</span></a> 
				</div>
				<div class="member-list-add">
					<a href="#" class="action-addToList action-list-add">Add to another list <span class="accessibility">Coles Extra Trim Pork Fillets 1 piece approx. 300g</span></a>
				</div>
			
			<div class="member-list-remove">
				 <a href="#" class="action-removeFromList">Remove from list <span class="accessibility">Coles Extra Trim Pork Fillets 1 piece approx. 300g</span></a> 
			</div>
			
				<div class="compareProd" role="presentation" aria-hidden="true">
					<a href="#" class="compare compare-add">Compare</a>
				</div>
			
				<a href="http://shop.coles.com.au/online/national/coles-pork-fillets-extra-trim-1-piece" class="product-url accessibility">More details for Coles&nbsp;Extra Trim Pork Fillets 1 piece</a>
			
		</div>  
      

       	
		    <div role="presentation" aria-hidden="true" id="share" class="share" data-social="{productImgUrl:'http://shop.coles.com.au:27900/wcsstore/Coles-CAS/images/8/6/0/8601106-th.jpg'
	                                               ,productDisplayUrl:'http://shop.coles.com.au/online/national/coles-pork-fillets-extra-trim-1-piece'
	                                               ,title:'Coles Extra Trim Pork Fillets 1 piece Indicated price based on approx. weight. Weight may vary between 250g and 350kg.'
	                                               ,description:''}">
		 	</div>
 		
	</div>
</div>


	</form>
</div>


<span class="available hidden"></span>


<div class="outer-prod prodtile" data-refresh="{
					catalogId: &quot;10576&quot;,
					doInventory: &quot;N&quot;,
					fulfillmentCenterId: &quot;11576&quot;,
					forStoreId: &quot;10401&quot;,
					
					productDisplayURL: &quot;http://shop.coles.com.au/online/national/coles-butcher-burgers-lamb-mint&quot;				
			}">
	<form id="catEntryForm_66417" name="catEntryForm_66417" action="AjaxOrderChangeServiceItemAdd">
		
<div class="promo multiBuy " data-catentry="catEntry_66417" data-refresh="{
				addCalculationUsage: &quot;-1&quot;,
				langId: &quot;-1&quot;,
				storeId: &quot;10601&quot;, 
				catEntryId: &quot;66417&quot;, 
				catEntryName: &quot;Lamb &amp; Mint Burgers&quot;, 
				productView: &quot;billboard&quot;,
				productId: &quot;66417&quot;,
				itemId: &quot;129256&quot;,
				hideMultibuy: &quot;false&quot;,
                ticketType: &quot;M&quot;,
                partNumber: &quot;7290995&quot;,
                offerCode: &quot;20150121&quot;
		}">
   	<div class="wrapper clearfix">   	
		

<h4 class="accessibility" id="heading_66417" tabindex="-1">
		Coles&nbsp;Lamb &amp; Mint Burgers&nbsp;
		500g&nbsp;
		On special 
</h4> 

<div class="offer-icon"></div>
<a role="presentation" aria-hidden="true" class="product-url" href="http://shop.coles.com.au/online/national/coles-butcher-burgers-lamb-mint">
	    <img role="presentation" aria-hidden="true" class="photo" src="/wcsstore/Coles-CAS/images/7/2/9/7290995-th.jpg" onerror="this.src='/wcsstore/ColesStorefrontAssetStore/dist/e0a775baf05f/images/spacer.gif'" alt="Lamb &amp; Mint Burgers" width="110" height="110">
	</a>

<div class="detail">	
    <span role="presentation" aria-hidden="true" class="brand">Coles</span>
    <span class="item" role="presentation" aria-hidden="true">
        <a role="presentation" aria-hidden="true" class="product-url" href="http://shop.coles.com.au/online/national/coles-butcher-burgers-lamb-mint">
        	Lamb &amp; Mint Burgers&nbsp;
        	500g
        </a>
    </span>
	<span class="size">
			
 	</span>
</div>


	<div class="purchasing" data-promotion="{qualifier: &quot;2&quot;,promotionId: &quot;10081526&quot;,catEntryIds: &quot;66245,66417,66989&quot;}">
	    <div class="offer-detail">2 for $11</div>
	    <div class="offer-price">SAVE&nbsp;$3.00 / $11.00 per 1Kg</div>
	    <div class="availability">Temporarily unavailable</div>
	    <div class="offer-purchase">
	       <button type="submit" value="Choose any 2" class="btn-red action-addMultibuyToTrolley">Choose any 2</button> 	       
	    </div>
	    <div class="or"><span>OR</span></div>
	    <div class="std-price">1 for $7.00&nbsp;/&nbsp;$14.00 per 1Kg</div>
	    <div class="availability">Temporarily unavailable</div>
	    <div class="std-purchase">
	        <input type="number" title="Add Quantity for Coles Lamb &amp; Mint Burgers 500g" name="quantity" id="catEntry_66417_qty" value="1" maxlength="2" size="2" class="v-mandatory v-numeric v-minval-1">
	        <button role="button" type="submit" title="Add to trolley&nbsp;Coles Lamb &amp; Mint Burgers 500g" class="btn-red action-addToTrolley"><span role="presentation" aria-hidden="true">Add to trolley</span></button>	        
	    </div>
	</div>


	    <div class="actions">
	        			
			   <div class="MUItemForTrolleyDiv MUItemForTrolley_129256" data-catentry="129256">
		         <div class="MUul_129256"><div class="MUli_129256 hidden" aria-hidden="true"><span class="inTrolley"><span class="MUSpan_129256">0</span> in trolley</span></div></div>
		       </div>
		        <p class="clear"></p>
			 
			<div class="member-usuals-remove">
				<a href="#" class="action-removeFromUsuals usuals-remove">Remove from list <span class="accessibility">Coles Lamb &amp; Mint Burgers 500g</span></a>			
			</div>
			
				<div class="list">
					<a href="#" class="action-addToList action-list-add">Add to list <span class="accessibility">Coles Lamb &amp; Mint Burgers 500g</span></a> 
				</div>
				<div class="member-list-add">
					<a href="#" class="action-addToList action-list-add">Add to another list <span class="accessibility">Coles Lamb &amp; Mint Burgers 500g</span></a>
				</div>
			
			<div class="member-list-remove">
				 <a href="#" class="action-removeFromList">Remove from list <span class="accessibility">Coles Lamb &amp; Mint Burgers 500g</span></a> 
			</div>
			
				<div class="compareProd" role="presentation" aria-hidden="true">
					<a href="#" class="compare compare-add">Compare</a>
				</div>
			
				<a href="http://shop.coles.com.au/online/national/coles-butcher-burgers-lamb-mint" class="product-url accessibility">More details for Coles&nbsp;Lamb &amp; Mint Burgers</a>
			
		</div>  
      

       	
		    <div role="presentation" aria-hidden="true" id="share" class="share" data-social="{productImgUrl:'http://shop.coles.com.au:27900/wcsstore/Coles-CAS/images/7/2/9/7290995-th.jpg'
	                                               ,productDisplayUrl:'http://shop.coles.com.au/online/national/coles-butcher-burgers-lamb-mint'
	                                               ,title:'Coles Lamb &amp; Mint Burgers  '
	                                               ,description:'Lamb burger with mint'}">
		 	</div>
 		
	</div>
</div>


	</form>
</div>


<span class="available hidden"></span>


<div class="outer-prod prodtile" data-refresh="{
					catalogId: &quot;10576&quot;,
					doInventory: &quot;N&quot;,
					fulfillmentCenterId: &quot;11576&quot;,
					forStoreId: &quot;10401&quot;,
					
					productDisplayURL: &quot;http://shop.coles.com.au/online/national/coles-veal-schnitzel-1-2-pieces&quot;				
			}">
	<form id="catEntryForm_71404" name="catEntryForm_71404" action="AjaxOrderChangeServiceItemAdd">
		
<div class=" " data-catentry="catEntry_71404" data-refresh="{
				addCalculationUsage: &quot;-1&quot;,
				langId: &quot;-1&quot;,
				storeId: &quot;10601&quot;, 
				catEntryId: &quot;71404&quot;, 
				catEntryName: &quot;Veal Schnitzel 1-2 pieces&quot;, 
				productView: &quot;list&quot;,
				productId: &quot;71404&quot;,
				itemId: &quot;134819&quot;,
				hideMultibuy: &quot;false&quot;,
                ticketType: &quot;&quot;,
                partNumber: &quot;6836641&quot;,
                offerCode: &quot;20130509&quot;
		}">
   	<div class="wrapper clearfix">   	
		

<h4 class="accessibility" id="heading_71404" tabindex="-1">
		Coles&nbsp;Veal Schnitzel 1-2 pieces&nbsp;
		approx. 200g&nbsp;
		 
</h4> 

<div class="offer-icon"></div>
<a role="presentation" aria-hidden="true" class="product-url" href="http://shop.coles.com.au/online/national/coles-veal-schnitzel-1-2-pieces">
	    <img role="presentation" aria-hidden="true" class="photo" src="/wcsstore/Coles-CAS/images/6/8/3/6836641-th.jpg" onerror="this.src='/wcsstore/ColesStorefrontAssetStore/dist/e0a775baf05f/images/spacer.gif'" alt="Veal Schnitzel 1-2 pieces" width="110" height="110">
	</a>

<div class="detail">	
    <span role="presentation" aria-hidden="true" class="brand">Coles</span>
    <span class="item" role="presentation" aria-hidden="true">
        <a role="presentation" aria-hidden="true" class="product-url" href="http://shop.coles.com.au/online/national/coles-veal-schnitzel-1-2-pieces">
        	Veal Schnitzel 1-2 pieces&nbsp;
        	approx. 200g
        </a>
    </span>
	<span class="size">
		Indicated price based on approx. weight. Weight may vary between 175g and 225g.	
 	</span>
</div>


	<div class="purchasing">	    
	    <div class="saving">
	    	
	    </div>
	   	
	    		<div class="price"><span class="accessibility">Purchase price </span><small>$</small>4.60</div>
	    	
	    <div class="unit-price"><span class="accessibility">Unit price </span>$22.99 per 1Kg</div>
	    <div class="special-offer">	    	
	    	
	    </div> 
	    <div class="availability">Temporarily unavailable</div>
	    <div class="purchase">
		
			<input type="number" title="Add Quantity for Coles Veal Schnitzel 1-2 pieces approx. 200g" name="quantity" id="catEntry_71404_qty" value="1" maxlength="2" size="2" class="v-mandatory v-numeric v-minval-1">
	        <button role="button" type="submit" title="Add to trolley&nbsp;Coles Veal Schnitzel 1-2 pieces approx. 200g" class="btn-red action-addToTrolley"><span role="presentation" aria-hidden="true">Add to trolley</span></button>
		
		</div>
	</div>
	<div class="lists">
		
	</div>


	    <div class="actions">
	        			
			   <div class="MUItemForTrolleyDiv MUItemForTrolley_134819" data-catentry="134819">
		         <div class="MUul_134819"><div class="MUli_134819 hidden" aria-hidden="true"><span class="inTrolley"><span class="MUSpan_134819">0</span> in trolley</span></div></div>
		       </div>
		        <p class="clear"></p>
			 
			<div class="member-usuals-remove">
				<a href="#" class="action-removeFromUsuals usuals-remove">Remove from list <span class="accessibility">Coles Veal Schnitzel 1-2 pieces approx. 200g</span></a>			
			</div>
			
				<div class="list">
					<a href="#" class="action-addToList action-list-add">Add to list <span class="accessibility">Coles Veal Schnitzel 1-2 pieces approx. 200g</span></a> 
				</div>
				<div class="member-list-add">
					<a href="#" class="action-addToList action-list-add">Add to another list <span class="accessibility">Coles Veal Schnitzel 1-2 pieces approx. 200g</span></a>
				</div>
			
			<div class="member-list-remove">
				 <a href="#" class="action-removeFromList">Remove from list <span class="accessibility">Coles Veal Schnitzel 1-2 pieces approx. 200g</span></a> 
			</div>
			
				<div class="compareProd" role="presentation" aria-hidden="true">
					<a href="#" class="compare compare-add">Compare</a>
				</div>
			
				<a href="http://shop.coles.com.au/online/national/coles-veal-schnitzel-1-2-pieces" class="product-url accessibility">More details for Coles&nbsp;Veal Schnitzel 1-2 pieces</a>
			
		</div>  
      

       	
		    <div role="presentation" aria-hidden="true" id="share" class="share" data-social="{productImgUrl:'http://shop.coles.com.au:27900/wcsstore/Coles-CAS/images/6/8/3/6836641-th.jpg'
	                                               ,productDisplayUrl:'http://shop.coles.com.au/online/national/coles-veal-schnitzel-1-2-pieces'
	                                               ,title:'Coles Veal Schnitzel 1-2 pieces Indicated price based on approx. weight. Weight may vary between 175g and 225g.'
	                                               ,description:''}">
		 	</div>
 		
	</div>
</div>


	</form>
</div>


<span class="available hidden"></span>


<div class="outer-prod prodtile" data-refresh="{
					catalogId: &quot;10576&quot;,
					doInventory: &quot;N&quot;,
					fulfillmentCenterId: &quot;11576&quot;,
					forStoreId: &quot;10401&quot;,
					
					productDisplayURL: &quot;http://shop.coles.com.au/online/national/coles-veal-mince&quot;				
			}">
	<form id="catEntryForm_95144" name="catEntryForm_95144" action="AjaxOrderChangeServiceItemAdd">
		
<div class=" " data-catentry="catEntry_95144" data-refresh="{
				addCalculationUsage: &quot;-1&quot;,
				langId: &quot;-1&quot;,
				storeId: &quot;10601&quot;, 
				catEntryId: &quot;95144&quot;, 
				catEntryName: &quot;Veal Mince&quot;, 
				productView: &quot;list&quot;,
				productId: &quot;95144&quot;,
				itemId: &quot;114393&quot;,
				hideMultibuy: &quot;false&quot;,
                ticketType: &quot;&quot;,
                partNumber: &quot;8851114&quot;,
                offerCode: &quot;20120321&quot;
		}">
   	<div class="wrapper clearfix">   	
		

<h4 class="accessibility" id="heading_95144" tabindex="-1">
		Coles&nbsp;Veal Mince&nbsp;
		500g&nbsp;
		 
</h4> 

<div class="offer-icon"></div>
<a role="presentation" aria-hidden="true" class="product-url" href="http://shop.coles.com.au/online/national/coles-veal-mince">
	    <img role="presentation" aria-hidden="true" class="photo" src="/wcsstore/Coles-CAS/images/8/8/5/8851114-th.jpg" onerror="this.src='/wcsstore/ColesStorefrontAssetStore/dist/e0a775baf05f/images/spacer.gif'" alt="Veal Mince" width="110" height="110">
	</a>

<div class="detail">	
    <span role="presentation" aria-hidden="true" class="brand">Coles</span>
    <span class="item" role="presentation" aria-hidden="true">
        <a role="presentation" aria-hidden="true" class="product-url" href="http://shop.coles.com.au/online/national/coles-veal-mince">
        	Veal Mince&nbsp;
        	500g
        </a>
    </span>
	<span class="size">
			
 	</span>
</div>


	<div class="purchasing">	    
	    <div class="saving">
	    	
	    </div>
	   	
	    		<div class="price"><span class="accessibility">Purchase price </span><small>$</small>7.00</div>
	    	
	    <div class="unit-price"><span class="accessibility">Unit price </span>$14.00 per 1Kg</div>
	    <div class="special-offer">	    	
	    	
	    </div> 
	    <div class="availability">Temporarily unavailable</div>
	    <div class="purchase">
		
			<input type="number" title="Add Quantity for Coles Veal Mince 500g" name="quantity" id="catEntry_95144_qty" value="1" maxlength="2" size="2" class="v-mandatory v-numeric v-minval-1">
	        <button role="button" type="submit" title="Add to trolley&nbsp;Coles Veal Mince 500g" class="btn-red action-addToTrolley"><span role="presentation" aria-hidden="true">Add to trolley</span></button>
		
		</div>
	</div>
	<div class="lists">
		
	</div>


	    <div class="actions">
	        			
			   <div class="MUItemForTrolleyDiv MUItemForTrolley_114393" data-catentry="114393">
		         <div class="MUul_114393"><div class="MUli_114393 hidden" aria-hidden="true"><span class="inTrolley"><span class="MUSpan_114393">0</span> in trolley</span></div></div>
		       </div>
		        <p class="clear"></p>
			 
			<div class="member-usuals-remove">
				<a href="#" class="action-removeFromUsuals usuals-remove">Remove from list <span class="accessibility">Coles Veal Mince 500g</span></a>			
			</div>
			
				<div class="list">
					<a href="#" class="action-addToList action-list-add">Add to list <span class="accessibility">Coles Veal Mince 500g</span></a> 
				</div>
				<div class="member-list-add">
					<a href="#" class="action-addToList action-list-add">Add to another list <span class="accessibility">Coles Veal Mince 500g</span></a>
				</div>
			
			<div class="member-list-remove">
				 <a href="#" class="action-removeFromList">Remove from list <span class="accessibility">Coles Veal Mince 500g</span></a> 
			</div>
			
				<div class="compareProd" role="presentation" aria-hidden="true">
					<a href="#" class="compare compare-add">Compare</a>
				</div>
			
				<a href="http://shop.coles.com.au/online/national/coles-veal-mince" class="product-url accessibility">More details for Coles&nbsp;Veal Mince</a>
			
		</div>  
      

       	
		    <div role="presentation" aria-hidden="true" id="share" class="share" data-social="{productImgUrl:'http://shop.coles.com.au:27900/wcsstore/Coles-CAS/images/8/8/5/8851114-th.jpg'
	                                               ,productDisplayUrl:'http://shop.coles.com.au/online/national/coles-veal-mince'
	                                               ,title:'Coles Veal Mince  '
	                                               ,description:'4 Star Lean Veal Mince 500g 9&amp;#039;x7&amp;#039;'}">
		 	</div>
 		
	</div>
</div>


	</form>
</div>


<span class="available hidden"></span>


<div class="outer-prod prodtile" data-refresh="{
					catalogId: &quot;10576&quot;,
					doInventory: &quot;N&quot;,
					fulfillmentCenterId: &quot;11576&quot;,
					forStoreId: &quot;10401&quot;,
					
					productDisplayURL: &quot;http://shop.coles.com.au/online/national/coles-lamb-leg-roast-half-9246065p&quot;				
			}">
	<form id="catEntryForm_100692" name="catEntryForm_100692" action="AjaxOrderChangeServiceItemAdd">
		
<div class=" " data-catentry="catEntry_100692" data-refresh="{
				addCalculationUsage: &quot;-1&quot;,
				langId: &quot;-1&quot;,
				storeId: &quot;10601&quot;, 
				catEntryId: &quot;100692&quot;, 
				catEntryName: &quot;Half Lamb Leg Roast&quot;, 
				productView: &quot;list&quot;,
				productId: &quot;100692&quot;,
				itemId: &quot;162895&quot;,
				hideMultibuy: &quot;false&quot;,
                ticketType: &quot;&quot;,
                partNumber: &quot;9246065&quot;,
                offerCode: &quot;20150114&quot;
		}">
   	<div class="wrapper clearfix">   	
		

<h4 class="accessibility" id="heading_100692" tabindex="-1">
		Coles&nbsp;Half Lamb Leg Roast&nbsp;
		approx. 1.3kg&nbsp;
		 
</h4> 

<div class="offer-icon"></div>
<a role="presentation" aria-hidden="true" class="product-url" href="http://shop.coles.com.au/online/national/coles-lamb-leg-roast-half-9246065p">
	    <img role="presentation" aria-hidden="true" class="photo" src="/wcsstore/Coles-CAS/images/9/2/4/9246065-th.jpg" onerror="this.src='/wcsstore/ColesStorefrontAssetStore/dist/e0a775baf05f/images/spacer.gif'" alt="Half Lamb Leg Roast" width="110" height="110">
	</a>

<div class="detail">	
    <span role="presentation" aria-hidden="true" class="brand">Coles</span>
    <span class="item" role="presentation" aria-hidden="true">
        <a role="presentation" aria-hidden="true" class="product-url" href="http://shop.coles.com.au/online/national/coles-lamb-leg-roast-half-9246065p">
        	Half Lamb Leg Roast&nbsp;
        	approx. 1.3kg
        </a>
    </span>
	<span class="size">
		Indicated price based on approx. weight. Weight may vary between 1kg and 1.6kg.	
 	</span>
</div>


	<div class="purchasing">	    
	    <div class="saving">
	    	
	    </div>
	   	
	    		<div class="price"><span class="accessibility">Purchase price </span><small>$</small>15.60</div>
	    	
	    <div class="unit-price"><span class="accessibility">Unit price </span>$12.00 per 1Kg</div>
	    <div class="special-offer">	    	
	    	
	    </div> 
	    <div class="availability">Temporarily unavailable</div>
	    <div class="purchase">
		
			<input type="number" title="Add Quantity for Coles Half Lamb Leg Roast approx. 1.3kg" name="quantity" id="catEntry_100692_qty" value="1" maxlength="2" size="2" class="v-mandatory v-numeric v-minval-1">
	        <button role="button" type="submit" title="Add to trolley&nbsp;Coles Half Lamb Leg Roast approx. 1.3kg" class="btn-red action-addToTrolley"><span role="presentation" aria-hidden="true">Add to trolley</span></button>
		
		</div>
	</div>
	<div class="lists">
		
	</div>


	    <div class="actions">
	        			
			   <div class="MUItemForTrolleyDiv MUItemForTrolley_162895" data-catentry="162895">
		         <div class="MUul_162895"><div class="MUli_162895 hidden" aria-hidden="true"><span class="inTrolley"><span class="MUSpan_162895">0</span> in trolley</span></div></div>
		       </div>
		        <p class="clear"></p>
			 
			<div class="member-usuals-remove">
				<a href="#" class="action-removeFromUsuals usuals-remove">Remove from list <span class="accessibility">Coles Half Lamb Leg Roast approx. 1.3kg</span></a>			
			</div>
			
				<div class="list">
					<a href="#" class="action-addToList action-list-add">Add to list <span class="accessibility">Coles Half Lamb Leg Roast approx. 1.3kg</span></a> 
				</div>
				<div class="member-list-add">
					<a href="#" class="action-addToList action-list-add">Add to another list <span class="accessibility">Coles Half Lamb Leg Roast approx. 1.3kg</span></a>
				</div>
			
			<div class="member-list-remove">
				 <a href="#" class="action-removeFromList">Remove from list <span class="accessibility">Coles Half Lamb Leg Roast approx. 1.3kg</span></a> 
			</div>
			
				<div class="compareProd" role="presentation" aria-hidden="true">
					<a href="#" class="compare compare-add">Compare</a>
				</div>
			
				<a href="http://shop.coles.com.au/online/national/coles-lamb-leg-roast-half-9246065p" class="product-url accessibility">More details for Coles&nbsp;Half Lamb Leg Roast</a>
			
		</div>  
      

       	
		    <div role="presentation" aria-hidden="true" id="share" class="share" data-social="{productImgUrl:'http://shop.coles.com.au:27900/wcsstore/Coles-CAS/images/9/2/4/9246065-th.jpg'
	                                               ,productDisplayUrl:'http://shop.coles.com.au/online/national/coles-lamb-leg-roast-half-9246065p'
	                                               ,title:'Coles Half Lamb Leg Roast Indicated price based on approx. weight. Weight may vary between 1kg and 1.6kg.'
	                                               ,description:''}">
		 	</div>
 		
	</div>
</div>


	</form>
</div>


<span class="available hidden"></span>


<div class="outer-prod prodtile" data-refresh="{
					catalogId: &quot;10576&quot;,
					doInventory: &quot;N&quot;,
					fulfillmentCenterId: &quot;11576&quot;,
					forStoreId: &quot;10401&quot;,
					
					productDisplayURL: &quot;http://shop.coles.com.au/online/national/coles-lamb-cutlets-frenched-8940189p&quot;				
			}">
	<form id="catEntryForm_106414" name="catEntryForm_106414" action="AjaxOrderChangeServiceItemAdd">
		
<div class=" " data-catentry="catEntry_106414" data-refresh="{
				addCalculationUsage: &quot;-1&quot;,
				langId: &quot;-1&quot;,
				storeId: &quot;10601&quot;, 
				catEntryId: &quot;106414&quot;, 
				catEntryName: &quot;Frenched Lamb Cutlets&quot;, 
				productView: &quot;list&quot;,
				productId: &quot;106414&quot;,
				itemId: &quot;108532&quot;,
				hideMultibuy: &quot;false&quot;,
                ticketType: &quot;&quot;,
                partNumber: &quot;8940189&quot;,
                offerCode: &quot;20140227&quot;
		}">
   	<div class="wrapper clearfix">   	
		

<h4 class="accessibility" id="heading_106414" tabindex="-1">
		Coles&nbsp;Frenched Lamb Cutlets&nbsp;
		approx. 200g&nbsp;
		 
</h4> 

<div class="offer-icon"></div>
<a role="presentation" aria-hidden="true" class="product-url" href="http://shop.coles.com.au/online/national/coles-lamb-cutlets-frenched-8940189p">
	    <img role="presentation" aria-hidden="true" class="photo" src="/wcsstore/Coles-CAS/images/8/9/4/8940189-th.jpg" onerror="this.src='/wcsstore/ColesStorefrontAssetStore/dist/e0a775baf05f/images/spacer.gif'" alt="Frenched Lamb Cutlets" width="110" height="110">
	</a>

<div class="detail">	
    <span role="presentation" aria-hidden="true" class="brand">Coles</span>
    <span class="item" role="presentation" aria-hidden="true">
        <a role="presentation" aria-hidden="true" class="product-url" href="http://shop.coles.com.au/online/national/coles-lamb-cutlets-frenched-8940189p">
        	Frenched Lamb Cutlets&nbsp;
        	approx. 200g
        </a>
    </span>
	<span class="size">
		Indicated price based on approx. weight. Weight may vary between 175g and 225g.	
 	</span>
</div>


	<div class="purchasing">	    
	    <div class="saving">
	    	
	    </div>
	   	
	    		<div class="price"><span class="accessibility">Purchase price </span><small>$</small>9.00</div>
	    	
	    <div class="unit-price"><span class="accessibility">Unit price </span>$44.99 per 1Kg</div>
	    <div class="special-offer">	    	
	    	
	    </div> 
	    <div class="availability">Temporarily unavailable</div>
	    <div class="purchase">
		
			<input type="number" title="Add Quantity for Coles Frenched Lamb Cutlets approx. 200g" name="quantity" id="catEntry_106414_qty" value="1" maxlength="2" size="2" class="v-mandatory v-numeric v-minval-1">
	        <button role="button" type="submit" title="Add to trolley&nbsp;Coles Frenched Lamb Cutlets approx. 200g" class="btn-red action-addToTrolley"><span role="presentation" aria-hidden="true">Add to trolley</span></button>
		
		</div>
	</div>
	<div class="lists">
		
	</div>


	    <div class="actions">
	        			
			   <div class="MUItemForTrolleyDiv MUItemForTrolley_108532" data-catentry="108532">
		         <div class="MUul_108532"><div class="MUli_108532 hidden" aria-hidden="true"><span class="inTrolley"><span class="MUSpan_108532">0</span> in trolley</span></div></div>
		       </div>
		        <p class="clear"></p>
			 
			<div class="member-usuals-remove">
				<a href="#" class="action-removeFromUsuals usuals-remove">Remove from list <span class="accessibility">Coles Frenched Lamb Cutlets approx. 200g</span></a>			
			</div>
			
				<div class="list">
					<a href="#" class="action-addToList action-list-add">Add to list <span class="accessibility">Coles Frenched Lamb Cutlets approx. 200g</span></a> 
				</div>
				<div class="member-list-add">
					<a href="#" class="action-addToList action-list-add">Add to another list <span class="accessibility">Coles Frenched Lamb Cutlets approx. 200g</span></a>
				</div>
			
			<div class="member-list-remove">
				 <a href="#" class="action-removeFromList">Remove from list <span class="accessibility">Coles Frenched Lamb Cutlets approx. 200g</span></a> 
			</div>
			
				<div class="compareProd" role="presentation" aria-hidden="true">
					<a href="#" class="compare compare-add">Compare</a>
				</div>
			
				<a href="http://shop.coles.com.au/online/national/coles-lamb-cutlets-frenched-8940189p" class="product-url accessibility">More details for Coles&nbsp;Frenched Lamb Cutlets</a>
			
		</div>  
      

       	
		    <div role="presentation" aria-hidden="true" id="share" class="share" data-social="{productImgUrl:'http://shop.coles.com.au:27900/wcsstore/Coles-CAS/images/8/9/4/8940189-th.jpg'
	                                               ,productDisplayUrl:'http://shop.coles.com.au/online/national/coles-lamb-cutlets-frenched-8940189p'
	                                               ,title:'Coles Frenched Lamb Cutlets Indicated price based on approx. weight. Weight may vary between 175g and 225g.'
	                                               ,description:''}">
		 	</div>
 		
	</div>
</div>


	</form>
</div>


<span class="available hidden"></span>


<div class="outer-prod prodtile" data-refresh="{
					catalogId: &quot;10576&quot;,
					doInventory: &quot;N&quot;,
					fulfillmentCenterId: &quot;11576&quot;,
					forStoreId: &quot;10401&quot;,
					
					productDisplayURL: &quot;http://shop.coles.com.au/online/national/coles-honey-sliced-ham&quot;				
			}">
	<form id="catEntryForm_391038" name="catEntryForm_391038" action="AjaxOrderChangeServiceItemAdd">
		
<div class=" " data-catentry="catEntry_391038" data-refresh="{
				addCalculationUsage: &quot;-1&quot;,
				langId: &quot;-1&quot;,
				storeId: &quot;10601&quot;, 
				catEntryId: &quot;391038&quot;, 
				catEntryName: &quot;Honey Sliced Ham&quot;, 
				productView: &quot;list&quot;,
				productId: &quot;391038&quot;,
				itemId: &quot;391171&quot;,
				hideMultibuy: &quot;false&quot;,
                ticketType: &quot;&quot;,
                partNumber: &quot;1937550&quot;,
                offerCode: &quot;20150110&quot;
		}">
   	<div class="wrapper clearfix">   	
		

<h4 class="accessibility" id="heading_391038" tabindex="-1">
		Coles&nbsp;Honey Sliced Ham&nbsp;
		100g&nbsp;
		 
</h4> 

<div class="offer-icon"></div>
<a role="presentation" aria-hidden="true" class="product-url" href="http://shop.coles.com.au/online/national/coles-honey-sliced-ham">
	    <img role="presentation" aria-hidden="true" class="photo" src="/wcsstore/Coles-CAS/images/1/9/3/1937550-th.jpg" onerror="this.src='/wcsstore/ColesStorefrontAssetStore/dist/e0a775baf05f/images/spacer.gif'" alt="Honey Sliced Ham" width="110" height="110">
	</a>

<div class="detail">	
    <span role="presentation" aria-hidden="true" class="brand">Coles</span>
    <span class="item" role="presentation" aria-hidden="true">
        <a role="presentation" aria-hidden="true" class="product-url" href="http://shop.coles.com.au/online/national/coles-honey-sliced-ham">
        	Honey Sliced Ham&nbsp;
        	100g
        </a>
    </span>
	<span class="size">
			
 	</span>
</div>


	<div class="purchasing">	    
	    <div class="saving">
	    	
	    </div>
	   	
	    		<div class="price"><span class="accessibility">Purchase price </span><small>$</small>3.30</div>
	    	
	    <div class="unit-price"><span class="accessibility">Unit price </span>$33.00 per 1Kg</div>
	    <div class="special-offer">	    	
	    	
	    </div> 
	    <div class="availability">Temporarily unavailable</div>
	    <div class="purchase">
		
			<input type="number" title="Add Quantity for Coles Honey Sliced Ham 100g" name="quantity" id="catEntry_391038_qty" value="1" maxlength="2" size="2" class="v-mandatory v-numeric v-minval-1">
	        <button role="button" type="submit" title="Add to trolley&nbsp;Coles Honey Sliced Ham 100g" class="btn-red action-addToTrolley"><span role="presentation" aria-hidden="true">Add to trolley</span></button>
		
		</div>
	</div>
	<div class="lists">
		
	</div>


	    <div class="actions">
	        			
			   <div class="MUItemForTrolleyDiv MUItemForTrolley_391171" data-catentry="391171">
		         <div class="MUul_391171"><div class="MUli_391171 hidden" aria-hidden="true"><span class="inTrolley"><span class="MUSpan_391171">0</span> in trolley</span></div></div>
		       </div>
		        <p class="clear"></p>
			 
			<div class="member-usuals-remove">
				<a href="#" class="action-removeFromUsuals usuals-remove">Remove from list <span class="accessibility">Coles Honey Sliced Ham 100g</span></a>			
			</div>
			
				<div class="list">
					<a href="#" class="action-addToList action-list-add">Add to list <span class="accessibility">Coles Honey Sliced Ham 100g</span></a> 
				</div>
				<div class="member-list-add">
					<a href="#" class="action-addToList action-list-add">Add to another list <span class="accessibility">Coles Honey Sliced Ham 100g</span></a>
				</div>
			
			<div class="member-list-remove">
				 <a href="#" class="action-removeFromList">Remove from list <span class="accessibility">Coles Honey Sliced Ham 100g</span></a> 
			</div>
			
				<div class="compareProd" role="presentation" aria-hidden="true">
					<a href="#" class="compare compare-add">Compare</a>
				</div>
			
				<a href="http://shop.coles.com.au/online/national/coles-honey-sliced-ham" class="product-url accessibility">More details for Coles&nbsp;Honey Sliced Ham</a>
			
		</div>  
      

       	
		    <div role="presentation" aria-hidden="true" id="share" class="share" data-social="{productImgUrl:'http://shop.coles.com.au:27900/wcsstore/Coles-CAS/images/1/9/3/1937550-th.jpg'
	                                               ,productDisplayUrl:'http://shop.coles.com.au/online/national/coles-honey-sliced-ham'
	                                               ,title:'Coles Honey Sliced Ham '
	                                               ,description:''}">
		 	</div>
 		
	</div>
</div>


	</form>
</div>


<span class="available hidden"></span>


<div class="outer-prod prodtile" data-refresh="{
					catalogId: &quot;10576&quot;,
					doInventory: &quot;N&quot;,
					fulfillmentCenterId: &quot;11576&quot;,
					forStoreId: &quot;10401&quot;,
					
					productDisplayURL: &quot;http://shop.coles.com.au/online/national/tomatoes-semi-dried&quot;				
			}">
	<form id="catEntryForm_80903" name="catEntryForm_80903" action="AjaxOrderChangeServiceItemAdd">
		
<div class=" " data-catentry="catEntry_80903" data-refresh="{
				addCalculationUsage: &quot;-1&quot;,
				langId: &quot;-1&quot;,
				storeId: &quot;10601&quot;, 
				catEntryId: &quot;80903&quot;, 
				catEntryName: &quot;Semi Dried Tomatoes&quot;, 
				productView: &quot;list&quot;,
				productId: &quot;80903&quot;,
				itemId: &quot;146506&quot;,
				hideMultibuy: &quot;false&quot;,
                ticketType: &quot;&quot;,
                partNumber: &quot;4632141&quot;,
                offerCode: &quot;20150128&quot;
		}">
   	<div class="wrapper clearfix">   	
		

<h4 class="accessibility" id="heading_80903" tabindex="-1">
		Coles Deli&nbsp;Semi Dried Tomatoes&nbsp;
		approx. 150g&nbsp;
		 
</h4> 

<div class="offer-icon"></div>
<a role="presentation" aria-hidden="true" class="product-url" href="http://shop.coles.com.au/online/national/tomatoes-semi-dried">
	    <img role="presentation" aria-hidden="true" class="photo" src="/wcsstore/Coles-CAS/images/4/6/3/4632141-th.jpg" onerror="this.src='/wcsstore/ColesStorefrontAssetStore/dist/e0a775baf05f/images/spacer.gif'" alt="Semi Dried Tomatoes" width="110" height="110">
	</a>

<div class="detail">	
    <span role="presentation" aria-hidden="true" class="brand">Coles Deli</span>
    <span class="item" role="presentation" aria-hidden="true">
        <a role="presentation" aria-hidden="true" class="product-url" href="http://shop.coles.com.au/online/national/tomatoes-semi-dried">
        	Semi Dried Tomatoes&nbsp;
        	approx. 150g
        </a>
    </span>
	<span class="size">
		Indicated price based on approx. weight. Weight may vary between 125g and 175g.	
 	</span>
</div>


	<div class="purchasing">	    
	    <div class="saving">
	    	
	    </div>
	   	
	    		<div class="price"><span class="accessibility">Purchase price </span><small>$</small>3.83</div>
	    	
	    <div class="unit-price"><span class="accessibility">Unit price </span>$25.55 per 1kg</div>
	    <div class="special-offer">	    	
	    	
	    </div> 
	    <div class="availability">Temporarily unavailable</div>
	    <div class="purchase">
		
			<input type="number" title="Add Quantity for Coles Deli Semi Dried Tomatoes approx. 150g" name="quantity" id="catEntry_80903_qty" value="1" maxlength="2" size="2" class="v-mandatory v-numeric v-minval-1">
	        <button role="button" type="submit" title="Add to trolley&nbsp;Coles Deli Semi Dried Tomatoes approx. 150g" class="btn-red action-addToTrolley"><span role="presentation" aria-hidden="true">Add to trolley</span></button>
		
		</div>
	</div>
	<div class="lists">
		
	</div>


	    <div class="actions">
	        			
			   <div class="MUItemForTrolleyDiv MUItemForTrolley_146506" data-catentry="146506">
		         <div class="MUul_146506"><div class="MUli_146506 hidden" aria-hidden="true"><span class="inTrolley"><span class="MUSpan_146506">0</span> in trolley</span></div></div>
		       </div>
		        <p class="clear"></p>
			 
			<div class="member-usuals-remove">
				<a href="#" class="action-removeFromUsuals usuals-remove">Remove from list <span class="accessibility">Coles Deli Semi Dried Tomatoes approx. 150g</span></a>			
			</div>
			
				<div class="list">
					<a href="#" class="action-addToList action-list-add">Add to list <span class="accessibility">Coles Deli Semi Dried Tomatoes approx. 150g</span></a> 
				</div>
				<div class="member-list-add">
					<a href="#" class="action-addToList action-list-add">Add to another list <span class="accessibility">Coles Deli Semi Dried Tomatoes approx. 150g</span></a>
				</div>
			
			<div class="member-list-remove">
				 <a href="#" class="action-removeFromList">Remove from list <span class="accessibility">Coles Deli Semi Dried Tomatoes approx. 150g</span></a> 
			</div>
			
				<div class="compareProd" role="presentation" aria-hidden="true">
					<a href="#" class="compare compare-add">Compare</a>
				</div>
			
				<a href="http://shop.coles.com.au/online/national/tomatoes-semi-dried" class="product-url accessibility">More details for Coles Deli&nbsp;Semi Dried Tomatoes</a>
			
		</div>  
      

       	
		    <div role="presentation" aria-hidden="true" id="share" class="share" data-social="{productImgUrl:'http://shop.coles.com.au:27900/wcsstore/Coles-CAS/images/4/6/3/4632141-th.jpg'
	                                               ,productDisplayUrl:'http://shop.coles.com.au/online/national/tomatoes-semi-dried'
	                                               ,title:'Coles Deli Semi Dried Tomatoes Indicated price based on approx. weight. Weight may vary between 125g and 175g.'
	                                               ,description:'Semi Dried Tomato dressed with garlic, herbs, salt and oil.'}">
		 	</div>
 		
	</div>
</div>


	</form>
</div>


<span class="available hidden"></span>


<div class="outer-prod prodtile" data-refresh="{
					catalogId: &quot;10576&quot;,
					doInventory: &quot;N&quot;,
					fulfillmentCenterId: &quot;11576&quot;,
					forStoreId: &quot;10401&quot;,
					
					productDisplayURL: &quot;http://shop.coles.com.au/online/national/primo-cabanossi-126g&quot;				
			}">
	<form id="catEntryForm_400023" name="catEntryForm_400023" action="AjaxOrderChangeServiceItemAdd">
		
<div class=" " data-catentry="catEntry_400023" data-refresh="{
				addCalculationUsage: &quot;-1&quot;,
				langId: &quot;-1&quot;,
				storeId: &quot;10601&quot;, 
				catEntryId: &quot;400023&quot;, 
				catEntryName: &quot;Primo Cabanossi&quot;, 
				productView: &quot;list&quot;,
				productId: &quot;400023&quot;,
				itemId: &quot;400180&quot;,
				hideMultibuy: &quot;false&quot;,
                ticketType: &quot;&quot;,
                partNumber: &quot;2090139&quot;,
                offerCode: &quot;20150121&quot;
		}">
   	<div class="wrapper clearfix">   	
		

<h4 class="accessibility" id="heading_400023" tabindex="-1">
		Coles Deli&nbsp;Primo Cabanossi&nbsp;
		1 each&nbsp;
		 
</h4> 

<div class="offer-icon"></div>
<a role="presentation" aria-hidden="true" class="product-url" href="http://shop.coles.com.au/online/national/primo-cabanossi-126g">
	    <img role="presentation" aria-hidden="true" class="photo" src="/wcsstore/Coles-CAS/images/2/0/9/2090139-th.jpg" onerror="this.src='/wcsstore/ColesStorefrontAssetStore/dist/e0a775baf05f/images/spacer.gif'" alt="Primo Cabanossi" width="110" height="110">
	</a>

<div class="detail">	
    <span role="presentation" aria-hidden="true" class="brand">Coles Deli</span>
    <span class="item" role="presentation" aria-hidden="true">
        <a role="presentation" aria-hidden="true" class="product-url" href="http://shop.coles.com.au/online/national/primo-cabanossi-126g">
        	Primo Cabanossi&nbsp;
        	1 each
        </a>
    </span>
	<span class="size">
			
 	</span>
</div>


	<div class="purchasing">	    
	    <div class="saving">
	    	
	    </div>
	   	
	    		<div class="price"><span class="accessibility">Purchase price </span><small>$</small>2.00</div>
	    	
	    <div class="unit-price"><span class="accessibility">Unit price </span>$2.00 per 1Ea</div>
	    <div class="special-offer">	    	
	    	
	    </div> 
	    <div class="availability">Temporarily unavailable</div>
	    <div class="purchase">
		
			<input type="number" title="Add Quantity for Coles Deli Primo Cabanossi 1 each" name="quantity" id="catEntry_400023_qty" value="1" maxlength="2" size="2" class="v-mandatory v-numeric v-minval-1">
	        <button role="button" type="submit" title="Add to trolley&nbsp;Coles Deli Primo Cabanossi 1 each" class="btn-red action-addToTrolley"><span role="presentation" aria-hidden="true">Add to trolley</span></button>
		
		</div>
	</div>
	<div class="lists">
		
	</div>


	    <div class="actions">
	        			
			   <div class="MUItemForTrolleyDiv MUItemForTrolley_400180" data-catentry="400180">
		         <div class="MUul_400180"><div class="MUli_400180 hidden" aria-hidden="true"><span class="inTrolley"><span class="MUSpan_400180">0</span> in trolley</span></div></div>
		       </div>
		        <p class="clear"></p>
			 
			<div class="member-usuals-remove">
				<a href="#" class="action-removeFromUsuals usuals-remove">Remove from list <span class="accessibility">Coles Deli Primo Cabanossi 1 each</span></a>			
			</div>
			
				<div class="list">
					<a href="#" class="action-addToList action-list-add">Add to list <span class="accessibility">Coles Deli Primo Cabanossi 1 each</span></a> 
				</div>
				<div class="member-list-add">
					<a href="#" class="action-addToList action-list-add">Add to another list <span class="accessibility">Coles Deli Primo Cabanossi 1 each</span></a>
				</div>
			
			<div class="member-list-remove">
				 <a href="#" class="action-removeFromList">Remove from list <span class="accessibility">Coles Deli Primo Cabanossi 1 each</span></a> 
			</div>
			
				<div class="compareProd" role="presentation" aria-hidden="true">
					<a href="#" class="compare compare-add">Compare</a>
				</div>
			
				<a href="http://shop.coles.com.au/online/national/primo-cabanossi-126g" class="product-url accessibility">More details for Coles Deli&nbsp;Primo Cabanossi</a>
			
		</div>  
      

       	
		    <div role="presentation" aria-hidden="true" id="share" class="share" data-social="{productImgUrl:'http://shop.coles.com.au:27900/wcsstore/Coles-CAS/images/2/0/9/2090139-th.jpg'
	                                               ,productDisplayUrl:'http://shop.coles.com.au/online/national/primo-cabanossi-126g'
	                                               ,title:'Coles Deli Primo Cabanossi '
	                                               ,description:''}">
		 	</div>
 		
	</div>
</div>


	</form>
</div>


<span class="available hidden"></span>


<div class="outer-prod prodtile" data-refresh="{
					catalogId: &quot;10576&quot;,
					doInventory: &quot;N&quot;,
					fulfillmentCenterId: &quot;11576&quot;,
					forStoreId: &quot;10401&quot;,
					
					productDisplayURL: &quot;http://shop.coles.com.au/online/national/coles-deli-chorizo&quot;				
			}">
	<form id="catEntryForm_400035" name="catEntryForm_400035" action="AjaxOrderChangeServiceItemAdd">
		
<div class=" " data-catentry="catEntry_400035" data-refresh="{
				addCalculationUsage: &quot;-1&quot;,
				langId: &quot;-1&quot;,
				storeId: &quot;10601&quot;, 
				catEntryId: &quot;400035&quot;, 
				catEntryName: &quot;Continental Chorizo&quot;, 
				productView: &quot;list&quot;,
				productId: &quot;400035&quot;,
				itemId: &quot;400189&quot;,
				hideMultibuy: &quot;false&quot;,
                ticketType: &quot;&quot;,
                partNumber: &quot;2076717&quot;,
                offerCode: &quot;20150121&quot;
		}">
   	<div class="wrapper clearfix">   	
		

<h4 class="accessibility" id="heading_400035" tabindex="-1">
		Coles Deli&nbsp;Continental Chorizo&nbsp;
		1 each&nbsp;
		 
</h4> 

<div class="offer-icon"></div>
<a role="presentation" aria-hidden="true" class="product-url" href="http://shop.coles.com.au/online/national/coles-deli-chorizo">
	    <img role="presentation" aria-hidden="true" class="photo" src="/wcsstore/Coles-CAS/images/2/0/7/2076717-th.jpg" onerror="this.src='/wcsstore/ColesStorefrontAssetStore/dist/e0a775baf05f/images/spacer.gif'" alt="Continental Chorizo" width="110" height="110">
	</a>

<div class="detail">	
    <span role="presentation" aria-hidden="true" class="brand">Coles Deli</span>
    <span class="item" role="presentation" aria-hidden="true">
        <a role="presentation" aria-hidden="true" class="product-url" href="http://shop.coles.com.au/online/national/coles-deli-chorizo">
        	Continental Chorizo&nbsp;
        	1 each
        </a>
    </span>
	<span class="size">
			
 	</span>
</div>


	<div class="purchasing">	    
	    <div class="saving">
	    	
	    </div>
	   	
	    		<div class="price"><span class="accessibility">Purchase price </span><small>$</small>3.00</div>
	    	
	    <div class="unit-price"><span class="accessibility">Unit price </span>$3.00 per 1Ea</div>
	    <div class="special-offer">	    	
	    	
	    </div> 
	    <div class="availability">Temporarily unavailable</div>
	    <div class="purchase">
		
			<input type="number" title="Add Quantity for Coles Deli Continental Chorizo 1 each" name="quantity" id="catEntry_400035_qty" value="1" maxlength="2" size="2" class="v-mandatory v-numeric v-minval-1">
	        <button role="button" type="submit" title="Add to trolley&nbsp;Coles Deli Continental Chorizo 1 each" class="btn-red action-addToTrolley"><span role="presentation" aria-hidden="true">Add to trolley</span></button>
		
		</div>
	</div>
	<div class="lists">
		
	</div>


	    <div class="actions">
	        			
			   <div class="MUItemForTrolleyDiv MUItemForTrolley_400189" data-catentry="400189">
		         <div class="MUul_400189"><div class="MUli_400189 hidden" aria-hidden="true"><span class="inTrolley"><span class="MUSpan_400189">0</span> in trolley</span></div></div>
		       </div>
		        <p class="clear"></p>
			 
			<div class="member-usuals-remove">
				<a href="#" class="action-removeFromUsuals usuals-remove">Remove from list <span class="accessibility">Coles Deli Continental Chorizo 1 each</span></a>			
			</div>
			
				<div class="list">
					<a href="#" class="action-addToList action-list-add">Add to list <span class="accessibility">Coles Deli Continental Chorizo 1 each</span></a> 
				</div>
				<div class="member-list-add">
					<a href="#" class="action-addToList action-list-add">Add to another list <span class="accessibility">Coles Deli Continental Chorizo 1 each</span></a>
				</div>
			
			<div class="member-list-remove">
				 <a href="#" class="action-removeFromList">Remove from list <span class="accessibility">Coles Deli Continental Chorizo 1 each</span></a> 
			</div>
			
				<div class="compareProd" role="presentation" aria-hidden="true">
					<a href="#" class="compare compare-add">Compare</a>
				</div>
			
				<a href="http://shop.coles.com.au/online/national/coles-deli-chorizo" class="product-url accessibility">More details for Coles Deli&nbsp;Continental Chorizo</a>
			
		</div>  
      

       	
		    <div role="presentation" aria-hidden="true" id="share" class="share" data-social="{productImgUrl:'http://shop.coles.com.au:27900/wcsstore/Coles-CAS/images/2/0/7/2076717-th.jpg'
	                                               ,productDisplayUrl:'http://shop.coles.com.au/online/national/coles-deli-chorizo'
	                                               ,title:'Coles Deli Continental Chorizo '
	                                               ,description:''}">
		 	</div>
 		
	</div>
</div>


	</form>
</div>


<span class="available hidden"></span>


<div class="outer-prod prodtile" data-refresh="{
					catalogId: &quot;10576&quot;,
					doInventory: &quot;N&quot;,
					fulfillmentCenterId: &quot;11576&quot;,
					forStoreId: &quot;10401&quot;,
					
					productDisplayURL: &quot;http://shop.coles.com.au/online/national/coles-finest-sausages-pork-apple-cider&quot;				
			}">
	<form id="catEntryForm_69658" name="catEntryForm_69658" action="AjaxOrderChangeServiceItemAdd">
		
<div class=" " data-catentry="catEntry_69658" data-refresh="{
				addCalculationUsage: &quot;-1&quot;,
				langId: &quot;-1&quot;,
				storeId: &quot;10601&quot;, 
				catEntryId: &quot;69658&quot;, 
				catEntryName: &quot;Pork Sausages with Cider &amp; Apple&quot;, 
				productView: &quot;list&quot;,
				productId: &quot;69658&quot;,
				itemId: &quot;129831&quot;,
				hideMultibuy: &quot;false&quot;,
                ticketType: &quot;&quot;,
                partNumber: &quot;7345893&quot;,
                offerCode: &quot;20141004&quot;
		}">
   	<div class="wrapper clearfix">   	
		

<h4 class="accessibility" id="heading_69658" tabindex="-1">
		Coles Finest&nbsp;Pork Sausages with Cider &amp; Apple&nbsp;
		500g&nbsp;
		 
</h4> 

<div class="offer-icon"></div>
<a role="presentation" aria-hidden="true" class="product-url" href="http://shop.coles.com.au/online/national/coles-finest-sausages-pork-apple-cider">
	    <img role="presentation" aria-hidden="true" class="photo" src="/wcsstore/Coles-CAS/images/7/3/4/7345893-th.jpg" onerror="this.src='/wcsstore/ColesStorefrontAssetStore/dist/e0a775baf05f/images/spacer.gif'" alt="Pork Sausages with Cider &amp; Apple" width="110" height="110">
	</a>

<div class="detail">	
    <span role="presentation" aria-hidden="true" class="brand">Coles Finest</span>
    <span class="item" role="presentation" aria-hidden="true">
        <a role="presentation" aria-hidden="true" class="product-url" href="http://shop.coles.com.au/online/national/coles-finest-sausages-pork-apple-cider">
        	Pork Sausages with Cider &amp; Apple&nbsp;
        	500g
        </a>
    </span>
	<span class="size">
			
 	</span>
</div>


	<div class="purchasing">	    
	    <div class="saving">
	    	
	    </div>
	   	
	    		<div class="price"><span class="accessibility">Purchase price </span><small>$</small>8.00</div>
	    	
	    <div class="unit-price"><span class="accessibility">Unit price </span>$16.00 per 1Kg</div>
	    <div class="special-offer">	    	
	    	
	    </div> 
	    <div class="availability">Temporarily unavailable</div>
	    <div class="purchase">
		
			<input type="number" title="Add Quantity for Coles Finest Pork Sausages with Cider &amp; Apple 500g" name="quantity" id="catEntry_69658_qty" value="1" maxlength="2" size="2" class="v-mandatory v-numeric v-minval-1">
	        <button role="button" type="submit" title="Add to trolley&nbsp;Coles Finest Pork Sausages with Cider &amp; Apple 500g" class="btn-red action-addToTrolley"><span role="presentation" aria-hidden="true">Add to trolley</span></button>
		
		</div>
	</div>
	<div class="lists">
		
	</div>


	    <div class="actions">
	        			
			   <div class="MUItemForTrolleyDiv MUItemForTrolley_129831" data-catentry="129831">
		         <div class="MUul_129831"><div class="MUli_129831 hidden" aria-hidden="true"><span class="inTrolley"><span class="MUSpan_129831">0</span> in trolley</span></div></div>
		       </div>
		        <p class="clear"></p>
			 
			<div class="member-usuals-remove">
				<a href="#" class="action-removeFromUsuals usuals-remove">Remove from list <span class="accessibility">Coles Finest Pork Sausages with Cider &amp; Apple 500g</span></a>			
			</div>
			
				<div class="list">
					<a href="#" class="action-addToList action-list-add">Add to list <span class="accessibility">Coles Finest Pork Sausages with Cider &amp; Apple 500g</span></a> 
				</div>
				<div class="member-list-add">
					<a href="#" class="action-addToList action-list-add">Add to another list <span class="accessibility">Coles Finest Pork Sausages with Cider &amp; Apple 500g</span></a>
				</div>
			
			<div class="member-list-remove">
				 <a href="#" class="action-removeFromList">Remove from list <span class="accessibility">Coles Finest Pork Sausages with Cider &amp; Apple 500g</span></a> 
			</div>
			
				<div class="compareProd" role="presentation" aria-hidden="true">
					<a href="#" class="compare compare-add">Compare</a>
				</div>
			
				<a href="http://shop.coles.com.au/online/national/coles-finest-sausages-pork-apple-cider" class="product-url accessibility">More details for Coles Finest&nbsp;Pork Sausages with Cider &amp; Apple</a>
			
		</div>  
      

       	
		    <div role="presentation" aria-hidden="true" id="share" class="share" data-social="{productImgUrl:'http://shop.coles.com.au:27900/wcsstore/Coles-CAS/images/7/3/4/7345893-th.jpg'
	                                               ,productDisplayUrl:'http://shop.coles.com.au/online/national/coles-finest-sausages-pork-apple-cider'
	                                               ,title:'Coles Finest Pork Sausages with Cider &amp; Apple  '
	                                               ,description:'coarsely ground bred free range Sow Stall Free 75 CL pork with apple and cider. A traditional favourite.'}">
		 	</div>
 		
	</div>
</div>


	</form>
</div>


<span class="available hidden"></span>


<div class="outer-prod prodtile" data-refresh="{
					catalogId: &quot;10576&quot;,
					doInventory: &quot;N&quot;,
					fulfillmentCenterId: &quot;11576&quot;,
					forStoreId: &quot;10401&quot;,
					
					productDisplayURL: &quot;http://shop.coles.com.au/online/national/coles-made-easy-lamb-shanks-in-red-wine&quot;				
			}">
	<form id="catEntryForm_173575" name="catEntryForm_173575" action="AjaxOrderChangeServiceItemAdd">
		
<div class=" " data-catentry="catEntry_173575" data-refresh="{
				addCalculationUsage: &quot;-1&quot;,
				langId: &quot;-1&quot;,
				storeId: &quot;10601&quot;, 
				catEntryId: &quot;173575&quot;, 
				catEntryName: &quot;Lamb Shanks in Red Wine&quot;, 
				productView: &quot;&quot;,
				productId: &quot;173575&quot;,
				itemId: &quot;173631&quot;,
				hideMultibuy: &quot;false&quot;,
                ticketType: &quot;&quot;,
                partNumber: &quot;1200402&quot;,
                offerCode: &quot;20140402&quot;
		}">
   	<div class="wrapper clearfix">   	
		

<h4 class="accessibility" id="heading_173575" tabindex="-1">
		Coles Made Easy&nbsp;Lamb Shanks in Red Wine&nbsp;
		900g&nbsp;
		 
</h4> 

<div class="offer-icon"></div>
<a role="presentation" aria-hidden="true" class="product-url" href="http://shop.coles.com.au/online/national/coles-made-easy-lamb-shanks-in-red-wine">
	    <img role="presentation" aria-hidden="true" class="photo" src="/wcsstore/Coles-CAS/images/1/2/0/1200402-th.jpg" onerror="this.src='/wcsstore/ColesStorefrontAssetStore/dist/e0a775baf05f/images/spacer.gif'" alt="Lamb Shanks in Red Wine" width="110" height="110">
	</a>

<div class="detail">	
    <span role="presentation" aria-hidden="true" class="brand">Coles Made Easy</span>
    <span class="item" role="presentation" aria-hidden="true">
        <a role="presentation" aria-hidden="true" class="product-url" href="http://shop.coles.com.au/online/national/coles-made-easy-lamb-shanks-in-red-wine">
        	Lamb Shanks in Red Wine&nbsp;
        	900g
        </a>
    </span>
	<span class="size">
			
 	</span>
</div>


	<div class="purchasing">	    
	    <div class="saving">
	    	
	    </div>
	   	
	    		<div class="price"><span class="accessibility">Purchase price </span><small>$</small>14.00</div>
	    	
	    <div class="unit-price"><span class="accessibility">Unit price </span>$15.56 per 1Kg</div>
	    <div class="special-offer">	    	
	    	
	    </div> 
	    <div class="availability">Temporarily unavailable</div>
	    <div class="purchase">
		
			<input type="number" title="Add Quantity for Coles Made Easy Lamb Shanks in Red Wine 900g" name="quantity" id="catEntry_173575_qty" value="1" maxlength="2" size="2" class="v-mandatory v-numeric v-minval-1">
	        <button role="button" type="submit" title="Add to trolley&nbsp;Coles Made Easy Lamb Shanks in Red Wine 900g" class="btn-red action-addToTrolley"><span role="presentation" aria-hidden="true">Add to trolley</span></button>
		
		</div>
	</div>
	<div class="lists">
		
	</div>


	    <div class="actions">
	        			
			   <div class="MUItemForTrolleyDiv MUItemForTrolley_173631" data-catentry="173631">
		         <div class="MUul_173631"><div class="MUli_173631 hidden" aria-hidden="true"><span class="inTrolley"><span class="MUSpan_173631">0</span> in trolley</span></div></div>
		       </div>
		        <p class="clear"></p>
			 
			<div class="member-usuals-remove">
				<a href="#" class="action-removeFromUsuals usuals-remove">Remove from list <span class="accessibility">Coles Made Easy Lamb Shanks in Red Wine 900g</span></a>			
			</div>
			
				<div class="list">
					<a href="#" class="action-addToList action-list-add">Add to list <span class="accessibility">Coles Made Easy Lamb Shanks in Red Wine 900g</span></a> 
				</div>
				<div class="member-list-add">
					<a href="#" class="action-addToList action-list-add">Add to another list <span class="accessibility">Coles Made Easy Lamb Shanks in Red Wine 900g</span></a>
				</div>
			
			<div class="member-list-remove">
				 <a href="#" class="action-removeFromList">Remove from list <span class="accessibility">Coles Made Easy Lamb Shanks in Red Wine 900g</span></a> 
			</div>
			
				<div class="compareProd" role="presentation" aria-hidden="true">
					<a href="#" class="compare compare-add">Compare</a>
				</div>
			
		</div>  
      

       	
		    <div role="presentation" aria-hidden="true" id="share" class="share" data-social="{productImgUrl:'http://shop.coles.com.au:27900/wcsstore/Coles-CAS/images/1/2/0/1200402-th.jpg'
	                                               ,productDisplayUrl:'http://shop.coles.com.au/online/national/coles-made-easy-lamb-shanks-in-red-wine'
	                                               ,title:'Coles Made Easy Lamb Shanks in Red Wine  '
	                                               ,description:'Slow Cooked Lamb Shanks with Red Wine Jus'}">
		 	</div>
 		
	</div>
</div>


	</form>
</div>


<span class="available hidden"></span>


<div class="outer-prod prodtile" data-refresh="{
					catalogId: &quot;10576&quot;,
					doInventory: &quot;N&quot;,
					fulfillmentCenterId: &quot;11576&quot;,
					forStoreId: &quot;10401&quot;,
					
					productDisplayURL: &quot;http://shop.coles.com.au/online/national/instant-bbq&quot;				
			}">
	<form id="catEntryForm_61849" name="catEntryForm_61849" action="AjaxOrderChangeServiceItemAdd">
		
<div class=" " data-catentry="catEntry_61849" data-refresh="{
				addCalculationUsage: &quot;-1&quot;,
				langId: &quot;-1&quot;,
				storeId: &quot;10601&quot;, 
				catEntryId: &quot;61849&quot;, 
				catEntryName: &quot;Instant BBQ&quot;, 
				productView: &quot;list&quot;,
				productId: &quot;61849&quot;,
				itemId: &quot;126897&quot;,
				hideMultibuy: &quot;false&quot;,
                ticketType: &quot;&quot;,
                partNumber: &quot;7608154&quot;,
                offerCode: &quot;20150127&quot;
		}">
   	<div class="wrapper clearfix">   	
		

<h4 class="accessibility" id="heading_61849" tabindex="-1">
		Coles Online&nbsp;Instant BBQ&nbsp;
		1 each&nbsp;
		 
</h4> 

<div class="offer-icon"></div>
<a role="presentation" aria-hidden="true" class="product-url" href="http://shop.coles.com.au/online/national/instant-bbq">
	    <img role="presentation" aria-hidden="true" class="photo" src="/wcsstore/Coles-CAS/images/7/6/0/7608154-th.jpg" onerror="this.src='/wcsstore/ColesStorefrontAssetStore/dist/e0a775baf05f/images/spacer.gif'" alt="Instant BBQ" width="110" height="110">
	</a>

<div class="detail">	
    <span role="presentation" aria-hidden="true" class="brand">Coles Online</span>
    <span class="item" role="presentation" aria-hidden="true">
        <a role="presentation" aria-hidden="true" class="product-url" href="http://shop.coles.com.au/online/national/instant-bbq">
        	Instant BBQ&nbsp;
        	1 each
        </a>
    </span>
	<span class="size">
		All packed up and delivered to you in a convenient box, catering for your next BBQ has never been easier.  This pack caters for up to 4 people and includes Sausages, Burgers, Rolls, Bread, Sauce, Salad and Serviettes.	
 	</span>
</div>


	<div class="purchasing">	    
	    <div class="saving">
	    	
	    </div>
	   	
	    		<div class="price"><span class="accessibility">Purchase price </span><small>$</small>30.00</div>
	    	
	    <div class="unit-price"><span class="accessibility">Unit price </span>$30.00 per 1Ea</div>
	    <div class="special-offer">	    	
	    	
	    </div> 
	    <div class="availability">Temporarily unavailable</div>
	    <div class="purchase">
		
			<input type="number" title="Add Quantity for Coles Online Instant BBQ 1 each" name="quantity" id="catEntry_61849_qty" value="1" maxlength="2" size="2" class="v-mandatory v-numeric v-minval-1">
	        <button role="button" type="submit" title="Add to trolley&nbsp;Coles Online Instant BBQ 1 each" class="btn-red action-addToTrolley"><span role="presentation" aria-hidden="true">Add to trolley</span></button>
		
		</div>
	</div>
	<div class="lists">
		
	</div>


	    <div class="actions">
	        			
			   <div class="MUItemForTrolleyDiv MUItemForTrolley_126897" data-catentry="126897">
		         <div class="MUul_126897"><div class="MUli_126897 hidden" aria-hidden="true"><span class="inTrolley"><span class="MUSpan_126897">0</span> in trolley</span></div></div>
		       </div>
		        <p class="clear"></p>
			 
			<div class="member-usuals-remove">
				<a href="#" class="action-removeFromUsuals usuals-remove">Remove from list <span class="accessibility">Coles Online Instant BBQ 1 each</span></a>			
			</div>
			
				<div class="list">
					<a href="#" class="action-addToList action-list-add">Add to list <span class="accessibility">Coles Online Instant BBQ 1 each</span></a> 
				</div>
				<div class="member-list-add">
					<a href="#" class="action-addToList action-list-add">Add to another list <span class="accessibility">Coles Online Instant BBQ 1 each</span></a>
				</div>
			
			<div class="member-list-remove">
				 <a href="#" class="action-removeFromList">Remove from list <span class="accessibility">Coles Online Instant BBQ 1 each</span></a> 
			</div>
			
				<div class="compareProd" role="presentation" aria-hidden="true">
					<a href="#" class="compare compare-add">Compare</a>
				</div>
			
				<a href="http://shop.coles.com.au/online/national/instant-bbq" class="product-url accessibility">More details for Coles Online&nbsp;Instant BBQ</a>
			
		</div>  
      

       	
		    <div role="presentation" aria-hidden="true" id="share" class="share" data-social="{productImgUrl:'http://shop.coles.com.au:27900/wcsstore/Coles-CAS/images/7/6/0/7608154-th.jpg'
	                                               ,productDisplayUrl:'http://shop.coles.com.au/online/national/instant-bbq'
	                                               ,title:'Coles Online Instant BBQ All packed up and delivered to you in a convenient box, catering for your next BBQ has never been easier.  This pack caters for up to 4 people and includes Sausages, Burgers, Rolls, Bread, Sauce, Salad and Serviettes.'
	                                               ,description:''}">
		 	</div>
 		
	</div>
</div>


	</form>
</div>


<span class="available hidden"></span>


<div class="outer-prod prodtile" data-refresh="{
					catalogId: &quot;10576&quot;,
					doInventory: &quot;N&quot;,
					fulfillmentCenterId: &quot;11576&quot;,
					forStoreId: &quot;10401&quot;,
					
					productDisplayURL: &quot;http://shop.coles.com.au/online/national/coles-simply-less-sausages-chicken&quot;				
			}">
	<form id="catEntryForm_252010" name="catEntryForm_252010" action="AjaxOrderChangeServiceItemAdd">
		
<div class=" " data-catentry="catEntry_252010" data-refresh="{
				addCalculationUsage: &quot;-1&quot;,
				langId: &quot;-1&quot;,
				storeId: &quot;10601&quot;, 
				catEntryId: &quot;252010&quot;, 
				catEntryName: &quot;Chicken Sausages&quot;, 
				productView: &quot;&quot;,
				productId: &quot;252010&quot;,
				itemId: &quot;252050&quot;,
				hideMultibuy: &quot;false&quot;,
                ticketType: &quot;&quot;,
                partNumber: &quot;1502988&quot;,
                offerCode: &quot;20140430&quot;
		}">
   	<div class="wrapper clearfix">   	
		

<h4 class="accessibility" id="heading_252010" tabindex="-1">
		Coles Simply Less&nbsp;Chicken Sausages&nbsp;
		375g&nbsp;
		 
</h4> 

<div class="offer-icon"></div>
<a role="presentation" aria-hidden="true" class="product-url" href="http://shop.coles.com.au/online/national/coles-simply-less-sausages-chicken">
	    <img role="presentation" aria-hidden="true" class="photo" src="/wcsstore/Coles-CAS/images/1/5/0/1502988-th.jpg" onerror="this.src='/wcsstore/ColesStorefrontAssetStore/dist/e0a775baf05f/images/spacer.gif'" alt="Chicken Sausages" width="110" height="110">
	</a>

<div class="detail">	
    <span role="presentation" aria-hidden="true" class="brand">Coles Simply Less</span>
    <span class="item" role="presentation" aria-hidden="true">
        <a role="presentation" aria-hidden="true" class="product-url" href="http://shop.coles.com.au/online/national/coles-simply-less-sausages-chicken">
        	Chicken Sausages&nbsp;
        	375g
        </a>
    </span>
	<span class="size">
			
 	</span>
</div>


	<div class="purchasing">	    
	    <div class="saving">
	    	
	    </div>
	   	
	    		<div class="price"><span class="accessibility">Purchase price </span><small>$</small>6.00</div>
	    	
	    <div class="unit-price"><span class="accessibility">Unit price </span>$16.00 per 1Kg</div>
	    <div class="special-offer">	    	
	    	
	    </div> 
	    <div class="availability">Temporarily unavailable</div>
	    <div class="purchase">
		
			<input type="number" title="Add Quantity for Coles Simply Less Chicken Sausages 375g" name="quantity" id="catEntry_252010_qty" value="1" maxlength="2" size="2" class="v-mandatory v-numeric v-minval-1">
	        <button role="button" type="submit" title="Add to trolley&nbsp;Coles Simply Less Chicken Sausages 375g" class="btn-red action-addToTrolley"><span role="presentation" aria-hidden="true">Add to trolley</span></button>
		
		</div>
	</div>
	<div class="lists">
		
	</div>


	    <div class="actions">
	        			
			   <div class="MUItemForTrolleyDiv MUItemForTrolley_252050" data-catentry="252050">
		         <div class="MUul_252050"><div class="MUli_252050 hidden" aria-hidden="true"><span class="inTrolley"><span class="MUSpan_252050">0</span> in trolley</span></div></div>
		       </div>
		        <p class="clear"></p>
			 
			<div class="member-usuals-remove">
				<a href="#" class="action-removeFromUsuals usuals-remove">Remove from list <span class="accessibility">Coles Simply Less Chicken Sausages 375g</span></a>			
			</div>
			
				<div class="list">
					<a href="#" class="action-addToList action-list-add">Add to list <span class="accessibility">Coles Simply Less Chicken Sausages 375g</span></a> 
				</div>
				<div class="member-list-add">
					<a href="#" class="action-addToList action-list-add">Add to another list <span class="accessibility">Coles Simply Less Chicken Sausages 375g</span></a>
				</div>
			
			<div class="member-list-remove">
				 <a href="#" class="action-removeFromList">Remove from list <span class="accessibility">Coles Simply Less Chicken Sausages 375g</span></a> 
			</div>
			
				<div class="compareProd" role="presentation" aria-hidden="true">
					<a href="#" class="compare compare-add">Compare</a>
				</div>
			
		</div>  
      

       	
		    <div role="presentation" aria-hidden="true" id="share" class="share" data-social="{productImgUrl:'http://shop.coles.com.au:27900/wcsstore/Coles-CAS/images/1/5/0/1502988-th.jpg'
	                                               ,productDisplayUrl:'http://shop.coles.com.au/online/national/coles-simply-less-sausages-chicken'
	                                               ,title:'Coles Simply Less Chicken Sausages  '
	                                               ,description:'Minced  Chicken with clear natural casings with visible pieces of parsley.'}">
		 	</div>
 		
	</div>
</div>


	</form>
</div>


<span class="available hidden"></span>


<div class="outer-prod prodtile" data-refresh="{
					catalogId: &quot;10576&quot;,
					doInventory: &quot;N&quot;,
					fulfillmentCenterId: &quot;11576&quot;,
					forStoreId: &quot;10401&quot;,
					
					productDisplayURL: &quot;http://shop.coles.com.au/online/national/don-salami-mild-sliced-50%25-less-fat&quot;				
			}">
	<form id="catEntryForm_56653" name="catEntryForm_56653" action="AjaxOrderChangeServiceItemAdd">
		
<div class=" " data-catentry="catEntry_56653" data-refresh="{
				addCalculationUsage: &quot;-1&quot;,
				langId: &quot;-1&quot;,
				storeId: &quot;10601&quot;, 
				catEntryId: &quot;56653&quot;, 
				catEntryName: &quot;Sliced Mild Salami 50% Less Fat&quot;, 
				productView: &quot;list&quot;,
				productId: &quot;56653&quot;,
				itemId: &quot;122285&quot;,
				hideMultibuy: &quot;false&quot;,
                ticketType: &quot;&quot;,
                partNumber: &quot;8144751&quot;,
                offerCode: &quot;20140320&quot;
		}">
   	<div class="wrapper clearfix">   	
		

<h4 class="accessibility" id="heading_56653" tabindex="-1">
		Don&nbsp;Sliced Mild Salami 50% Less Fat&nbsp;
		100g&nbsp;
		 
</h4> 

<div class="offer-icon"></div>
<a role="presentation" aria-hidden="true" class="product-url" href="http://shop.coles.com.au/online/national/don-salami-mild-sliced-50%25-less-fat">
	    <img role="presentation" aria-hidden="true" class="photo" src="/wcsstore/Coles-CAS/images/8/1/4/8144751-th.jpg" onerror="this.src='/wcsstore/ColesStorefrontAssetStore/dist/e0a775baf05f/images/spacer.gif'" alt="Sliced Mild Salami 50% Less Fat" width="110" height="110">
	</a>

<div class="detail">	
    <span role="presentation" aria-hidden="true" class="brand">Don</span>
    <span class="item" role="presentation" aria-hidden="true">
        <a role="presentation" aria-hidden="true" class="product-url" href="http://shop.coles.com.au/online/national/don-salami-mild-sliced-50%25-less-fat">
        	Sliced Mild Salami 50% Less Fat&nbsp;
        	100g
        </a>
    </span>
	<span class="size">
			
 	</span>
</div>


	<div class="purchasing">	    
	    <div class="saving">
	    	
	    </div>
	   	
	    		<div class="price"><span class="accessibility">Purchase price </span><small>$</small>4.51</div>
	    	
	    <div class="unit-price"><span class="accessibility">Unit price </span>$45.10 per 1Kg</div>
	    <div class="special-offer">	    	
	    	
	    </div> 
	    <div class="availability">Temporarily unavailable</div>
	    <div class="purchase">
		
			<input type="number" title="Add Quantity for Don Sliced Mild Salami 50% Less Fat 100g" name="quantity" id="catEntry_56653_qty" value="1" maxlength="2" size="2" class="v-mandatory v-numeric v-minval-1">
	        <button role="button" type="submit" title="Add to trolley&nbsp;Don Sliced Mild Salami 50% Less Fat 100g" class="btn-red action-addToTrolley"><span role="presentation" aria-hidden="true">Add to trolley</span></button>
		
		</div>
	</div>
	<div class="lists">
		
	</div>


	    <div class="actions">
	        			
			   <div class="MUItemForTrolleyDiv MUItemForTrolley_122285" data-catentry="122285">
		         <div class="MUul_122285"><div class="MUli_122285 hidden" aria-hidden="true"><span class="inTrolley"><span class="MUSpan_122285">0</span> in trolley</span></div></div>
		       </div>
		        <p class="clear"></p>
			 
			<div class="member-usuals-remove">
				<a href="#" class="action-removeFromUsuals usuals-remove">Remove from list <span class="accessibility">Don Sliced Mild Salami 50% Less Fat 100g</span></a>			
			</div>
			
				<div class="list">
					<a href="#" class="action-addToList action-list-add">Add to list <span class="accessibility">Don Sliced Mild Salami 50% Less Fat 100g</span></a> 
				</div>
				<div class="member-list-add">
					<a href="#" class="action-addToList action-list-add">Add to another list <span class="accessibility">Don Sliced Mild Salami 50% Less Fat 100g</span></a>
				</div>
			
			<div class="member-list-remove">
				 <a href="#" class="action-removeFromList">Remove from list <span class="accessibility">Don Sliced Mild Salami 50% Less Fat 100g</span></a> 
			</div>
			
				<div class="compareProd" role="presentation" aria-hidden="true">
					<a href="#" class="compare compare-add">Compare</a>
				</div>
			
				<a href="http://shop.coles.com.au/online/national/don-salami-mild-sliced-50%25-less-fat" class="product-url accessibility">More details for Don&nbsp;Sliced Mild Salami 50% Less Fat</a>
			
		</div>  
      

       	
		    <div role="presentation" aria-hidden="true" id="share" class="share" data-social="{productImgUrl:'http://shop.coles.com.au:27900/wcsstore/Coles-CAS/images/8/1/4/8144751-th.jpg'
	                                               ,productDisplayUrl:'http://shop.coles.com.au/online/national/don-salami-mild-sliced-50%25-less-fat'
	                                               ,title:'Don Sliced Mild Salami 50% Less Fat '
	                                               ,description:''}">
		 	</div>
 		
	</div>
</div>


	</form>
</div>


<span class="available hidden"></span>


<div class="outer-prod prodtile" data-refresh="{
					catalogId: &quot;10576&quot;,
					doInventory: &quot;N&quot;,
					fulfillmentCenterId: &quot;11576&quot;,
					forStoreId: &quot;10401&quot;,
					
					productDisplayURL: &quot;http://shop.coles.com.au/online/national/inglewood-farms-chicken-breast-fillets-skin-off&quot;				
			}">
	<form id="catEntryForm_173543" name="catEntryForm_173543" action="AjaxOrderChangeServiceItemAdd">
		
<div class=" " data-catentry="catEntry_173543" data-refresh="{
				addCalculationUsage: &quot;-1&quot;,
				langId: &quot;-1&quot;,
				storeId: &quot;10601&quot;, 
				catEntryId: &quot;173543&quot;, 
				catEntryName: &quot;Chicken Breast Fillets Skin Off&quot;, 
				productView: &quot;list&quot;,
				productId: &quot;173543&quot;,
				itemId: &quot;173604&quot;,
				hideMultibuy: &quot;false&quot;,
                ticketType: &quot;&quot;,
                partNumber: &quot;1331477&quot;,
                offerCode: &quot;20120824&quot;
		}">
   	<div class="wrapper clearfix">   	
		

<h4 class="accessibility" id="heading_173543" tabindex="-1">
		Inglewood Farms&nbsp;Chicken Breast Fillets Skin Off&nbsp;
		approx. 600g&nbsp;
		 
</h4> 

<div class="offer-icon"></div>
<a role="presentation" aria-hidden="true" class="product-url" href="http://shop.coles.com.au/online/national/inglewood-farms-chicken-breast-fillets-skin-off">
	    <img role="presentation" aria-hidden="true" class="photo" src="/wcsstore/Coles-CAS/images/1/3/3/1331477-th.jpg" onerror="this.src='/wcsstore/ColesStorefrontAssetStore/dist/e0a775baf05f/images/spacer.gif'" alt="Chicken Breast Fillets Skin Off" width="110" height="110">
	</a>

<div class="detail">	
    <span role="presentation" aria-hidden="true" class="brand">Inglewood Farms</span>
    <span class="item" role="presentation" aria-hidden="true">
        <a role="presentation" aria-hidden="true" class="product-url" href="http://shop.coles.com.au/online/national/inglewood-farms-chicken-breast-fillets-skin-off">
        	Chicken Breast Fillets Skin Off&nbsp;
        	approx. 600g
        </a>
    </span>
	<span class="size">
		Indicated price based on approx. weight. Weight may vary between 550g and 650g.	
 	</span>
</div>


	<div class="purchasing">	    
	    <div class="saving">
	    	
	    </div>
	   	
	    		<div class="price"><span class="accessibility">Purchase price </span><small>$</small>18.84</div>
	    	
	    <div class="unit-price"><span class="accessibility">Unit price </span>$31.40 per 1Kg</div>
	    <div class="special-offer">	    	
	    	
	    </div> 
	    <div class="availability">Temporarily unavailable</div>
	    <div class="purchase">
		
			<input type="number" title="Add Quantity for Inglewood Farms Chicken Breast Fillets Skin Off approx. 600g" name="quantity" id="catEntry_173543_qty" value="1" maxlength="2" size="2" class="v-mandatory v-numeric v-minval-1">
	        <button role="button" type="submit" title="Add to trolley&nbsp;Inglewood Farms Chicken Breast Fillets Skin Off approx. 600g" class="btn-red action-addToTrolley"><span role="presentation" aria-hidden="true">Add to trolley</span></button>
		
		</div>
	</div>
	<div class="lists">
		
	</div>


	    <div class="actions">
	        			
			   <div class="MUItemForTrolleyDiv MUItemForTrolley_173604" data-catentry="173604">
		         <div class="MUul_173604"><div class="MUli_173604 hidden" aria-hidden="true"><span class="inTrolley"><span class="MUSpan_173604">0</span> in trolley</span></div></div>
		       </div>
		        <p class="clear"></p>
			 
			<div class="member-usuals-remove">
				<a href="#" class="action-removeFromUsuals usuals-remove">Remove from list <span class="accessibility">Inglewood Farms Chicken Breast Fillets Skin Off approx. 600g</span></a>			
			</div>
			
				<div class="list">
					<a href="#" class="action-addToList action-list-add">Add to list <span class="accessibility">Inglewood Farms Chicken Breast Fillets Skin Off approx. 600g</span></a> 
				</div>
				<div class="member-list-add">
					<a href="#" class="action-addToList action-list-add">Add to another list <span class="accessibility">Inglewood Farms Chicken Breast Fillets Skin Off approx. 600g</span></a>
				</div>
			
			<div class="member-list-remove">
				 <a href="#" class="action-removeFromList">Remove from list <span class="accessibility">Inglewood Farms Chicken Breast Fillets Skin Off approx. 600g</span></a> 
			</div>
			
				<div class="compareProd" role="presentation" aria-hidden="true">
					<a href="#" class="compare compare-add">Compare</a>
				</div>
			
				<a href="http://shop.coles.com.au/online/national/inglewood-farms-chicken-breast-fillets-skin-off" class="product-url accessibility">More details for Inglewood Farms&nbsp;Chicken Breast Fillets Skin Off</a>
			
		</div>  
      

       	
		    <div role="presentation" aria-hidden="true" id="share" class="share" data-social="{productImgUrl:'http://shop.coles.com.au:27900/wcsstore/Coles-CAS/images/1/3/3/1331477-th.jpg'
	                                               ,productDisplayUrl:'http://shop.coles.com.au/online/national/inglewood-farms-chicken-breast-fillets-skin-off'
	                                               ,title:'Inglewood Farms Chicken Breast Fillets Skin Off Indicated price based on approx. weight. Weight may vary between 550g and 650g.'
	                                               ,description:''}">
		 	</div>
 		
	</div>
</div>


	</form>
</div>


<span class="available hidden"></span>


<div class="outer-prod prodtile" data-refresh="{
					catalogId: &quot;10576&quot;,
					doInventory: &quot;N&quot;,
					fulfillmentCenterId: &quot;11576&quot;,
					forStoreId: &quot;10401&quot;,
					
					productDisplayURL: &quot;http://shop.coles.com.au/online/national/king-island-beef-stir-fry&quot;				
			}">
	<form id="catEntryForm_56760" name="catEntryForm_56760" action="AjaxOrderChangeServiceItemAdd">
		
<div class=" " data-catentry="catEntry_56760" data-refresh="{
				addCalculationUsage: &quot;-1&quot;,
				langId: &quot;-1&quot;,
				storeId: &quot;10601&quot;, 
				catEntryId: &quot;56760&quot;, 
				catEntryName: &quot;Beef Stir Fry&quot;, 
				productView: &quot;list&quot;,
				productId: &quot;56760&quot;,
				itemId: &quot;119172&quot;,
				hideMultibuy: &quot;false&quot;,
                ticketType: &quot;&quot;,
                partNumber: &quot;8069929&quot;,
                offerCode: &quot;20120321&quot;
		}">
   	<div class="wrapper clearfix">   	
		

<h4 class="accessibility" id="heading_56760" tabindex="-1">
		King Island&nbsp;Beef Stir Fry&nbsp;
		approx. 500g&nbsp;
		 
</h4> 

<div class="offer-icon"></div>
<a role="presentation" aria-hidden="true" class="product-url" href="http://shop.coles.com.au/online/national/king-island-beef-stir-fry">
	    <img role="presentation" aria-hidden="true" class="photo" src="/wcsstore/Coles-CAS/images/8/0/6/8069929-th.jpg" onerror="this.src='/wcsstore/ColesStorefrontAssetStore/dist/e0a775baf05f/images/spacer.gif'" alt="Beef Stir Fry" width="110" height="110">
	</a>

<div class="detail">	
    <span role="presentation" aria-hidden="true" class="brand">King Island</span>
    <span class="item" role="presentation" aria-hidden="true">
        <a role="presentation" aria-hidden="true" class="product-url" href="http://shop.coles.com.au/online/national/king-island-beef-stir-fry">
        	Beef Stir Fry&nbsp;
        	approx. 500g
        </a>
    </span>
	<span class="size">
		Indicated price based on approx. weight. Weight may vary between 450g and 550g.	
 	</span>
</div>


	<div class="purchasing">	    
	    <div class="saving">
	    	
	    </div>
	   	
	    		<div class="price"><span class="accessibility">Purchase price </span><small>$</small>8.75</div>
	    	
	    <div class="unit-price"><span class="accessibility">Unit price </span>$17.50 per 1Kg</div>
	    <div class="special-offer">	    	
	    	
	    </div> 
	    <div class="availability">Temporarily unavailable</div>
	    <div class="purchase">
		
			<input type="number" title="Add Quantity for King Island Beef Stir Fry approx. 500g" name="quantity" id="catEntry_56760_qty" value="1" maxlength="2" size="2" class="v-mandatory v-numeric v-minval-1">
	        <button role="button" type="submit" title="Add to trolley&nbsp;King Island Beef Stir Fry approx. 500g" class="btn-red action-addToTrolley"><span role="presentation" aria-hidden="true">Add to trolley</span></button>
		
		</div>
	</div>
	<div class="lists">
		
	</div>


	    <div class="actions">
	        			
			   <div class="MUItemForTrolleyDiv MUItemForTrolley_119172" data-catentry="119172">
		         <div class="MUul_119172"><div class="MUli_119172 hidden" aria-hidden="true"><span class="inTrolley"><span class="MUSpan_119172">0</span> in trolley</span></div></div>
		       </div>
		        <p class="clear"></p>
			 
			<div class="member-usuals-remove">
				<a href="#" class="action-removeFromUsuals usuals-remove">Remove from list <span class="accessibility">King Island Beef Stir Fry approx. 500g</span></a>			
			</div>
			
				<div class="list">
					<a href="#" class="action-addToList action-list-add">Add to list <span class="accessibility">King Island Beef Stir Fry approx. 500g</span></a> 
				</div>
				<div class="member-list-add">
					<a href="#" class="action-addToList action-list-add">Add to another list <span class="accessibility">King Island Beef Stir Fry approx. 500g</span></a>
				</div>
			
			<div class="member-list-remove">
				 <a href="#" class="action-removeFromList">Remove from list <span class="accessibility">King Island Beef Stir Fry approx. 500g</span></a> 
			</div>
			
				<div class="compareProd" role="presentation" aria-hidden="true">
					<a href="#" class="compare compare-add">Compare</a>
				</div>
			
				<a href="http://shop.coles.com.au/online/national/king-island-beef-stir-fry" class="product-url accessibility">More details for King Island&nbsp;Beef Stir Fry</a>
			
		</div>  
      

       	
		    <div role="presentation" aria-hidden="true" id="share" class="share" data-social="{productImgUrl:'http://shop.coles.com.au:27900/wcsstore/Coles-CAS/images/8/0/6/8069929-th.jpg'
	                                               ,productDisplayUrl:'http://shop.coles.com.au/online/national/king-island-beef-stir-fry'
	                                               ,title:'King Island Beef Stir Fry Indicated price based on approx. weight. Weight may vary between 450g and 550g.'
	                                               ,description:''}">
		 	</div>
 		
	</div>
</div>


	</form>
</div>


<span class="available hidden"></span>


<div class="outer-prod prodtile" data-refresh="{
					catalogId: &quot;10576&quot;,
					doInventory: &quot;N&quot;,
					fulfillmentCenterId: &quot;11576&quot;,
					forStoreId: &quot;10401&quot;,
					
					productDisplayURL: &quot;http://shop.coles.com.au/online/national/primo-chorizos&quot;				
			}">
	<form id="catEntryForm_71199" name="catEntryForm_71199" action="AjaxOrderChangeServiceItemAdd">
		
<div class=" " data-catentry="catEntry_71199" data-refresh="{
				addCalculationUsage: &quot;-1&quot;,
				langId: &quot;-1&quot;,
				storeId: &quot;10601&quot;, 
				catEntryId: &quot;71199&quot;, 
				catEntryName: &quot;Chorizos 2 Pack&quot;, 
				productView: &quot;billboard&quot;,
				productId: &quot;71199&quot;,
				itemId: &quot;130737&quot;,
				hideMultibuy: &quot;false&quot;,
                ticketType: &quot;&quot;,
                partNumber: &quot;6998745&quot;,
                offerCode: &quot;20141210&quot;
		}">
   	<div class="wrapper clearfix">   	
		

<h4 class="accessibility" id="heading_71199" tabindex="-1">
		Primo&nbsp;Chorizos 2 Pack&nbsp;
		250g&nbsp;
		 
</h4> 

<div class="offer-icon"></div>
<a role="presentation" aria-hidden="true" class="product-url" href="http://shop.coles.com.au/online/national/primo-chorizos">
	    <img role="presentation" aria-hidden="true" class="photo" src="/wcsstore/Coles-CAS/images/6/9/9/6998745-th.jpg" onerror="this.src='/wcsstore/ColesStorefrontAssetStore/dist/e0a775baf05f/images/spacer.gif'" alt="Chorizos 2 Pack" width="110" height="110">
	</a>

<div class="detail">	
    <span role="presentation" aria-hidden="true" class="brand">Primo</span>
    <span class="item" role="presentation" aria-hidden="true">
        <a role="presentation" aria-hidden="true" class="product-url" href="http://shop.coles.com.au/online/national/primo-chorizos">
        	Chorizos 2 Pack&nbsp;
        	250g
        </a>
    </span>
	<span class="size">
			
 	</span>
</div>


	<div class="purchasing">	    
	    <div class="saving">
	    	
	    </div>
	   	
	    		<div class="price"><span class="accessibility">Purchase price </span><small>$</small>7.91</div>
	    	
	    <div class="unit-price"><span class="accessibility">Unit price </span>$31.64 per 1Kg</div>
	    <div class="special-offer">	    	
	    	
	    </div> 
	    <div class="availability">Temporarily unavailable</div>
	    <div class="purchase">
		
			<input type="number" title="Add Quantity for Primo Chorizos 2 Pack 250g" name="quantity" id="catEntry_71199_qty" value="1" maxlength="2" size="2" class="v-mandatory v-numeric v-minval-1">
	        <button role="button" type="submit" title="Add to trolley&nbsp;Primo Chorizos 2 Pack 250g" class="btn-red action-addToTrolley"><span role="presentation" aria-hidden="true">Add to trolley</span></button>
		
		</div>
	</div>
	<div class="lists">
		
	</div>


	    <div class="actions">
	        			
			   <div class="MUItemForTrolleyDiv MUItemForTrolley_130737" data-catentry="130737">
		         <div class="MUul_130737"><div class="MUli_130737 hidden" aria-hidden="true"><span class="inTrolley"><span class="MUSpan_130737">0</span> in trolley</span></div></div>
		       </div>
		        <p class="clear"></p>
			 
			<div class="member-usuals-remove">
				<a href="#" class="action-removeFromUsuals usuals-remove">Remove from list <span class="accessibility">Primo Chorizos 2 Pack 250g</span></a>			
			</div>
			
				<div class="list">
					<a href="#" class="action-addToList action-list-add">Add to list <span class="accessibility">Primo Chorizos 2 Pack 250g</span></a> 
				</div>
				<div class="member-list-add">
					<a href="#" class="action-addToList action-list-add">Add to another list <span class="accessibility">Primo Chorizos 2 Pack 250g</span></a>
				</div>
			
			<div class="member-list-remove">
				 <a href="#" class="action-removeFromList">Remove from list <span class="accessibility">Primo Chorizos 2 Pack 250g</span></a> 
			</div>
			
				<div class="compareProd" role="presentation" aria-hidden="true">
					<a href="#" class="compare compare-add">Compare</a>
				</div>
			
				<a href="http://shop.coles.com.au/online/national/primo-chorizos" class="product-url accessibility">More details for Primo&nbsp;Chorizos 2 Pack</a>
			
		</div>  
      

       	
		    <div role="presentation" aria-hidden="true" id="share" class="share" data-social="{productImgUrl:'http://shop.coles.com.au:27900/wcsstore/Coles-CAS/images/6/9/9/6998745-th.jpg'
	                                               ,productDisplayUrl:'http://shop.coles.com.au/online/national/primo-chorizos'
	                                               ,title:'Primo Chorizos 2 Pack  '
	                                               ,description:''}">
		 	</div>
 		
	</div>
</div>


	</form>
</div>


<span class="available hidden"></span>


<div class="outer-prod prodtile" data-refresh="{
					catalogId: &quot;10576&quot;,
					doInventory: &quot;N&quot;,
					fulfillmentCenterId: &quot;11576&quot;,
					forStoreId: &quot;10401&quot;,
					
					productDisplayURL: &quot;http://shop.coles.com.au/online/national/primo-salami-danish-sliced&quot;				
			}">
	<form id="catEntryForm_104842" name="catEntryForm_104842" action="AjaxOrderChangeServiceItemAdd">
		
<div class=" " data-catentry="catEntry_104842" data-refresh="{
				addCalculationUsage: &quot;-1&quot;,
				langId: &quot;-1&quot;,
				storeId: &quot;10601&quot;, 
				catEntryId: &quot;104842&quot;, 
				catEntryName: &quot;Sliced Danish Salami&quot;, 
				productView: &quot;list&quot;,
				productId: &quot;104842&quot;,
				itemId: &quot;157246&quot;,
				hideMultibuy: &quot;false&quot;,
                ticketType: &quot;&quot;,
                partNumber: &quot;9363648&quot;,
                offerCode: &quot;20140723&quot;
		}">
   	<div class="wrapper clearfix">   	
		

<h4 class="accessibility" id="heading_104842" tabindex="-1">
		Primo&nbsp;Sliced Danish Salami&nbsp;
		100g&nbsp;
		 
</h4> 

<div class="offer-icon"></div>
<a role="presentation" aria-hidden="true" class="product-url" href="http://shop.coles.com.au/online/national/primo-salami-danish-sliced">
	    <img role="presentation" aria-hidden="true" class="photo" src="/wcsstore/Coles-CAS/images/9/3/6/9363648-th.jpg" onerror="this.src='/wcsstore/ColesStorefrontAssetStore/dist/e0a775baf05f/images/spacer.gif'" alt="Sliced Danish Salami" width="110" height="110">
	</a>

<div class="detail">	
    <span role="presentation" aria-hidden="true" class="brand">Primo</span>
    <span class="item" role="presentation" aria-hidden="true">
        <a role="presentation" aria-hidden="true" class="product-url" href="http://shop.coles.com.au/online/national/primo-salami-danish-sliced">
        	Sliced Danish Salami&nbsp;
        	100g
        </a>
    </span>
	<span class="size">
			
 	</span>
</div>


	<div class="purchasing">	    
	    <div class="saving">
	    	
	    </div>
	   	
	    		<div class="price"><span class="accessibility">Purchase price </span><small>$</small>4.02</div>
	    	
	    <div class="unit-price"><span class="accessibility">Unit price </span>$40.20 per 1Kg</div>
	    <div class="special-offer">	    	
	    	
	    </div> 
	    <div class="availability">Temporarily unavailable</div>
	    <div class="purchase">
		
			<input type="number" title="Add Quantity for Primo Sliced Danish Salami 100g" name="quantity" id="catEntry_104842_qty" value="1" maxlength="2" size="2" class="v-mandatory v-numeric v-minval-1">
	        <button role="button" type="submit" title="Add to trolley&nbsp;Primo Sliced Danish Salami 100g" class="btn-red action-addToTrolley"><span role="presentation" aria-hidden="true">Add to trolley</span></button>
		
		</div>
	</div>
	<div class="lists">
		
	</div>


	    <div class="actions">
	        			
			   <div class="MUItemForTrolleyDiv MUItemForTrolley_157246" data-catentry="157246">
		         <div class="MUul_157246"><div class="MUli_157246 hidden" aria-hidden="true"><span class="inTrolley"><span class="MUSpan_157246">0</span> in trolley</span></div></div>
		       </div>
		        <p class="clear"></p>
			 
			<div class="member-usuals-remove">
				<a href="#" class="action-removeFromUsuals usuals-remove">Remove from list <span class="accessibility">Primo Sliced Danish Salami 100g</span></a>			
			</div>
			
				<div class="list">
					<a href="#" class="action-addToList action-list-add">Add to list <span class="accessibility">Primo Sliced Danish Salami 100g</span></a> 
				</div>
				<div class="member-list-add">
					<a href="#" class="action-addToList action-list-add">Add to another list <span class="accessibility">Primo Sliced Danish Salami 100g</span></a>
				</div>
			
			<div class="member-list-remove">
				 <a href="#" class="action-removeFromList">Remove from list <span class="accessibility">Primo Sliced Danish Salami 100g</span></a> 
			</div>
			
				<div class="compareProd" role="presentation" aria-hidden="true">
					<a href="#" class="compare compare-add">Compare</a>
				</div>
			
				<a href="http://shop.coles.com.au/online/national/primo-salami-danish-sliced" class="product-url accessibility">More details for Primo&nbsp;Sliced Danish Salami</a>
			
		</div>  
      

       	
		    <div role="presentation" aria-hidden="true" id="share" class="share" data-social="{productImgUrl:'http://shop.coles.com.au:27900/wcsstore/Coles-CAS/images/9/3/6/9363648-th.jpg'
	                                               ,productDisplayUrl:'http://shop.coles.com.au/online/national/primo-salami-danish-sliced'
	                                               ,title:'Primo Sliced Danish Salami '
	                                               ,description:'Thinly Sliced Danish Salami.'}">
		 	</div>
 		
	</div>
</div>


	</form>
</div>


<span class="available hidden"></span>


<div class="outer-prod prodtile" data-refresh="{
					catalogId: &quot;10576&quot;,
					doInventory: &quot;N&quot;,
					fulfillmentCenterId: &quot;11576&quot;,
					forStoreId: &quot;10401&quot;,
					
					productDisplayURL: &quot;http://shop.coles.com.au/online/national/primo-salami-pepperoni-sliced-9363637p&quot;				
			}">
	<form id="catEntryForm_107000" name="catEntryForm_107000" action="AjaxOrderChangeServiceItemAdd">
		
<div class=" " data-catentry="catEntry_107000" data-refresh="{
				addCalculationUsage: &quot;-1&quot;,
				langId: &quot;-1&quot;,
				storeId: &quot;10601&quot;, 
				catEntryId: &quot;107000&quot;, 
				catEntryName: &quot;Sliced Pepperoni Salami&quot;, 
				productView: &quot;list&quot;,
				productId: &quot;107000&quot;,
				itemId: &quot;162591&quot;,
				hideMultibuy: &quot;false&quot;,
                ticketType: &quot;&quot;,
                partNumber: &quot;9363637&quot;,
                offerCode: &quot;20140723&quot;
		}">
   	<div class="wrapper clearfix">   	
		

<h4 class="accessibility" id="heading_107000" tabindex="-1">
		Primo&nbsp;Sliced Pepperoni Salami&nbsp;
		100g&nbsp;
		 
</h4> 

<div class="offer-icon"></div>
<a role="presentation" aria-hidden="true" class="product-url" href="http://shop.coles.com.au/online/national/primo-salami-pepperoni-sliced-9363637p">
	    <img role="presentation" aria-hidden="true" class="photo" src="/wcsstore/Coles-CAS/images/9/3/6/9363637-th.jpg" onerror="this.src='/wcsstore/ColesStorefrontAssetStore/dist/e0a775baf05f/images/spacer.gif'" alt="Sliced Pepperoni Salami" width="110" height="110">
	</a>

<div class="detail">	
    <span role="presentation" aria-hidden="true" class="brand">Primo</span>
    <span class="item" role="presentation" aria-hidden="true">
        <a role="presentation" aria-hidden="true" class="product-url" href="http://shop.coles.com.au/online/national/primo-salami-pepperoni-sliced-9363637p">
        	Sliced Pepperoni Salami&nbsp;
        	100g
        </a>
    </span>
	<span class="size">
			
 	</span>
</div>


	<div class="purchasing">	    
	    <div class="saving">
	    	
	    </div>
	   	
	    		<div class="price"><span class="accessibility">Purchase price </span><small>$</small>4.02</div>
	    	
	    <div class="unit-price"><span class="accessibility">Unit price </span>$40.20 per 1Kg</div>
	    <div class="special-offer">	    	
	    	
	    </div> 
	    <div class="availability">Temporarily unavailable</div>
	    <div class="purchase">
		
			<input type="number" title="Add Quantity for Primo Sliced Pepperoni Salami 100g" name="quantity" id="catEntry_107000_qty" value="1" maxlength="2" size="2" class="v-mandatory v-numeric v-minval-1">
	        <button role="button" type="submit" title="Add to trolley&nbsp;Primo Sliced Pepperoni Salami 100g" class="btn-red action-addToTrolley"><span role="presentation" aria-hidden="true">Add to trolley</span></button>
		
		</div>
	</div>
	<div class="lists">
		
	</div>


	    <div class="actions">
	        			
			   <div class="MUItemForTrolleyDiv MUItemForTrolley_162591" data-catentry="162591">
		         <div class="MUul_162591"><div class="MUli_162591 hidden" aria-hidden="true"><span class="inTrolley"><span class="MUSpan_162591">0</span> in trolley</span></div></div>
		       </div>
		        <p class="clear"></p>
			 
			<div class="member-usuals-remove">
				<a href="#" class="action-removeFromUsuals usuals-remove">Remove from list <span class="accessibility">Primo Sliced Pepperoni Salami 100g</span></a>			
			</div>
			
				<div class="list">
					<a href="#" class="action-addToList action-list-add">Add to list <span class="accessibility">Primo Sliced Pepperoni Salami 100g</span></a> 
				</div>
				<div class="member-list-add">
					<a href="#" class="action-addToList action-list-add">Add to another list <span class="accessibility">Primo Sliced Pepperoni Salami 100g</span></a>
				</div>
			
			<div class="member-list-remove">
				 <a href="#" class="action-removeFromList">Remove from list <span class="accessibility">Primo Sliced Pepperoni Salami 100g</span></a> 
			</div>
			
				<div class="compareProd" role="presentation" aria-hidden="true">
					<a href="#" class="compare compare-add">Compare</a>
				</div>
			
				<a href="http://shop.coles.com.au/online/national/primo-salami-pepperoni-sliced-9363637p" class="product-url accessibility">More details for Primo&nbsp;Sliced Pepperoni Salami</a>
			
		</div>  
      

       	
		    <div role="presentation" aria-hidden="true" id="share" class="share" data-social="{productImgUrl:'http://shop.coles.com.au:27900/wcsstore/Coles-CAS/images/9/3/6/9363637-th.jpg'
	                                               ,productDisplayUrl:'http://shop.coles.com.au/online/national/primo-salami-pepperoni-sliced-9363637p'
	                                               ,title:'Primo Sliced Pepperoni Salami '
	                                               ,description:'Thinly Sliced Pepperoni Salami.'}">
		 	</div>
 		
	</div>
</div>


	</form>
</div>


<span class="available hidden"></span>


<div class="outer-prod prodtile" data-refresh="{
					catalogId: &quot;10576&quot;,
					doInventory: &quot;N&quot;,
					fulfillmentCenterId: &quot;11576&quot;,
					forStoreId: &quot;10401&quot;,
					
					productDisplayURL: &quot;http://shop.coles.com.au/online/national/weight-watchers-bacon-98%25-fat-free&quot;				
			}">
	<form id="catEntryForm_171002" name="catEntryForm_171002" action="AjaxOrderChangeServiceItemAdd">
		
<div class=" " data-catentry="catEntry_171002" data-refresh="{
				addCalculationUsage: &quot;-1&quot;,
				langId: &quot;-1&quot;,
				storeId: &quot;10601&quot;, 
				catEntryId: &quot;171002&quot;, 
				catEntryName: &quot;Bacon 98% Fat Free&quot;, 
				productView: &quot;list&quot;,
				productId: &quot;171002&quot;,
				itemId: &quot;171015&quot;,
				hideMultibuy: &quot;false&quot;,
                ticketType: &quot;&quot;,
                partNumber: &quot;9636412&quot;,
                offerCode: &quot;20141120&quot;
		}">
   	<div class="wrapper clearfix">   	
		

<h4 class="accessibility" id="heading_171002" tabindex="-1">
		Weight Watchers&nbsp;Bacon 98% Fat Free&nbsp;
		125g&nbsp;
		 
</h4> 

<div class="offer-icon"></div>
<a role="presentation" aria-hidden="true" class="product-url" href="http://shop.coles.com.au/online/national/weight-watchers-bacon-98%25-fat-free">
	    <img role="presentation" aria-hidden="true" class="photo" src="/wcsstore/Coles-CAS/images/9/6/3/9636412-th.jpg" onerror="this.src='/wcsstore/ColesStorefrontAssetStore/dist/e0a775baf05f/images/spacer.gif'" alt="Bacon 98% Fat Free" width="110" height="110">
	</a>

<div class="detail">	
    <span role="presentation" aria-hidden="true" class="brand">Weight Watchers</span>
    <span class="item" role="presentation" aria-hidden="true">
        <a role="presentation" aria-hidden="true" class="product-url" href="http://shop.coles.com.au/online/national/weight-watchers-bacon-98%25-fat-free">
        	Bacon 98% Fat Free&nbsp;
        	125g
        </a>
    </span>
	<span class="size">
		1 ProPoint value per serve	
 	</span>
</div>


	<div class="purchasing">	    
	    <div class="saving">
	    	
	    </div>
	   	
	    		<div class="price"><span class="accessibility">Purchase price </span><small>$</small>6.82</div>
	    	
	    <div class="unit-price"><span class="accessibility">Unit price </span>$54.56 per 1Kg</div>
	    <div class="special-offer">	    	
	    	
	    </div> 
	    <div class="availability">Temporarily unavailable</div>
	    <div class="purchase">
		
			<input type="number" title="Add Quantity for Weight Watchers Bacon 98% Fat Free 125g" name="quantity" id="catEntry_171002_qty" value="1" maxlength="2" size="2" class="v-mandatory v-numeric v-minval-1">
	        <button role="button" type="submit" title="Add to trolley&nbsp;Weight Watchers Bacon 98% Fat Free 125g" class="btn-red action-addToTrolley"><span role="presentation" aria-hidden="true">Add to trolley</span></button>
		
		</div>
	</div>
	<div class="lists">
		
	</div>


	    <div class="actions">
	        			
			   <div class="MUItemForTrolleyDiv MUItemForTrolley_171015" data-catentry="171015">
		         <div class="MUul_171015"><div class="MUli_171015 hidden" aria-hidden="true"><span class="inTrolley"><span class="MUSpan_171015">0</span> in trolley</span></div></div>
		       </div>
		        <p class="clear"></p>
			 
			<div class="member-usuals-remove">
				<a href="#" class="action-removeFromUsuals usuals-remove">Remove from list <span class="accessibility">Weight Watchers Bacon 98% Fat Free 125g</span></a>			
			</div>
			
				<div class="list">
					<a href="#" class="action-addToList action-list-add">Add to list <span class="accessibility">Weight Watchers Bacon 98% Fat Free 125g</span></a> 
				</div>
				<div class="member-list-add">
					<a href="#" class="action-addToList action-list-add">Add to another list <span class="accessibility">Weight Watchers Bacon 98% Fat Free 125g</span></a>
				</div>
			
			<div class="member-list-remove">
				 <a href="#" class="action-removeFromList">Remove from list <span class="accessibility">Weight Watchers Bacon 98% Fat Free 125g</span></a> 
			</div>
			
				<div class="compareProd" role="presentation" aria-hidden="true">
					<a href="#" class="compare compare-add">Compare</a>
				</div>
			
				<a href="http://shop.coles.com.au/online/national/weight-watchers-bacon-98%25-fat-free" class="product-url accessibility">More details for Weight Watchers&nbsp;Bacon 98% Fat Free</a>
			
		</div>  
      

       	
		    <div role="presentation" aria-hidden="true" id="share" class="share" data-social="{productImgUrl:'http://shop.coles.com.au:27900/wcsstore/Coles-CAS/images/9/6/3/9636412-th.jpg'
	                                               ,productDisplayUrl:'http://shop.coles.com.au/online/national/weight-watchers-bacon-98%25-fat-free'
	                                               ,title:'Weight Watchers Bacon 98% Fat Free 1 ProPoint value per serve'
	                                               ,description:'Bacon Delicious smoked thinly sliced rindless bacon.'}">
		 	</div>
 		
	</div>
</div>


	</form>
</div>


<span class="available hidden"></span>


<div class="outer-prod prodtile" data-refresh="{
					catalogId: &quot;10576&quot;,
					doInventory: &quot;N&quot;,
					fulfillmentCenterId: &quot;11576&quot;,
					forStoreId: &quot;10401&quot;,
					
					productDisplayURL: &quot;http://shop.coles.com.au/online/national/black-swan-olive-grove-mix&quot;				
			}">
	<form id="catEntryForm_66079" name="catEntryForm_66079" action="AjaxOrderChangeServiceItemAdd">
		
<div class=" " data-catentry="catEntry_66079" data-refresh="{
				addCalculationUsage: &quot;-1&quot;,
				langId: &quot;-1&quot;,
				storeId: &quot;10601&quot;, 
				catEntryId: &quot;66079&quot;, 
				catEntryName: &quot;Olive Grove Mix Dip&quot;, 
				productView: &quot;list&quot;,
				productId: &quot;66079&quot;,
				itemId: &quot;131445&quot;,
				hideMultibuy: &quot;false&quot;,
                ticketType: &quot;&quot;,
                partNumber: &quot;7605291&quot;,
                offerCode: &quot;20140402&quot;
		}">
   	<div class="wrapper clearfix">   	
		

<h4 class="accessibility" id="heading_66079" tabindex="-1">
		Black Swan&nbsp;Olive Grove Mix Dip&nbsp;
		200g&nbsp;
		 
</h4> 

<div class="offer-icon"></div>
<a role="presentation" aria-hidden="true" class="product-url" href="http://shop.coles.com.au/online/national/black-swan-olive-grove-mix">
	    <img role="presentation" aria-hidden="true" class="photo" src="/wcsstore/Coles-CAS/images/7/6/0/7605291-th.jpg" onerror="this.src='/wcsstore/ColesStorefrontAssetStore/dist/e0a775baf05f/images/spacer.gif'" alt="Olive Grove Mix Dip" width="110" height="110">
	</a>

<div class="detail">	
    <span role="presentation" aria-hidden="true" class="brand">Black Swan</span>
    <span class="item" role="presentation" aria-hidden="true">
        <a role="presentation" aria-hidden="true" class="product-url" href="http://shop.coles.com.au/online/national/black-swan-olive-grove-mix">
        	Olive Grove Mix Dip&nbsp;
        	200g
        </a>
    </span>
	<span class="size">
			
 	</span>
</div>


	<div class="purchasing">	    
	    <div class="saving">
	    	
	    </div>
	   	
	    		<div class="price"><span class="accessibility">Purchase price </span><small>$</small>4.12</div>
	    	
	    <div class="unit-price"><span class="accessibility">Unit price </span>$2.06 per 100G</div>
	    <div class="special-offer">	    	
	    	
	    </div> 
	    <div class="availability">Temporarily unavailable</div>
	    <div class="purchase">
		
			<input type="number" title="Add Quantity for Black Swan Olive Grove Mix Dip 200g" name="quantity" id="catEntry_66079_qty" value="1" maxlength="2" size="2" class="v-mandatory v-numeric v-minval-1">
	        <button role="button" type="submit" title="Add to trolley&nbsp;Black Swan Olive Grove Mix Dip 200g" class="btn-red action-addToTrolley"><span role="presentation" aria-hidden="true">Add to trolley</span></button>
		
		</div>
	</div>
	<div class="lists">
		
	</div>


	    <div class="actions">
	        			
			   <div class="MUItemForTrolleyDiv MUItemForTrolley_131445" data-catentry="131445">
		         <div class="MUul_131445"><div class="MUli_131445 hidden" aria-hidden="true"><span class="inTrolley"><span class="MUSpan_131445">0</span> in trolley</span></div></div>
		       </div>
		        <p class="clear"></p>
			 
			<div class="member-usuals-remove">
				<a href="#" class="action-removeFromUsuals usuals-remove">Remove from list <span class="accessibility">Black Swan Olive Grove Mix Dip 200g</span></a>			
			</div>
			
				<div class="list">
					<a href="#" class="action-addToList action-list-add">Add to list <span class="accessibility">Black Swan Olive Grove Mix Dip 200g</span></a> 
				</div>
				<div class="member-list-add">
					<a href="#" class="action-addToList action-list-add">Add to another list <span class="accessibility">Black Swan Olive Grove Mix Dip 200g</span></a>
				</div>
			
			<div class="member-list-remove">
				 <a href="#" class="action-removeFromList">Remove from list <span class="accessibility">Black Swan Olive Grove Mix Dip 200g</span></a> 
			</div>
			
				<div class="compareProd" role="presentation" aria-hidden="true">
					<a href="#" class="compare compare-add">Compare</a>
				</div>
			
				<a href="http://shop.coles.com.au/online/national/black-swan-olive-grove-mix" class="product-url accessibility">More details for Black Swan&nbsp;Olive Grove Mix Dip</a>
			
		</div>  
      

       	
		    <div role="presentation" aria-hidden="true" id="share" class="share" data-social="{productImgUrl:'http://shop.coles.com.au:27900/wcsstore/Coles-CAS/images/7/6/0/7605291-th.jpg'
	                                               ,productDisplayUrl:'http://shop.coles.com.au/online/national/black-swan-olive-grove-mix'
	                                               ,title:'Black Swan Olive Grove Mix Dip '
	                                               ,description:''}">
		 	</div>
 		
	</div>
</div>


	</form>
</div>


<span class="available hidden"></span>


<div class="outer-prod prodtile" data-refresh="{
					catalogId: &quot;10576&quot;,
					doInventory: &quot;N&quot;,
					fulfillmentCenterId: &quot;11576&quot;,
					forStoreId: &quot;10401&quot;,
					
					productDisplayURL: &quot;http://shop.coles.com.au/online/national/black-swan-dip-tzatziki-skinny&quot;				
			}">
	<form id="catEntryForm_74664" name="catEntryForm_74664" action="AjaxOrderChangeServiceItemAdd">
		
<div class=" " data-catentry="catEntry_74664" data-refresh="{
				addCalculationUsage: &quot;-1&quot;,
				langId: &quot;-1&quot;,
				storeId: &quot;10601&quot;, 
				catEntryId: &quot;74664&quot;, 
				catEntryName: &quot;Skinny Tzatziki Dip&quot;, 
				productView: &quot;list&quot;,
				productId: &quot;74664&quot;,
				itemId: &quot;134201&quot;,
				hideMultibuy: &quot;false&quot;,
                ticketType: &quot;&quot;,
                partNumber: &quot;6824063&quot;,
                offerCode: &quot;20140402&quot;
		}">
   	<div class="wrapper clearfix">   	
		

<h4 class="accessibility" id="heading_74664" tabindex="-1">
		Black Swan&nbsp;Skinny Tzatziki Dip&nbsp;
		200g&nbsp;
		 
</h4> 

<div class="offer-icon"></div>
<a role="presentation" aria-hidden="true" class="product-url" href="http://shop.coles.com.au/online/national/black-swan-dip-tzatziki-skinny">
	    <img role="presentation" aria-hidden="true" class="photo" src="/wcsstore/Coles-CAS/images/6/8/2/6824063-th.jpg" onerror="this.src='/wcsstore/ColesStorefrontAssetStore/dist/e0a775baf05f/images/spacer.gif'" alt="Skinny Tzatziki Dip" width="110" height="110">
	</a>

<div class="detail">	
    <span role="presentation" aria-hidden="true" class="brand">Black Swan</span>
    <span class="item" role="presentation" aria-hidden="true">
        <a role="presentation" aria-hidden="true" class="product-url" href="http://shop.coles.com.au/online/national/black-swan-dip-tzatziki-skinny">
        	Skinny Tzatziki Dip&nbsp;
        	200g
        </a>
    </span>
	<span class="size">
			
 	</span>
</div>


	<div class="purchasing">	    
	    <div class="saving">
	    	
	    </div>
	   	
	    		<div class="price"><span class="accessibility">Purchase price </span><small>$</small>4.12</div>
	    	
	    <div class="unit-price"><span class="accessibility">Unit price </span>$2.06 per 100G</div>
	    <div class="special-offer">	    	
	    	
	    </div> 
	    <div class="availability">Temporarily unavailable</div>
	    <div class="purchase">
		
			<input type="number" title="Add Quantity for Black Swan Skinny Tzatziki Dip 200g" name="quantity" id="catEntry_74664_qty" value="1" maxlength="2" size="2" class="v-mandatory v-numeric v-minval-1">
	        <button role="button" type="submit" title="Add to trolley&nbsp;Black Swan Skinny Tzatziki Dip 200g" class="btn-red action-addToTrolley"><span role="presentation" aria-hidden="true">Add to trolley</span></button>
		
		</div>
	</div>
	<div class="lists">
		
	</div>


	    <div class="actions">
	        			
			   <div class="MUItemForTrolleyDiv MUItemForTrolley_134201" data-catentry="134201">
		         <div class="MUul_134201"><div class="MUli_134201 hidden" aria-hidden="true"><span class="inTrolley"><span class="MUSpan_134201">0</span> in trolley</span></div></div>
		       </div>
		        <p class="clear"></p>
			 
			<div class="member-usuals-remove">
				<a href="#" class="action-removeFromUsuals usuals-remove">Remove from list <span class="accessibility">Black Swan Skinny Tzatziki Dip 200g</span></a>			
			</div>
			
				<div class="list">
					<a href="#" class="action-addToList action-list-add">Add to list <span class="accessibility">Black Swan Skinny Tzatziki Dip 200g</span></a> 
				</div>
				<div class="member-list-add">
					<a href="#" class="action-addToList action-list-add">Add to another list <span class="accessibility">Black Swan Skinny Tzatziki Dip 200g</span></a>
				</div>
			
			<div class="member-list-remove">
				 <a href="#" class="action-removeFromList">Remove from list <span class="accessibility">Black Swan Skinny Tzatziki Dip 200g</span></a> 
			</div>
			
				<div class="compareProd" role="presentation" aria-hidden="true">
					<a href="#" class="compare compare-add">Compare</a>
				</div>
			
				<a href="http://shop.coles.com.au/online/national/black-swan-dip-tzatziki-skinny" class="product-url accessibility">More details for Black Swan&nbsp;Skinny Tzatziki Dip</a>
			
		</div>  
      

       	
		    <div role="presentation" aria-hidden="true" id="share" class="share" data-social="{productImgUrl:'http://shop.coles.com.au:27900/wcsstore/Coles-CAS/images/6/8/2/6824063-th.jpg'
	                                               ,productDisplayUrl:'http://shop.coles.com.au/online/national/black-swan-dip-tzatziki-skinny'
	                                               ,title:'Black Swan Skinny Tzatziki Dip '
	                                               ,description:'Flavour is everything.'}">
		 	</div>
 		
	</div>
</div>


	</form>
</div>


<span class="available hidden"></span>


<div class="outer-prod prodtile" data-refresh="{
					catalogId: &quot;10576&quot;,
					doInventory: &quot;N&quot;,
					fulfillmentCenterId: &quot;11576&quot;,
					forStoreId: &quot;10401&quot;,
					
					productDisplayURL: &quot;http://shop.coles.com.au/online/national/black-swan-dip-avocado-with-lemon-sea-salt&quot;				
			}">
	<form id="catEntryForm_79201" name="catEntryForm_79201" action="AjaxOrderChangeServiceItemAdd">
		
<div class=" " data-catentry="catEntry_79201" data-refresh="{
				addCalculationUsage: &quot;-1&quot;,
				langId: &quot;-1&quot;,
				storeId: &quot;10601&quot;, 
				catEntryId: &quot;79201&quot;, 
				catEntryName: &quot;Avocado Dip With Lemon &amp; Sea Salt&quot;, 
				productView: &quot;list&quot;,
				productId: &quot;79201&quot;,
				itemId: &quot;142343&quot;,
				hideMultibuy: &quot;false&quot;,
                ticketType: &quot;&quot;,
                partNumber: &quot;5371939&quot;,
                offerCode: &quot;20140402&quot;
		}">
   	<div class="wrapper clearfix">   	
		

<h4 class="accessibility" id="heading_79201" tabindex="-1">
		Black Swan&nbsp;Avocado Dip With Lemon &amp; Sea Salt&nbsp;
		200g&nbsp;
		 
</h4> 

<div class="offer-icon"></div>
<a role="presentation" aria-hidden="true" class="product-url" href="http://shop.coles.com.au/online/national/black-swan-dip-avocado-with-lemon-sea-salt">
	    <img role="presentation" aria-hidden="true" class="photo" src="/wcsstore/Coles-CAS/images/5/3/7/5371939-th.jpg" onerror="this.src='/wcsstore/ColesStorefrontAssetStore/dist/e0a775baf05f/images/spacer.gif'" alt="Avocado Dip With Lemon &amp; Sea Salt" width="110" height="110">
	</a>

<div class="detail">	
    <span role="presentation" aria-hidden="true" class="brand">Black Swan</span>
    <span class="item" role="presentation" aria-hidden="true">
        <a role="presentation" aria-hidden="true" class="product-url" href="http://shop.coles.com.au/online/national/black-swan-dip-avocado-with-lemon-sea-salt">
        	Avocado Dip With Lemon &amp; Sea Salt&nbsp;
        	200g
        </a>
    </span>
	<span class="size">
			
 	</span>
</div>


	<div class="purchasing">	    
	    <div class="saving">
	    	
	    </div>
	   	
	    		<div class="price"><span class="accessibility">Purchase price </span><small>$</small>4.12</div>
	    	
	    <div class="unit-price"><span class="accessibility">Unit price </span>$2.06 per 100G</div>
	    <div class="special-offer">	    	
	    	
	    </div> 
	    <div class="availability">Temporarily unavailable</div>
	    <div class="purchase">
		
			<input type="number" title="Add Quantity for Black Swan Avocado Dip With Lemon &amp; Sea Salt 200g" name="quantity" id="catEntry_79201_qty" value="1" maxlength="2" size="2" class="v-mandatory v-numeric v-minval-1">
	        <button role="button" type="submit" title="Add to trolley&nbsp;Black Swan Avocado Dip With Lemon &amp; Sea Salt 200g" class="btn-red action-addToTrolley"><span role="presentation" aria-hidden="true">Add to trolley</span></button>
		
		</div>
	</div>
	<div class="lists">
		
	</div>


	    <div class="actions">
	        			
			   <div class="MUItemForTrolleyDiv MUItemForTrolley_142343" data-catentry="142343">
		         <div class="MUul_142343"><div class="MUli_142343 hidden" aria-hidden="true"><span class="inTrolley"><span class="MUSpan_142343">0</span> in trolley</span></div></div>
		       </div>
		        <p class="clear"></p>
			 
			<div class="member-usuals-remove">
				<a href="#" class="action-removeFromUsuals usuals-remove">Remove from list <span class="accessibility">Black Swan Avocado Dip With Lemon &amp; Sea Salt 200g</span></a>			
			</div>
			
				<div class="list">
					<a href="#" class="action-addToList action-list-add">Add to list <span class="accessibility">Black Swan Avocado Dip With Lemon &amp; Sea Salt 200g</span></a> 
				</div>
				<div class="member-list-add">
					<a href="#" class="action-addToList action-list-add">Add to another list <span class="accessibility">Black Swan Avocado Dip With Lemon &amp; Sea Salt 200g</span></a>
				</div>
			
			<div class="member-list-remove">
				 <a href="#" class="action-removeFromList">Remove from list <span class="accessibility">Black Swan Avocado Dip With Lemon &amp; Sea Salt 200g</span></a> 
			</div>
			
				<div class="compareProd" role="presentation" aria-hidden="true">
					<a href="#" class="compare compare-add">Compare</a>
				</div>
			
				<a href="http://shop.coles.com.au/online/national/black-swan-dip-avocado-with-lemon-sea-salt" class="product-url accessibility">More details for Black Swan&nbsp;Avocado Dip With Lemon &amp; Sea Salt</a>
			
		</div>  
      

       	
		    <div role="presentation" aria-hidden="true" id="share" class="share" data-social="{productImgUrl:'http://shop.coles.com.au:27900/wcsstore/Coles-CAS/images/5/3/7/5371939-th.jpg'
	                                               ,productDisplayUrl:'http://shop.coles.com.au/online/national/black-swan-dip-avocado-with-lemon-sea-salt'
	                                               ,title:'Black Swan Avocado Dip With Lemon &amp; Sea Salt '
	                                               ,description:''}">
		 	</div>
 		
	</div>
</div>


	</form>
</div>


<span class="available hidden"></span>


<div class="outer-prod prodtile" data-refresh="{
					catalogId: &quot;10576&quot;,
					doInventory: &quot;N&quot;,
					fulfillmentCenterId: &quot;11576&quot;,
					forStoreId: &quot;10401&quot;,
					
					productDisplayURL: &quot;http://shop.coles.com.au/online/national/black-swan-dip-tzatziki&quot;				
			}">
	<form id="catEntryForm_95902" name="catEntryForm_95902" action="AjaxOrderChangeServiceItemAdd">
		
<div class=" " data-catentry="catEntry_95902" data-refresh="{
				addCalculationUsage: &quot;-1&quot;,
				langId: &quot;-1&quot;,
				storeId: &quot;10601&quot;, 
				catEntryId: &quot;95902&quot;, 
				catEntryName: &quot;Tzatziki Dip&quot;, 
				productView: &quot;list&quot;,
				productId: &quot;95902&quot;,
				itemId: &quot;156978&quot;,
				hideMultibuy: &quot;false&quot;,
                ticketType: &quot;&quot;,
                partNumber: &quot;9580657&quot;,
                offerCode: &quot;20140501&quot;
		}">
   	<div class="wrapper clearfix">   	
		

<h4 class="accessibility" id="heading_95902" tabindex="-1">
		Black Swan&nbsp;Tzatziki Dip&nbsp;
		200g&nbsp;
		 
</h4> 

<div class="offer-icon"></div>
<a role="presentation" aria-hidden="true" class="product-url" href="http://shop.coles.com.au/online/national/black-swan-dip-tzatziki">
	    <img role="presentation" aria-hidden="true" class="photo" src="/wcsstore/Coles-CAS/images/9/5/8/9580657-th.jpg" onerror="this.src='/wcsstore/ColesStorefrontAssetStore/dist/e0a775baf05f/images/spacer.gif'" alt="Tzatziki Dip" width="110" height="110">
	</a>

<div class="detail">	
    <span role="presentation" aria-hidden="true" class="brand">Black Swan</span>
    <span class="item" role="presentation" aria-hidden="true">
        <a role="presentation" aria-hidden="true" class="product-url" href="http://shop.coles.com.au/online/national/black-swan-dip-tzatziki">
        	Tzatziki Dip&nbsp;
        	200g
        </a>
    </span>
	<span class="size">
			
 	</span>
</div>


	<div class="purchasing">	    
	    <div class="saving">
	    	
	    </div>
	   	
	    		<div class="price"><span class="accessibility">Purchase price </span><small>$</small>4.29</div>
	    	
	    <div class="unit-price"><span class="accessibility">Unit price </span>$2.15 per 100G</div>
	    <div class="special-offer">	    	
	    	
	    </div> 
	    <div class="availability">Temporarily unavailable</div>
	    <div class="purchase">
		
			<input type="number" title="Add Quantity for Black Swan Tzatziki Dip 200g" name="quantity" id="catEntry_95902_qty" value="1" maxlength="2" size="2" class="v-mandatory v-numeric v-minval-1">
	        <button role="button" type="submit" title="Add to trolley&nbsp;Black Swan Tzatziki Dip 200g" class="btn-red action-addToTrolley"><span role="presentation" aria-hidden="true">Add to trolley</span></button>
		
		</div>
	</div>
	<div class="lists">
		
	</div>


	    <div class="actions">
	        			
			   <div class="MUItemForTrolleyDiv MUItemForTrolley_156978" data-catentry="156978">
		         <div class="MUul_156978"><div class="MUli_156978 hidden" aria-hidden="true"><span class="inTrolley"><span class="MUSpan_156978">0</span> in trolley</span></div></div>
		       </div>
		        <p class="clear"></p>
			 
			<div class="member-usuals-remove">
				<a href="#" class="action-removeFromUsuals usuals-remove">Remove from list <span class="accessibility">Black Swan Tzatziki Dip 200g</span></a>			
			</div>
			
				<div class="list">
					<a href="#" class="action-addToList action-list-add">Add to list <span class="accessibility">Black Swan Tzatziki Dip 200g</span></a> 
				</div>
				<div class="member-list-add">
					<a href="#" class="action-addToList action-list-add">Add to another list <span class="accessibility">Black Swan Tzatziki Dip 200g</span></a>
				</div>
			
			<div class="member-list-remove">
				 <a href="#" class="action-removeFromList">Remove from list <span class="accessibility">Black Swan Tzatziki Dip 200g</span></a> 
			</div>
			
				<div class="compareProd" role="presentation" aria-hidden="true">
					<a href="#" class="compare compare-add">Compare</a>
				</div>
			
				<a href="http://shop.coles.com.au/online/national/black-swan-dip-tzatziki" class="product-url accessibility">More details for Black Swan&nbsp;Tzatziki Dip</a>
			
		</div>  
      

       	
		    <div role="presentation" aria-hidden="true" id="share" class="share" data-social="{productImgUrl:'http://shop.coles.com.au:27900/wcsstore/Coles-CAS/images/9/5/8/9580657-th.jpg'
	                                               ,productDisplayUrl:'http://shop.coles.com.au/online/national/black-swan-dip-tzatziki'
	                                               ,title:'Black Swan Tzatziki Dip '
	                                               ,description:''}">
		 	</div>
 		
	</div>
</div>


	</form>
</div>


<span class="available hidden"></span>


<div class="outer-prod prodtile" data-refresh="{
					catalogId: &quot;10576&quot;,
					doInventory: &quot;N&quot;,
					fulfillmentCenterId: &quot;11576&quot;,
					forStoreId: &quot;10401&quot;,
					
					productDisplayURL: &quot;http://shop.coles.com.au/online/national/black-swan-traditional-pumpkin-hommus-dip&quot;				
			}">
	<form id="catEntryForm_414576" name="catEntryForm_414576" action="AjaxOrderChangeServiceItemAdd">
		
<div class=" " data-catentry="catEntry_414576" data-refresh="{
				addCalculationUsage: &quot;-1&quot;,
				langId: &quot;-1&quot;,
				storeId: &quot;10601&quot;, 
				catEntryId: &quot;414576&quot;, 
				catEntryName: &quot;Traditional Pumpkin Hommus Dip&quot;, 
				productView: &quot;&quot;,
				productId: &quot;414576&quot;,
				itemId: &quot;414816&quot;,
				hideMultibuy: &quot;false&quot;,
                ticketType: &quot;&quot;,
                partNumber: &quot;2010184&quot;,
                offerCode: &quot;20150110&quot;
		}">
   	<div class="wrapper clearfix">   	
		

<h4 class="accessibility" id="heading_414576" tabindex="-1">
		Black Swan&nbsp;Traditional Pumpkin Hommus Dip&nbsp;
		200g&nbsp;
		 
</h4> 

<div class="offer-icon"></div>
<a role="presentation" aria-hidden="true" class="product-url" href="http://shop.coles.com.au/online/national/black-swan-traditional-pumpkin-hommus-dip">
	    <img role="presentation" aria-hidden="true" class="photo" src="/wcsstore/Coles-CAS/images/2/0/1/2010184-th.jpg" onerror="this.src='/wcsstore/ColesStorefrontAssetStore/dist/e0a775baf05f/images/spacer.gif'" alt="Traditional Pumpkin Hommus Dip" width="110" height="110">
	</a>

<div class="detail">	
    <span role="presentation" aria-hidden="true" class="brand">Black Swan</span>
    <span class="item" role="presentation" aria-hidden="true">
        <a role="presentation" aria-hidden="true" class="product-url" href="http://shop.coles.com.au/online/national/black-swan-traditional-pumpkin-hommus-dip">
        	Traditional Pumpkin Hommus Dip&nbsp;
        	200g
        </a>
    </span>
	<span class="size">
			
 	</span>
</div>


	<div class="purchasing">	    
	    <div class="saving">
	    	
	    </div>
	   	
	    		<div class="price"><span class="accessibility">Purchase price </span><small>$</small>4.28</div>
	    	
	    <div class="unit-price"><span class="accessibility">Unit price </span>$2.14 per 100G</div>
	    <div class="special-offer">	    	
	    	
	    </div> 
	    <div class="availability">Temporarily unavailable</div>
	    <div class="purchase">
		
			<input type="number" title="Add Quantity for Black Swan Traditional Pumpkin Hommus Dip 200g" name="quantity" id="catEntry_414576_qty" value="1" maxlength="2" size="2" class="v-mandatory v-numeric v-minval-1">
	        <button role="button" type="submit" title="Add to trolley&nbsp;Black Swan Traditional Pumpkin Hommus Dip 200g" class="btn-red action-addToTrolley"><span role="presentation" aria-hidden="true">Add to trolley</span></button>
		
		</div>
	</div>
	<div class="lists">
		
	</div>


	    <div class="actions">
	        			
			   <div class="MUItemForTrolleyDiv MUItemForTrolley_414816" data-catentry="414816">
		         <div class="MUul_414816"><div class="MUli_414816 hidden" aria-hidden="true"><span class="inTrolley"><span class="MUSpan_414816">0</span> in trolley</span></div></div>
		       </div>
		        <p class="clear"></p>
			 
			<div class="member-usuals-remove">
				<a href="#" class="action-removeFromUsuals usuals-remove">Remove from list <span class="accessibility">Black Swan Traditional Pumpkin Hommus Dip 200g</span></a>			
			</div>
			
				<div class="list">
					<a href="#" class="action-addToList action-list-add">Add to list <span class="accessibility">Black Swan Traditional Pumpkin Hommus Dip 200g</span></a> 
				</div>
				<div class="member-list-add">
					<a href="#" class="action-addToList action-list-add">Add to another list <span class="accessibility">Black Swan Traditional Pumpkin Hommus Dip 200g</span></a>
				</div>
			
			<div class="member-list-remove">
				 <a href="#" class="action-removeFromList">Remove from list <span class="accessibility">Black Swan Traditional Pumpkin Hommus Dip 200g</span></a> 
			</div>
			
				<div class="compareProd" role="presentation" aria-hidden="true">
					<a href="#" class="compare compare-add">Compare</a>
				</div>
			
		</div>  
      

       	
		    <div role="presentation" aria-hidden="true" id="share" class="share" data-social="{productImgUrl:'http://shop.coles.com.au:27900/wcsstore/Coles-CAS/images/2/0/1/2010184-th.jpg'
	                                               ,productDisplayUrl:'http://shop.coles.com.au/online/national/black-swan-traditional-pumpkin-hommus-dip'
	                                               ,title:'Black Swan Traditional Pumpkin Hommus Dip '
	                                               ,description:''}">
		 	</div>
 		
	</div>
</div>


	</form>
</div>


<span class="available hidden"></span>


<div class="outer-prod prodtile" data-refresh="{
					catalogId: &quot;10576&quot;,
					doInventory: &quot;N&quot;,
					fulfillmentCenterId: &quot;11576&quot;,
					forStoreId: &quot;10401&quot;,
					
					productDisplayURL: &quot;http://shop.coles.com.au/online/national/coles-salmon-hot-smoked&quot;				
			}">
	<form id="catEntryForm_10544" name="catEntryForm_10544" action="AjaxOrderChangeServiceItemAdd">
		
<div class="promo every-day " data-catentry="catEntry_10544" data-refresh="{
				addCalculationUsage: &quot;-1&quot;,
				langId: &quot;-1&quot;,
				storeId: &quot;10601&quot;, 
				catEntryId: &quot;10544&quot;, 
				catEntryName: &quot;Hot Smoked Salmon&quot;, 
				productView: &quot;list&quot;,
				productId: &quot;10544&quot;,
				itemId: &quot;32013&quot;,
				hideMultibuy: &quot;false&quot;,
                ticketType: &quot;V&quot;,
                partNumber: &quot;9936493&quot;,
                offerCode: &quot;103808020&quot;
		}">
   	<div class="wrapper clearfix">   	
		

<h4 class="accessibility" id="heading_10544" tabindex="-1">
		Coles&nbsp;Hot Smoked Salmon&nbsp;
		185g&nbsp;
		Every day low price 
</h4> 

<div class="offer-icon"></div>
<a role="presentation" aria-hidden="true" class="product-url" href="http://shop.coles.com.au/online/national/coles-salmon-hot-smoked">
	    <img role="presentation" aria-hidden="true" class="photo" src="/wcsstore/Coles-CAS/images/9/9/3/9936493-th.jpg" onerror="this.src='/wcsstore/ColesStorefrontAssetStore/dist/e0a775baf05f/images/spacer.gif'" alt="Hot Smoked Salmon" width="110" height="110">
	</a>

<div class="detail">	
    <span role="presentation" aria-hidden="true" class="brand">Coles</span>
    <span class="item" role="presentation" aria-hidden="true">
        <a role="presentation" aria-hidden="true" class="product-url" href="http://shop.coles.com.au/online/national/coles-salmon-hot-smoked">
        	Hot Smoked Salmon&nbsp;
        	185g
        </a>
    </span>
	<span class="size">
			
 	</span>
</div>


	<div class="purchasing">	    
	    <div class="saving">
	    	
	    </div>
	   	
	    		<div class="price"><span class="accessibility">Purchase price </span><small>$</small>8.00</div>
	    	
	    <div class="unit-price"><span class="accessibility">Unit price </span>$43.24 per 1Kg</div>
	    <div class="special-offer">	    	
	    	
	    </div> 
	    <div class="availability">Temporarily unavailable</div>
	    <div class="purchase">
		
			<input type="number" title="Add Quantity for Coles Hot Smoked Salmon 185g" name="quantity" id="catEntry_10544_qty" value="1" maxlength="2" size="2" class="v-mandatory v-numeric v-minval-1">
	        <button role="button" type="submit" title="Add to trolley&nbsp;Coles Hot Smoked Salmon 185g" class="btn-red action-addToTrolley"><span role="presentation" aria-hidden="true">Add to trolley</span></button>
		
		</div>
	</div>
	<div class="lists">
		
	</div>


	    <div class="actions">
	        			
			   <div class="MUItemForTrolleyDiv MUItemForTrolley_32013" data-catentry="32013">
		         <div class="MUul_32013"><div class="MUli_32013 hidden" aria-hidden="true"><span class="inTrolley"><span class="MUSpan_32013">0</span> in trolley</span></div></div>
		       </div>
		        <p class="clear"></p>
			 
			<div class="member-usuals-remove">
				<a href="#" class="action-removeFromUsuals usuals-remove">Remove from list <span class="accessibility">Coles Hot Smoked Salmon 185g</span></a>			
			</div>
			
				<div class="list">
					<a href="#" class="action-addToList action-list-add">Add to list <span class="accessibility">Coles Hot Smoked Salmon 185g</span></a> 
				</div>
				<div class="member-list-add">
					<a href="#" class="action-addToList action-list-add">Add to another list <span class="accessibility">Coles Hot Smoked Salmon 185g</span></a>
				</div>
			
			<div class="member-list-remove">
				 <a href="#" class="action-removeFromList">Remove from list <span class="accessibility">Coles Hot Smoked Salmon 185g</span></a> 
			</div>
			
				<div class="compareProd" role="presentation" aria-hidden="true">
					<a href="#" class="compare compare-add">Compare</a>
				</div>
			
				<a href="http://shop.coles.com.au/online/national/coles-salmon-hot-smoked" class="product-url accessibility">More details for Coles&nbsp;Hot Smoked Salmon</a>
			
		</div>  
      

       	
		    <div role="presentation" aria-hidden="true" id="share" class="share" data-social="{productImgUrl:'http://shop.coles.com.au:27900/wcsstore/Coles-CAS/images/9/9/3/9936493-th.jpg'
	                                               ,productDisplayUrl:'http://shop.coles.com.au/online/national/coles-salmon-hot-smoked'
	                                               ,title:'Coles Hot Smoked Salmon  '
	                                               ,description:'Hot Smoked Atlantic Salmon'}">
		 	</div>
 		
	</div>
</div>


	</form>
</div>


<span class="available hidden"></span>


<div class="outer-prod prodtile" data-refresh="{
					catalogId: &quot;10576&quot;,
					doInventory: &quot;N&quot;,
					fulfillmentCenterId: &quot;11576&quot;,
					forStoreId: &quot;10401&quot;,
					
					productDisplayURL: &quot;http://shop.coles.com.au/online/national/coles-mini-dips-avocado&quot;				
			}">
	<form id="catEntryForm_14727" name="catEntryForm_14727" action="AjaxOrderChangeServiceItemAdd">
		
<div class=" " data-catentry="catEntry_14727" data-refresh="{
				addCalculationUsage: &quot;-1&quot;,
				langId: &quot;-1&quot;,
				storeId: &quot;10601&quot;, 
				catEntryId: &quot;14727&quot;, 
				catEntryName: &quot;Avocado Dip Mini Tub 3 Pack&quot;, 
				productView: &quot;list&quot;,
				productId: &quot;14727&quot;,
				itemId: &quot;28433&quot;,
				hideMultibuy: &quot;false&quot;,
                ticketType: &quot;&quot;,
                partNumber: &quot;9933688&quot;,
                offerCode: &quot;20140827&quot;
		}">
   	<div class="wrapper clearfix">   	
		

<h4 class="accessibility" id="heading_14727" tabindex="-1">
		Coles&nbsp;Avocado Dip Mini Tub 3 Pack&nbsp;
		180g&nbsp;
		 
</h4> 

<div class="offer-icon"></div>
<a role="presentation" aria-hidden="true" class="product-url" href="http://shop.coles.com.au/online/national/coles-mini-dips-avocado">
	    <img role="presentation" aria-hidden="true" class="photo" src="/wcsstore/Coles-CAS/images/9/9/3/9933688-th.jpg" onerror="this.src='/wcsstore/ColesStorefrontAssetStore/dist/e0a775baf05f/images/spacer.gif'" alt="Avocado Dip Mini Tub 3 Pack" width="110" height="110">
	</a>

<div class="detail">	
    <span role="presentation" aria-hidden="true" class="brand">Coles</span>
    <span class="item" role="presentation" aria-hidden="true">
        <a role="presentation" aria-hidden="true" class="product-url" href="http://shop.coles.com.au/online/national/coles-mini-dips-avocado">
        	Avocado Dip Mini Tub 3 Pack&nbsp;
        	180g
        </a>
    </span>
	<span class="size">
			
 	</span>
</div>


	<div class="purchasing">	    
	    <div class="saving">
	    	
	    </div>
	   	
	    		<div class="price"><span class="accessibility">Purchase price </span><small>$</small>2.86</div>
	    	
	    <div class="unit-price"><span class="accessibility">Unit price </span>$1.59 per 100G</div>
	    <div class="special-offer">	    	
	    	
	    </div> 
	    <div class="availability">Temporarily unavailable</div>
	    <div class="purchase">
		
			<input type="number" title="Add Quantity for Coles Avocado Dip Mini Tub 3 Pack 180g" name="quantity" id="catEntry_14727_qty" value="1" maxlength="2" size="2" class="v-mandatory v-numeric v-minval-1">
	        <button role="button" type="submit" title="Add to trolley&nbsp;Coles Avocado Dip Mini Tub 3 Pack 180g" class="btn-red action-addToTrolley"><span role="presentation" aria-hidden="true">Add to trolley</span></button>
		
		</div>
	</div>
	<div class="lists">
		
	</div>


	    <div class="actions">
	        			
			   <div class="MUItemForTrolleyDiv MUItemForTrolley_28433" data-catentry="28433">
		         <div class="MUul_28433"><div class="MUli_28433 hidden" aria-hidden="true"><span class="inTrolley"><span class="MUSpan_28433">0</span> in trolley</span></div></div>
		       </div>
		        <p class="clear"></p>
			 
			<div class="member-usuals-remove">
				<a href="#" class="action-removeFromUsuals usuals-remove">Remove from list <span class="accessibility">Coles Avocado Dip Mini Tub 3 Pack 180g</span></a>			
			</div>
			
				<div class="list">
					<a href="#" class="action-addToList action-list-add">Add to list <span class="accessibility">Coles Avocado Dip Mini Tub 3 Pack 180g</span></a> 
				</div>
				<div class="member-list-add">
					<a href="#" class="action-addToList action-list-add">Add to another list <span class="accessibility">Coles Avocado Dip Mini Tub 3 Pack 180g</span></a>
				</div>
			
			<div class="member-list-remove">
				 <a href="#" class="action-removeFromList">Remove from list <span class="accessibility">Coles Avocado Dip Mini Tub 3 Pack 180g</span></a> 
			</div>
			
				<div class="compareProd" role="presentation" aria-hidden="true">
					<a href="#" class="compare compare-add">Compare</a>
				</div>
			
				<a href="http://shop.coles.com.au/online/national/coles-mini-dips-avocado" class="product-url accessibility">More details for Coles&nbsp;Avocado Dip Mini Tub 3 Pack</a>
			
		</div>  
      

       	
		    <div role="presentation" aria-hidden="true" id="share" class="share" data-social="{productImgUrl:'http://shop.coles.com.au:27900/wcsstore/Coles-CAS/images/9/9/3/9933688-th.jpg'
	                                               ,productDisplayUrl:'http://shop.coles.com.au/online/national/coles-mini-dips-avocado'
	                                               ,title:'Coles Avocado Dip Mini Tub 3 Pack  '
	                                               ,description:'A green, smooth homogenous dip flavoured by avocado with hints of spring onion..'}">
		 	</div>
 		
	</div>
</div>


	</form>
</div>


<span class="available hidden"></span>


<div class="outer-prod prodtile" data-refresh="{
					catalogId: &quot;10576&quot;,
					doInventory: &quot;N&quot;,
					fulfillmentCenterId: &quot;11576&quot;,
					forStoreId: &quot;10401&quot;,
					
					productDisplayURL: &quot;http://shop.coles.com.au/online/national/coles-salami-pepperoni-style&quot;				
			}">
	<form id="catEntryForm_19601" name="catEntryForm_19601" action="AjaxOrderChangeServiceItemAdd">
		
<div class="promo every-day " data-catentry="catEntry_19601" data-refresh="{
				addCalculationUsage: &quot;-1&quot;,
				langId: &quot;-1&quot;,
				storeId: &quot;10601&quot;, 
				catEntryId: &quot;19601&quot;, 
				catEntryName: &quot;Pepperoni Style Salami&quot;, 
				productView: &quot;list&quot;,
				productId: &quot;19601&quot;,
				itemId: &quot;30169&quot;,
				hideMultibuy: &quot;false&quot;,
                ticketType: &quot;V&quot;,
                partNumber: &quot;5938840&quot;,
                offerCode: &quot;103742881&quot;
		}">
   	<div class="wrapper clearfix">   	
		

<h4 class="accessibility" id="heading_19601" tabindex="-1">
		Coles&nbsp;Pepperoni Style Salami&nbsp;
		250g&nbsp;
		Every day low price 
</h4> 

<div class="offer-icon"></div>
<a role="presentation" aria-hidden="true" class="product-url" href="http://shop.coles.com.au/online/national/coles-salami-pepperoni-style">
	    <img role="presentation" aria-hidden="true" class="photo" src="/wcsstore/Coles-CAS/images/5/9/3/5938840-th.jpg" onerror="this.src='/wcsstore/ColesStorefrontAssetStore/dist/e0a775baf05f/images/spacer.gif'" alt="Pepperoni Style Salami" width="110" height="110">
	</a>

<div class="detail">	
    <span role="presentation" aria-hidden="true" class="brand">Coles</span>
    <span class="item" role="presentation" aria-hidden="true">
        <a role="presentation" aria-hidden="true" class="product-url" href="http://shop.coles.com.au/online/national/coles-salami-pepperoni-style">
        	Pepperoni Style Salami&nbsp;
        	250g
        </a>
    </span>
	<span class="size">
			
 	</span>
</div>


	<div class="purchasing">	    
	    <div class="saving">
	    	
	    </div>
	   	
	    		<div class="price"><span class="accessibility">Purchase price </span><small>$</small>3.70</div>
	    	
	    <div class="unit-price"><span class="accessibility">Unit price </span>$14.80 per 1Kg</div>
	    <div class="special-offer">	    	
	    	
	    </div> 
	    <div class="availability">Temporarily unavailable</div>
	    <div class="purchase">
		
			<input type="number" title="Add Quantity for Coles Pepperoni Style Salami 250g" name="quantity" id="catEntry_19601_qty" value="1" maxlength="2" size="2" class="v-mandatory v-numeric v-minval-1">
	        <button role="button" type="submit" title="Add to trolley&nbsp;Coles Pepperoni Style Salami 250g" class="btn-red action-addToTrolley"><span role="presentation" aria-hidden="true">Add to trolley</span></button>
		
		</div>
	</div>
	<div class="lists">
		
	</div>


	    <div class="actions">
	        			
			   <div class="MUItemForTrolleyDiv MUItemForTrolley_30169" data-catentry="30169">
		         <div class="MUul_30169"><div class="MUli_30169 hidden" aria-hidden="true"><span class="inTrolley"><span class="MUSpan_30169">0</span> in trolley</span></div></div>
		       </div>
		        <p class="clear"></p>
			 
			<div class="member-usuals-remove">
				<a href="#" class="action-removeFromUsuals usuals-remove">Remove from list <span class="accessibility">Coles Pepperoni Style Salami 250g</span></a>			
			</div>
			
				<div class="list">
					<a href="#" class="action-addToList action-list-add">Add to list <span class="accessibility">Coles Pepperoni Style Salami 250g</span></a> 
				</div>
				<div class="member-list-add">
					<a href="#" class="action-addToList action-list-add">Add to another list <span class="accessibility">Coles Pepperoni Style Salami 250g</span></a>
				</div>
			
			<div class="member-list-remove">
				 <a href="#" class="action-removeFromList">Remove from list <span class="accessibility">Coles Pepperoni Style Salami 250g</span></a> 
			</div>
			
				<div class="compareProd" role="presentation" aria-hidden="true">
					<a href="#" class="compare compare-add">Compare</a>
				</div>
			
				<a href="http://shop.coles.com.au/online/national/coles-salami-pepperoni-style" class="product-url accessibility">More details for Coles&nbsp;Pepperoni Style Salami</a>
			
		</div>  
      

       	
		    <div role="presentation" aria-hidden="true" id="share" class="share" data-social="{productImgUrl:'http://shop.coles.com.au:27900/wcsstore/Coles-CAS/images/5/9/3/5938840-th.jpg'
	                                               ,productDisplayUrl:'http://shop.coles.com.au/online/national/coles-salami-pepperoni-style'
	                                               ,title:'Coles Pepperoni Style Salami  '
	                                               ,description:'Pepperoni Salami is Naturally Fermented, Highly Seasoned Salami made from Pork and Beef. It is Portioned to 250g and is Vacuum Packed. Pepperoni Salami is Fermented, Uncooked and Ready to Eat Product.'}">
		 	</div>
 		
	</div>
</div>


	</form>
</div>


<span class="available hidden"></span>


<div class="outer-prod prodtile" data-refresh="{
					catalogId: &quot;10576&quot;,
					doInventory: &quot;N&quot;,
					fulfillmentCenterId: &quot;11576&quot;,
					forStoreId: &quot;10401&quot;,
					
					productDisplayURL: &quot;http://shop.coles.com.au/online/national/coles-pork-loin-chops-2-3-pieces&quot;				
			}">
	<form id="catEntryForm_21692" name="catEntryForm_21692" action="AjaxOrderChangeServiceItemAdd">
		
<div class=" " data-catentry="catEntry_21692" data-refresh="{
				addCalculationUsage: &quot;-1&quot;,
				langId: &quot;-1&quot;,
				storeId: &quot;10601&quot;, 
				catEntryId: &quot;21692&quot;, 
				catEntryName: &quot;Pork Loin Chops 2-3 pieces&quot;, 
				productView: &quot;list&quot;,
				productId: &quot;21692&quot;,
				itemId: &quot;33144&quot;,
				hideMultibuy: &quot;false&quot;,
                ticketType: &quot;&quot;,
                partNumber: &quot;7451879&quot;,
                offerCode: &quot;20141231&quot;
		}">
   	<div class="wrapper clearfix">   	
		

<h4 class="accessibility" id="heading_21692" tabindex="-1">
		Coles&nbsp;Pork Loin Chops 2-3 pieces&nbsp;
		approx. 400g&nbsp;
		 
</h4> 

<div class="offer-icon"></div>
<a role="presentation" aria-hidden="true" class="product-url" href="http://shop.coles.com.au/online/national/coles-pork-loin-chops-2-3-pieces">
	    <img role="presentation" aria-hidden="true" class="photo" src="/wcsstore/Coles-CAS/images/7/4/5/7451879-th.jpg" onerror="this.src='/wcsstore/ColesStorefrontAssetStore/dist/e0a775baf05f/images/spacer.gif'" alt="Pork Loin Chops 2-3 pieces" width="110" height="110">
	</a>

<div class="detail">	
    <span role="presentation" aria-hidden="true" class="brand">Coles</span>
    <span class="item" role="presentation" aria-hidden="true">
        <a role="presentation" aria-hidden="true" class="product-url" href="http://shop.coles.com.au/online/national/coles-pork-loin-chops-2-3-pieces">
        	Pork Loin Chops 2-3 pieces&nbsp;
        	approx. 400g
        </a>
    </span>
	<span class="size">
		Indicated price based on approx. weight. Weight may vary between 350g and 450g.	
 	</span>
</div>


	<div class="purchasing">	    
	    <div class="saving">
	    	
	    </div>
	   	
	    		<div class="price"><span class="accessibility">Purchase price </span><small>$</small>7.20</div>
	    	
	    <div class="unit-price"><span class="accessibility">Unit price </span>$18.00 per 1Kg</div>
	    <div class="special-offer">	    	
	    	
	    </div> 
	    <div class="availability">Temporarily unavailable</div>
	    <div class="purchase">
		
			<input type="number" title="Add Quantity for Coles Pork Loin Chops 2-3 pieces approx. 400g" name="quantity" id="catEntry_21692_qty" value="1" maxlength="2" size="2" class="v-mandatory v-numeric v-minval-1">
	        <button role="button" type="submit" title="Add to trolley&nbsp;Coles Pork Loin Chops 2-3 pieces approx. 400g" class="btn-red action-addToTrolley"><span role="presentation" aria-hidden="true">Add to trolley</span></button>
		
		</div>
	</div>
	<div class="lists">
		
	</div>


	    <div class="actions">
	        			
			   <div class="MUItemForTrolleyDiv MUItemForTrolley_33144" data-catentry="33144">
		         <div class="MUul_33144"><div class="MUli_33144 hidden" aria-hidden="true"><span class="inTrolley"><span class="MUSpan_33144">0</span> in trolley</span></div></div>
		       </div>
		        <p class="clear"></p>
			 
			<div class="member-usuals-remove">
				<a href="#" class="action-removeFromUsuals usuals-remove">Remove from list <span class="accessibility">Coles Pork Loin Chops 2-3 pieces approx. 400g</span></a>			
			</div>
			
				<div class="list">
					<a href="#" class="action-addToList action-list-add">Add to list <span class="accessibility">Coles Pork Loin Chops 2-3 pieces approx. 400g</span></a> 
				</div>
				<div class="member-list-add">
					<a href="#" class="action-addToList action-list-add">Add to another list <span class="accessibility">Coles Pork Loin Chops 2-3 pieces approx. 400g</span></a>
				</div>
			
			<div class="member-list-remove">
				 <a href="#" class="action-removeFromList">Remove from list <span class="accessibility">Coles Pork Loin Chops 2-3 pieces approx. 400g</span></a> 
			</div>
			
				<div class="compareProd" role="presentation" aria-hidden="true">
					<a href="#" class="compare compare-add">Compare</a>
				</div>
			
				<a href="http://shop.coles.com.au/online/national/coles-pork-loin-chops-2-3-pieces" class="product-url accessibility">More details for Coles&nbsp;Pork Loin Chops 2-3 pieces</a>
			
		</div>  
      

       	
		    <div role="presentation" aria-hidden="true" id="share" class="share" data-social="{productImgUrl:'http://shop.coles.com.au:27900/wcsstore/Coles-CAS/images/7/4/5/7451879-th.jpg'
	                                               ,productDisplayUrl:'http://shop.coles.com.au/online/national/coles-pork-loin-chops-2-3-pieces'
	                                               ,title:'Coles Pork Loin Chops 2-3 pieces Indicated price based on approx. weight. Weight may vary between 350g and 450g.'
	                                               ,description:''}">
		 	</div>
 		
	</div>
</div>


	</form>
</div>


<span class="available hidden"></span>


<div class="outer-prod prodtile" data-refresh="{
					catalogId: &quot;10576&quot;,
					doInventory: &quot;N&quot;,
					fulfillmentCenterId: &quot;11576&quot;,
					forStoreId: &quot;10401&quot;,
					
					productDisplayURL: &quot;http://shop.coles.com.au/online/national/coles-bacon-pan-size-rindless&quot;				
			}">
	<form id="catEntryForm_24919" name="catEntryForm_24919" action="AjaxOrderChangeServiceItemAdd">
		
<div class=" " data-catentry="catEntry_24919" data-refresh="{
				addCalculationUsage: &quot;-1&quot;,
				langId: &quot;-1&quot;,
				storeId: &quot;10601&quot;, 
				catEntryId: &quot;24919&quot;, 
				catEntryName: &quot;Rindless Pan Size Bacon&quot;, 
				productView: &quot;list&quot;,
				productId: &quot;24919&quot;,
				itemId: &quot;39768&quot;,
				hideMultibuy: &quot;false&quot;,
                ticketType: &quot;&quot;,
                partNumber: &quot;1015863&quot;,
                offerCode: &quot;20150114&quot;
		}">
   	<div class="wrapper clearfix">   	
		

<h4 class="accessibility" id="heading_24919" tabindex="-1">
		Coles&nbsp;Rindless Pan Size Bacon&nbsp;
		200g&nbsp;
		 
</h4> 

<div class="offer-icon"></div>
<a role="presentation" aria-hidden="true" class="product-url" href="http://shop.coles.com.au/online/national/coles-bacon-pan-size-rindless">
	    <img role="presentation" aria-hidden="true" class="photo" src="/wcsstore/Coles-CAS/images/1/0/1/1015863-th.jpg" onerror="this.src='/wcsstore/ColesStorefrontAssetStore/dist/e0a775baf05f/images/spacer.gif'" alt="Rindless Pan Size Bacon" width="110" height="110">
	</a>

<div class="detail">	
    <span role="presentation" aria-hidden="true" class="brand">Coles</span>
    <span class="item" role="presentation" aria-hidden="true">
        <a role="presentation" aria-hidden="true" class="product-url" href="http://shop.coles.com.au/online/national/coles-bacon-pan-size-rindless">
        	Rindless Pan Size Bacon&nbsp;
        	200g
        </a>
    </span>
	<span class="size">
			
 	</span>
</div>


	<div class="purchasing">	    
	    <div class="saving">
	    	
	    </div>
	   	
	    		<div class="price"><span class="accessibility">Purchase price </span><small>$</small>4.90</div>
	    	
	    <div class="unit-price"><span class="accessibility">Unit price </span>$24.50 per 1Kg</div>
	    <div class="special-offer">	    	
	    	
	    </div> 
	    <div class="availability">Temporarily unavailable</div>
	    <div class="purchase">
		
			<input type="number" title="Add Quantity for Coles Rindless Pan Size Bacon 200g" name="quantity" id="catEntry_24919_qty" value="1" maxlength="2" size="2" class="v-mandatory v-numeric v-minval-1">
	        <button role="button" type="submit" title="Add to trolley&nbsp;Coles Rindless Pan Size Bacon 200g" class="btn-red action-addToTrolley"><span role="presentation" aria-hidden="true">Add to trolley</span></button>
		
		</div>
	</div>
	<div class="lists">
		
	</div>


	    <div class="actions">
	        			
			   <div class="MUItemForTrolleyDiv MUItemForTrolley_39768" data-catentry="39768">
		         <div class="MUul_39768"><div class="MUli_39768 hidden" aria-hidden="true"><span class="inTrolley"><span class="MUSpan_39768">0</span> in trolley</span></div></div>
		       </div>
		        <p class="clear"></p>
			 
			<div class="member-usuals-remove">
				<a href="#" class="action-removeFromUsuals usuals-remove">Remove from list <span class="accessibility">Coles Rindless Pan Size Bacon 200g</span></a>			
			</div>
			
				<div class="list">
					<a href="#" class="action-addToList action-list-add">Add to list <span class="accessibility">Coles Rindless Pan Size Bacon 200g</span></a> 
				</div>
				<div class="member-list-add">
					<a href="#" class="action-addToList action-list-add">Add to another list <span class="accessibility">Coles Rindless Pan Size Bacon 200g</span></a>
				</div>
			
			<div class="member-list-remove">
				 <a href="#" class="action-removeFromList">Remove from list <span class="accessibility">Coles Rindless Pan Size Bacon 200g</span></a> 
			</div>
			
				<div class="compareProd" role="presentation" aria-hidden="true">
					<a href="#" class="compare compare-add">Compare</a>
				</div>
			
				<a href="http://shop.coles.com.au/online/national/coles-bacon-pan-size-rindless" class="product-url accessibility">More details for Coles&nbsp;Rindless Pan Size Bacon</a>
			
		</div>  
      

       	
		    <div role="presentation" aria-hidden="true" id="share" class="share" data-social="{productImgUrl:'http://shop.coles.com.au:27900/wcsstore/Coles-CAS/images/1/0/1/1015863-th.jpg'
	                                               ,productDisplayUrl:'http://shop.coles.com.au/online/national/coles-bacon-pan-size-rindless'
	                                               ,title:'Coles Rindless Pan Size Bacon  '
	                                               ,description:'Middle bacon is a cured and smoked product, that is produced using Sow Stall Free pork, from the entire bacon middle&amp;#039;s of pigs weighing 65-70kgs.  Middle bacon is not a ready to eat rpoduct and requires cooking prior to consumption.'}">
		 	</div>
 		
	</div>
</div>


	</form>
</div>

    </div>
    <form id="analytics-data-search-navigation" name="analytics-data-search-navigation" method="post" action="" class="hidden" aria-hidden="true">
<input type="hidden" name="WT.z_adevent" value="view">
<input type="hidden" name="WT.z_ad" value="center-top-CAT_All_Product_1">
</form>

<div class="pagination clearfix">
<form class="selector" id="frmResults" action="" method="post"><label for="resultsPerPage">Results per page</label> <select id="resultsPerPage" name="resultsPerPage">
    <option value="20">20</option>
    <option value="40">40</option>
    <option selected="selected" value="100">100</option>
</select></form>


    <ul class="navigator">
        
        	<li class="prev"><a role="button" href="#pageNumber=1&amp;currentPageSize=100" data-beginindex="0" title="Back to the previous page of results" class="btn-aqua action-change-page">← Previous</a></li>
        
                    <li><a role="button" href="#pageNumber=1&amp;currentPageSize=100" data-beginindex="0" title="Navigate to result page 1" class="btn-aqua action-change-page">1</a></li>
                
                    <li class="current"><span class="btn-transparent">2</span></li>
                
                    <li><a role="button" href="#pageNumber=3&amp;currentPageSize=100" data-beginindex="200" title="Navigate to result page 3" class="btn-aqua action-change-page">3</a></li>
                
                    <li><a role="button" href="#pageNumber=4&amp;currentPageSize=100" data-beginindex="300" title="Navigate to result page 4" class="btn-aqua action-change-page">4</a></li>
                
                    <li><a role="button" href="#pageNumber=5&amp;currentPageSize=100" data-beginindex="400" title="Navigate to result page 5" class="btn-aqua action-change-page">5</a></li>
                
        	<li class="next"><a role="button" href="#pageNumber=3&amp;currentPageSize=100" data-beginindex="200" title="Next page of results" class="btn-aqua action-change-page">Next →</a></li>
        
    </ul>
</div>

</div>

			</div>
		
		<div class="localisation-disclaimer msg-warning">
			Can’t find what you’re looking for? You may not be seeing what’s available in your local store. <a href="#localisation" class="popup-launch" title="Tell us your location to see your local range">Tell us your location to see your local range</a>
		</div>
	<form id="analytics-data-browse" name="analytics-data-browse" method="post" action="" class="hidden" aria-hidden="true">
<input type="hidden" name="WT.z_facet" value="">
<input type="hidden" name="WT.cg_n" value="Browse">
<input type="hidden" name="WT.z_viewtype" value="list">
<input type="hidden" name="WT.cg_s" value="">
</form> 
</div>
		
				</div>
				
<input type="hidden" name="environmentKey" value="PRODL">


<div class="espot hidden">
	

<div data-analytics="center-middle" class="genericESpot" id="WC_ContentAreaESpot_div_1_52701" style="width: 950px; min-height: 0px; ">
	
	    <p class="caption" style="display:none" id="WC_ContentAreaESpot_div_2_52701">[FOOTER_All_Content_2]</p>   
	
            <div class="ad" id="ad_52701">
        <script type="text/javascript">
// Catalogue eSpot Tag v1.631 12-Dec-14
//

(function (active) {
    var analytics = {
        d: {'inline': false},
        log: function (message, o) {
            window.console && console.log('eSpot analytics: ', message, (o == undefined ? '' : o));
        },
        ga_initialised: false,
        ga: function (d) {
            var opts = {}, c_opts = {}, event_only = false;

 			if (d.user_id) {
 				c_opts['userId'] = d.user_id;
 				opts['dimension19'] = d.user_id;
 			}
				
			if (!analytics.ga_initalised) {
				ga('create', 'UA-29884571-2', (location.hostname.match(/coles\.com\.au$/i)==null ? '' : 'coles.com.au'), c_opts);
				ga('require', 'displayfeatures');
				ga('require', 'ec', 'ec.js');
				analytics.ga_initalised = true;
			}
			
            if (d.page)
                opts['page'] = d.page;

			if (d.init_ohc){
                opts['dimension12'] = 0;
                opts['dimension14'] = 'New';
			}
			            
            if (d.localisation) {
                ga('send', 'event', 'Localisation', d.localisation, location.pathname);
            }

			// Internal Campaign Click Tracking
            if (d.int_campaign_c) {
				ga('ec:addPromo', {
					'id': d.int_campaign_c,
					'name': d.int_campaign_c,
					'creative': '',
					'position': d.catalog ? d.catalog : ''
				});
				ga('ec:setAction', 'promo_click');
                ga('send', 'event', 'Internal Promotion', 'Click', d.catalog ? d.catalog : '');
                if (!d.inline)
                	event_only = true;
			}
 			// Internal Campaign Impression Tracking
			if (d.int_campaign_i) {
				dojo.forEach(d.int_campaign_i, function (e) {
					ga('ec:addPromo', {
						'id': e['name'],
						'name': e['name'],
						'creative': '',
						'position': e['pos']
					});
				});
            }
            
            // Custom dimensions
            if (d.cust) {
				var labels = ['cust', 'state', 'region', null, 'fcntr', 'flybuys'];
				for (i = 0; i < labels.length; i++) {
					if (labels[i])
						opts['dimension' + (i + 3)] = d[labels[i]];
				}
			}
			            
            if (d.registration_event) {
                ga('send', 'event', 'Registration', d.registration_event, opts);
                opts['page'] = '/register/success/' + d.registration_event
            }

            if (d.login_event)
                ga('send', 'event', 'Log In', d.login_event, opts);

            // External campaign tracking via WT.mc_id   
            if (d.ext_campaign_id) {
                var c = d.ext_campaign_id.split('_');
                var ga_cd = ['campaignName', 'campaignMedium', 'campaignSource', 'campaignContent', 'campaignKeyword'];
                dojo.forEach(d.ext_campaign_id.split('_'), function (v, i) {
                    ga('set', ga_cd[i], v);
                });
                ga('set', 'campaignId', d.ext_campaign_id);
            }

            // Product Details View
            if (d.product_details) {
	            ga('ec:addProduct', d.product_details);
				ga('ec:setAction', 'detail');
            }

            // Javascript Exception Tracking
            if (d.exception) {
                ga('send', 'event', 'JavaScript', 'Analytics eSpot Exception', d.exception);
                event_only = true;
            }
            
            // Aisle/Search Tracking
            if (d.catalog)
                opts['dimension11'] = d.catalog.replace(/_/g, ' > ');

            // Product Promotion Tracking
            if (d.promo && (d.event==null || d.event.match(/page_load|onclicking_Tab/))) {
            	limit = 0;
				for(i in d.promo) {
					var p = d.promo[i];
					limit++;
					if (p['promotion'] && limit<41) {
						ga('ec:addImpression', {
							'id': p['sku'],
							'name': p['name'],
							'brand': p['brand'],
							'position': p['position'],
							'list': d.promo.presentation ? analytics.utils.format_promo(p, d.promo.presentation)[0] : p['category']
						});
					}
				}
				if (d.event && d.event.match(/page_load|onclicking_Tab/)) {
					event_only = true;
					ga('send', 'event', 'Product Promotion', 'Impression', 'Upsell', opts);
				}
            }

			// Add to Cart
			if (d.event && d.event.match(/add-to-cart|add-to-trolley/)) {
				var label = ''; value = 0
				if (d.catalog) {
					ga('set', {'dimension11': d.catalog.replace(/_/g, ' > '), 'metric2': 1});			
					label = 'List';
					value = d.rank;
				}
				if (d.promo) {
					ga('ec:addProduct',{ 
						'id': d.promo['sku'], 
						'name': d.promo['name'], 
						'brand': d.promo['brand'],
						'position':d.promo['position']
					});
					ga('ec:setAction', 'add', {'list': d.promo['category']});
					label = 'Promotion';
				}
				if (d.product_details) 
					label = 'Product Details';
				if (d.search) 
					label = 'Search';
				if (d.my_usuals)
					label = 'My Usuals';
				if (d.my_orders)
					label = 'My Orders';	
				ga('send', 'event', 'Trolley', 'Add to Cart', label, value);
				event_only = true;
			}
			
			// Refunds
			if (d.refund) {
				ga('ec:setAction', 'refund', {'id': d.refund});				
				ga('send', 'event', 'Order', d.operation, d.reason);
				event_only = true;
			}
			
			// Check if user seen the spend stretch banner
			if (d.offer){
				opts['dimension20'] = d.offer;
			}

            if (!event_only) {
            	if (location.href.match(/[a-zA-Z0-9_.+-]+(@|%40)[a-zA-Z0-9-]+\.[a-zA-Z0-9-.]+/i)){
            		opts['page'] = location.pathname;
            	}	
	  	 		ga('send', 'pageview', opts);
	  	 	} 
        },
		wt_deferred_count: 8,
        wt_deferred_track: function(args){
        	// Caters for Webtrends object not being available
        	if (analytics.wt_deferred_count<1) return;
			if (typeof(Webtrends)=='undefined') {
				analytics.log('Attempt: '+analytics.wt_deferred_count)
				analytics.wt_deferred_count--;
				setTimeout(function(){analytics.wt_deferred_track(args);}, 1000);
			} else {
	            Webtrends.multiTrack(args);
	        }
        },
        wt: function (d) {
            var args = {'WT.dl': 50};
			var send_data = false;
			
            // Login
            if (d.login_event) {
				args['WT.z_signon'] = 'standard';
				send_data = true;					
			}

            // Add to Cart
            if (d.event == 'add-to-cart') {
				if (d.promo) {
					args['WT.z_promo'] = analytics.utils.format_promo(d.promo).join('|');
					args['WT.z_promo_event'] = 'add-to-cart';
					send_data = true;					
				}
				if (d.catalog) {
					args['WT.z_aisle'] = d.catalog;
					args['WT.z_aisle_event'] = 'add-to-cart';
					args['WT.z_aisle_item_rank'] = d.rank;
					send_data = true;					
				}
            }
            // Internal Campaign Impression Tracking 
            if  (d.int_campaign_i) {
                if (d.int_campaign_i && d.int_campaign_i.length > 0) {
                    args['WT.z_ic'] = [];
                    dojo.forEach(d.int_campaign_i, function(e) {
                        args['WT.z_ic'].push(e['name']);
                    });
                    args['WT.z_ic'] = args['WT.z_ic'].join(';');
                    args['WT.z_ic_event'] = 'impression';
					send_data = true;					
                }
            }
            
            // Internal Campaign Click Tracking
            if (d.int_campaign_c && !d.inline) {
				args['WT.z_ic'] = d.int_campaign_c;
				args['WT.z_ic_event'] = 'click';
				send_data = true;
            }
			
			// Promotions
			if (d.event && d.promo && d.event.match(/page_load|add-to-trolley|onclicking_Tab/)) {
				args['WT.z_promo_event'] = d.event=='add-to-trolley' ? 'add-to-cart': 'impression';
				var v = [];
                for (x in d.promo) {
					if (d.promo[x]['promotion']) {
						var dim = analytics.utils.format_promo(d.promo[x], d.promo['presentation']).join('|');
	                    v.push(dim);
						if (args['WT.z_promo_event']=='add-to-cart')
							analytics.utils.record_sku_cookie(dim);
					}
                }
				args['WT.z_promo'] = v.join(';');
				send_data = true;
			}
            
			if (send_data) {
				if (typeof(Webtrends)=='undefined') {
					analytics.wt_deferred_count = 8;
					setTimeout(function(){analytics.wt_deferred_track({args: args});}, 2000);
				} else {
					Webtrends.multiTrack({args: args});
				}
			}
        },
        fb: function(d){
        	var id, adid, send_data=false;
        	if (d.homepage) {
        		id = '502757';
        		adid = '125283';
        		send_data = true;
        	}
        	
        	if (send_data) {
				var img = new Image(1, 1);
				img.src = '//pixel.mathtag.com/event/img?mt_id='+id+'&mt_adid='+adid+'&v1=&v2=&v3=&s1=&s2=&s3='
			}
        },
        rm: function(d){
            if (d.registration_event || d.login_event) {
				require(["dojo/io/script"], function(script){
					var deferred = script.get({'url': '//www.googleadservices.com/pagead/conversion_async.js'});
					deferred.then(function(){
						window.google_trackConversion({
						  google_conversion_id: 1066356933, 
						  google_custom_params: {},
						  google_remarketing_only: true
						});				
					});
				});
			}
        },
        si: function(d){
        	var codes = {'PRODL':	'si-7-12', 
        				'PRODS':	'si-7-48',
        				'SVTL': 	'si-7-47',
        				'SVTS':		'si-7-43',
        				'SITL': 	'si-7-45',
        				'SIT': 		'si-7-42',
        				'DEV': 		'si-7-10'};
			window.Process180.GetSurveyInitiator(codes[d.env] ? codes[d.env] : 'si-7-12');
        },
        track: function (d) {
            analytics.ga(d);
            analytics.wt(d);
 			analytics.fb(d); 
 			analytics.rm(d); 
        },
        utils: {
            record_sku_cookie: function (dim) {
                var attr_window = 7 // Attribution window in days
                var sku = dim.match(/\|(\d+)-[^_]+$/)[1];
                dojo.cookie('pr-' + sku, dim, {
                    path: '/',
                    expires: attr_window
                });
            },
            format_promo: function(promo, presentation){
            	if (presentation) {
	    			return(['Upsell Page_' + promo['category'] + '_' + presentation, promo['promotion'], promo['sku'] + '-' + promo['brand'] + '-' + promo['name']]);
	    		} else {
					return([promo['category'], promo['sku'] + '-' + promo['name']]);
				}
			},
        },
        // Inline rules are required for Webtrends
        inline: function (d) {
        	// Environment
        	dojo.query('input[name="environmentKey"]').forEach(function(e){
        		d['env'] = e.value;
        	});
        		
    		//  Check for WT onLoadCookie
    		wtc = dojo.cookie('onLoadWebtrendsCookie');
    		if (wtc) {
    			// Detect localisation event
    			le = wtc.match(/WT.z_lclsrc":"([^"]+)"/);
    			if (le!=null && le.length==2)
    				d['localisation'] = le[1];
    		}
    
            // Browse Aisle and Search tracking
            if (dojo.query('body.browse, body.search').length>0) {
            	if (location.search.indexOf('searchTerm=')>0) {
	                d['catalog'] = 'Search_' + location.search.match(/searchTerm=([^$&]+)/)[1].replace(/\+/g, ' ').toLowerCase()+'_';
	                d['search'] = true;
					d.inline = true;
            	} else {
					aisle = location.pathname.match(/\/online\/[^\/]+\/([^\/]+)\/?([^\/]+)?\/?([^\/]+)?$/i);
					if (aisle!=null && aisle.length==4) {
						aisle.shift();
						for(var i=0; i<aisle.length; i++){
							if (aisle[i]==undefined)
								aisle[i]=='';
						}
						d['catalog'] = aisle.join('_');
						d.inline = true;
					}					
				}
            }

            // Internal Campaign Click Tracking with handling for localisation and login
			var url_path = location.pathname.match(/(\/[^\/]+)\/?$/i);
            // if ic_id is in the url then set cookie and the data layer
            var ic_u = location.search.match(/WT.ic_id=([^&$]+)/i);
            if (ic_u != null && ic_u.length == 2){
            	var date = new Date();
					date.setTime(date.getTime()+(3*60000)); // mins
				var exp = date.toGMTString(); 
				if (ic_u[1].match(/^mc_id$/i)){
					ic_u = location.search.match(/WT.mc_id=([^&$]+)/i);
				}    
				dojo.cookie('ic_id', ic_u[1]+"|"+url_path[1], {path: '/', expires: exp});
				d['int_campaign_c'] = ic_u[1]; 
                d['inline'] = true;
            }

            // if no ic_id on current page but cookie has ic_id then use cookie value then delete it
            var ic_c = dojo.cookie('ic_id');
            if (ic_u == null && ic_c != null && ic_c.match(url_path[1])) {
                ic_c = ic_c.split('|');
				d['int_campaign_c'] =  ic_c[0]; 
                d['inline'] = true;
                dojo.cookie('ic_id', '', {path: '/', expires: -1});
            }
            

            // Detect Product Details Page
            dojo.query('form#analytics-data-product-productdetails').forEach(function(e){
            	d['product_details'] = {
            		'id':   dojo.query('input[name="WT.pn_sku"]', e).val(),
            		'name': dojo.query('input[name="WT.cg_s"]',   e).val()
            	};
            });
            
			// Product Promotion Impression Tracking
			var position = 0;
			d['promo'] = {};
			dojo.query('body.home div.prodtile > form, body.search div.prodtile > form, body.browse div.prodtile > form').forEach(function(item){
				position++;
				var placement = item.id.replace(/_?catEntryForm_\d+$/, '').replace(/_/g, '-');
				dojo.query('span.marketedEspotDescription', item).forEach(function(element){placement='PREMIUM_ESPOT';});
				var promotion = (placement=='' && !d.int_campaign_c && !d.search) ? false : true;
				if (placement=='')
					placement = 'List';
				var p_category = (d.int_campaign_c || d.catalog || (d.product_details ? 'Product Details' : 'Home-Page'))+'|'+placement;
                dojo.query('div[data-refresh]', item).forEach(function (node) {
					if (node.getAttribute('data-refresh').match(/partNumber:\s+"(\d+)/m).length==2) {
						var p_sku 			= node.getAttribute('data-refresh').match(/partNumber:\s+"(\d+)/m)[1];
						var cat_entry_id 	= node.getAttribute('data-refresh').match(/catEntryId:\s+"(\d+)/m)[1];
						var links 			= dojo.query('div.detail a.product-url', node);
						var p_name 			= links[0].href.match(/[^$\/]+$/);
						if (d['promo']['catEntry_' + cat_entry_id]==null || promotion) {
							d['inline'] = true;
							d['promo']['catEntry_' + cat_entry_id] = {'category': p_category, 'sku': p_sku, 'name': p_name[0], 'promotion': promotion, 'position': position};
						}
					}
                });
			});

            // Write out inline elements to be collected by WT base tag
            if (d.inline) {
                document.write('<form id="analytics-data1" name="analytics-data" method="post" action="" class="hidden" aria-hidden="true">');
                if (d.catalog) {
                    document.write('<input type="hidden" name="WT.z_aisle" value="' + d.catalog + '">');
                    document.write('<input type="hidden" name="WT.z_aisle_event" value="impression">');
                }
                if (d.promo) {
                    var v = [];
                    for (x in d.promo) {
						if (d.promo[x]['promotion'])
	                        v.push(analytics.utils.format_promo(d.promo[x]).join('|'));
                    }
                    if (v.length>0) {
						document.write('<input type="hidden" name="WT.z_promo_event" value="impression">');
						document.write('<input type="hidden" name="WT.z_promo" value="' + v.join(';') + '">');
					}
                }
                if (d.int_campaign_c) {
                    document.write('<input type="hidden" name="WT.z_ic" value="' + d.int_campaign_c + '">');
                    document.write('<input type="hidden" name="WT.z_ic_event" value="click">');
                }
                document.write('</form>');
            }
        },
        rules: function (d, query, topic) {
            // External Campaign Tracking using WT parameter
            var ec = location.search.match(/WT.mc_id=([^&$]+)/i);
            if (ec != null && ec.length == 2) {
                d['ext_campaign_id'] = ec[1];
            }
            // Internal Campaign Impression Tracking 
            d['int_campaign_i'] = [];
            query('div.espot a[href*="WT.ic_id"]').forEach(function (link) {
                var pos = d.catalog ? d.catalog : '';
                var ic = link.getAttribute('href').match(/WT.ic_id(%3d|=)([^&$]+)/i);
                if (ic != null && ic.length == 3) {
                    d.int_campaign_i.push({
                        'name': ic[2],
                        'pos': pos
                    });
                }
            });

            // Detect Login event
            query('input[name="WT.z_signon"], div#myOffersElement[data-refresh*="justLoggedIn"]').forEach(function (e) {
				if ((e.name=='WT.z_signon' && document.referrer=='') || (e.id=='myOffersElement'))
	                d['login_event'] = 'from_ribbon';
            });

			// Set UserID
			var user_id = document.cookie.match(/WC_USERACTIVITY_([^=]+)/);
			if (user_id != null && user_id.length==2 && user_id[1]>0 && query('div.contact > a[title="Log out"]').length>0)
				d['user_id'] = user_id[1]; 

            // Detect Registration
            query('input[name="WT.z_regmeth"]').forEach(function (e) {
                d['registration_event'] = (e.value == 'register' ? 'from_ribbon' : 'from_checkout');
            });
            
            // Detect Home Page
            if (location.pathname.match(/^\/online\/national(\/?$|\/info\/first-shop-free-delivery$)/i))
            	d['homepage'] = location.pathname;

            // Localisation Data
            d['cust'] = 'personal';
            var x, l = dojo.cookie('analyticsCookie');
			if (l != undefined) {
				x = l.split('|');
				for (var i = 0; i < x.length; i++) {
					d[x[i].match(/WT.z_([^:]+):/)[1]] = x[i].match(/([^:$]+)$/)[1];
				}
			}

			// Order History Count
			var clv = dojo.cookie('analytics_clv');
			if (clv) {
				var clv_a = clv.split(';');
				if (clv_a.length==1 && d.login_event) {
					d['init_ohc'] = true;
					clv = '0;0';
				}
				dojo.cookie('analytics_clv', clv, {path: '/', expires: 365});
			} else {
				d['init_ohc'] = true;
				dojo.cookie('analytics_clv', '0', {path: '/', expires: 365});
			}
			
			// check if spend stretch banner appears
			if(dojo.query('div#myOffersElement ul#youroffers a').length > 0){
				d['offer'] = 'Offer Seen';
			}

            // Detect My Orders page        
            if (location.pathname.match(/\/AjaxOrderDetail/i)){
            	d['my_orders'] = true;
            }
            
            // Detect My Usuals page
            if (location.pathname.match(/\/AjaxAccountWishListDisplayView/i)){
            	d['my_usuals_list'] = true;
            }
            if (dojo.query('body.home').length > 0) {
            	query('div#my-usuals a.action-addToTrolley').on('click', function (e) {
	            	d['my_usuals_home'] = true;
            	});
            }
            
        },
        handlers: function (d, query, topic) {
            query('div#myAccount > button.action-register').on('click', function () {
                analytics.track({
                    'page': '/virtual/registration/open_registration_form'
                });
            });
            
            // Internal campaign tracking for localisation links
            query('div.espot a.action-localise[href*="WT.ic_id"]').on('click', function (e) {
				if (this.href) {
					var ic = this.href.match(/WT.ic_id=([^&$]+)/i);
					var args = {};
					if (ic != null && ic.length == 2) {
						args['int_campaign_c'] =  ic[1]; 
						analytics.track(args);
					}
				}
            });

            // Detect ajax request completions
            topic.subscribe('wcs/ajax/success', function (a, b) {
                analytics.log('wcs/ajax/success: ' + a.context);
                switch (a.context) {
					case 'productElement.trolleyAdd':
						var args = {
							'event': 'add-to-cart'
						};
						if (d.catalog) {
							var rank = parseInt(query('div[data-catentry^="catEntry_"]').indexOf(query('div[data-catentry="' + a.divId + '"]')[0]) + 1);
							if (rank) {
								args['rank'] = rank;
								args['catalog'] = d.catalog;
								if (d.page_offset) args['rank'] += d.page_offset;
							}
						}
						if (d.promo && d.promo[a.divId] && d.promo[a.divId]['promotion']) {
							args['promo'] = d.promo[a.divId];
							analytics.utils.record_sku_cookie(analytics.utils.format_promo(args.promo, null).join('|'));
						}
						if (d.product_details)
							args['product_details'] = true;
						if (d.search)
							args['search'] = true;
						if (d.my_usuals_home) {
							args['my_usuals'] = true;
							d.my_usuals_home = false;
						}
						if (d.my_usuals_list)
							args['my_usuals'] = true;
						if (d.my_orders)
							args['my_orders'] = true;
						var i=0; for (x in args){i++};		
						if (i>1)
							analytics.track(args);
						break;

					case 'refreshController.refreshArea':
						switch (a.serviceId) {
						case 'ColesCategoryView':
						case 'ColesSearchView':
							d['page_offset'] = parseInt(a.beginIndex)+query('div.genericESpot div.prodtile').length;
							break;
						}
						break;

	                case 'memberOrder.cancelOrder':
	                case 'memberOrder.modifyOrder.addItem':
               		case 'memberOrder.modifyOrder.changeTime':
               		case 'memberOrder.modifyOrder.changeFulfilment':
               		case 'memberOrder.modifyOrder.changePayment':
	                	var rc = dojo.cookie('oid_'+a.orderId);
	                	rc = (rc==undefined ? 0 : Number(rc))
	                	var args = {'refund': a.orderId+'-'+(rc==undefined ? 0 : rc)};
	                	switch (a.context) {
	                		case 'memberOrder.cancelOrder':
	                			args['operation'] = 'Cancelled';
	                			args['reason'] = '';
								break;

	                		case 'memberOrder.modifyOrder.addItem':
	                			args['operation'] = 'Modified';
	                			args['reason'] = 'Add Items';
								break;

	                		case 'memberOrder.modifyOrder.changeTime':
	                			args['operation'] = 'Modified';
	                			args['reason'] = 'Change Delivery Time';
								break;

	                		case 'memberOrder.modifyOrder.changeFulfilment':
	                			args['operation'] = 'Modified';
	                			args['reason'] = 'Change Fulfilment';
								break;

	                		case 'memberOrder.modifyOrder.changePayment':
	                			args['operation'] = 'Modified';
	                			args['reason'] = 'Change Payment Method';
								break;
	                	}
						if (args.operation=='Modified') 
							dojo.cookie('oid_'+a.orderId, rc+1, {path: '/', expires: 14});
						else
							dojo.cookie('oid_'+a.orderId, '', {path: '/', expires: -1});
						analytics.track(args);
						break;						
                }
            });
        },
        init: function (d) {
			(function(i,s,o,g,r,a,m){i['GoogleAnalyticsObject']=r;i[r]=i[r]||function(){
			(i[r].q=i[r].q||[]).push(arguments)},i[r].l=1*new Date();a=s.createElement(o),
			m=s.getElementsByTagName(o)[0];a.async=1;a.src=g;m.parentNode.insertBefore(a,m)
			})(window,document,'script','//www.google-analytics.com/analytics.js','ga');

			// Override push method on dataLayer Array so we can process event data being added to the dataLayer
			window.dataLayer = window.dataLayer || [];
			window.dataLayer.push = function(){
				var result = Array.prototype.push.apply(this,arguments);
				if (result>0 && arguments!=undefined && arguments.length>0 && arguments[0].event) {
					analytics.log('Event pushed to dataLayer');
					var d = analytics.d, a;
					while (window.dataLayer!=undefined && window.dataLayer.length>0) {
						a = window.dataLayer.shift();
						for (var p in a) {
							d[p] = a[p];
						}
					}
					try {
						analytics.d = d;
						analytics.log('DataLayer:', d);
						analytics.track(d);
					} catch (e) {
						analytics.log(e);
						analytics.ga({
							'exception': e.message
						});
					}
				}
				return result;
			}

            analytics.inline(d);

// 			require(["dojo/io/script"], function(script){
// 				var deferred = script.get({'url': '//si.process180.com/js/surveyinitiator.pack.js'});
// 				deferred.then(function(){analytics.si(d)});
// 			});

            require(['dojo/query', 'dojo/topic', 'dojo/domReady!'], function (query, topic) {
                try {
                    analytics.handlers(d, query, topic)
                    analytics.rules(d, query, topic);
                    analytics.track(d);
                } catch (e) {
                    analytics.log(e);
                    analytics.ga({
                        'exception': e.message
                    });
                }
            });
        }
    };
    if (active)
        analytics.init(analytics.d);

})(true); // version 1.6-31
</script><form id="analytics-data1" name="analytics-data" method="post" action="" class="hidden" aria-hidden="true"><input type="hidden" name="WT.z_aisle" value="meat-seafood-deli_meat-seafood-deli_"><input type="hidden" name="WT.z_aisle_event" value="impression"><input type="hidden" name="WT.z_promo_event" value="impression"><input type="hidden" name="WT.z_promo" value="meat-seafood-deli_meat-seafood-deli_|CAT-All-Product-1|2020520-lilydale-free-range-satay-chicken-breast-skewers;meat-seafood-deli_meat-seafood-deli_|CAT-All-Product-1|2020428-lilydale-free-range-chicken-breast-schnitzel"></form>
            </div>
        


</div>


</div>

<div class="espot hidden">
	

<div data-analytics="center-middle" class="genericESpot" id="WC_ContentAreaESpot_div_1_" style="width: 950px; min-height: 0px; ">
	
	    <p class="caption" style="display:none" id="WC_ContentAreaESpot_div_2_">[GLOBAL_All_Content_1]</p>   
	


</div>


</div>


<div id="footer" class="rounded">
	<div class="pageBottom">
		<div></div>
	</div>
	<div class="layout-25-25-25-25">
		<div class="column-1">
			<div class="plain-box">
				<h2>Shop online</h2>
				<ul>
					<li>
						<a href="http://shop.coles.com.au/online/national/specials-offers" title="Specials">Specials</a>
					</li>
					<li>
						<a href="http://shop.coles.com.au/online/national/promo/all" title="Promotions">Promotions</a>
					</li>
					<li>
						<a href="https://shop.coles.com.au/online/ColesMyListsView?catalogId=10576&amp;urlLangId=-1&amp;langId=-1&amp;storeId=10601" title="Shopping lists">Shopping lists</a>
					</li>
					<li>
						<a href="http://shop.coles.com.au/online/national/info/recipes" title="Recipes">Recipes</a>
					</li>
					<li>
						<div class="espot">
							

<div data-analytics="suppress-webtrends" class="genericESpot" id="WC_ContentAreaESpot_div_1_10655" style="min-height: 0px; ">
	
	    <p class="caption" style="display:none" id="WC_ContentAreaESpot_div_2_10655">[FOOTER_All_Content_1.1]</p>   
	
            <div class="ad" id="ad_10655">
        <style>

.footer-custom {
margin-bottom: 5px;
}
</style>
            </div>
        
            <div class="ad" id="ad_10655">
        
                            <a id="WC_ContentAreaESpot_links_7_2" href="http://shop.coles.com.au/webapp/wcs/stores/servlet/ClickInfo?evtype=CpgnClick&amp;mpe_id=10655&amp;intv_id=46101&amp;storeId=10601&amp;catalogId=10576&amp;langId=-1&amp;URL=ColesContentTemplateView%3ferrorViewName%3dProductDisplayErrorView%26contentType%3dcoles-mastercard-offer">
                        <div class="footer-custom">Coles Mastercard</div>               
                            </a>
                        
            </div>
        
            <div class="ad" id="ad_10655">
        
                            <a id="WC_ContentAreaESpot_links_7_3" href="http://shop.coles.com.au/webapp/wcs/stores/servlet/ClickInfo?evtype=CpgnClick&amp;mpe_id=10655&amp;intv_id=46101&amp;storeId=10601&amp;catalogId=10576&amp;langId=-1&amp;URL=ColesContentTemplateView%3ferrorViewName%3dProductDisplayErrorView%26contentType%3dcompetition-winners">
                        <div class="footer-custom">Competitions &amp; Winners</div>
               
                            </a>
                        
            </div>
        
            <div class="ad" id="ad_10655">
        <div class="footer-custom"><a href="/online/mobile/national/">Mobile site</a></div>

            </div>
        


</div>


						</div>					
					</li>
				</ul>
			</div>
		</div>
		<div class="column-2">
			<div class="plain-box">
				<h2>Getting started</h2>
				<ul>
					<li>
						<a href="http://shop.coles.com.au/online/national/info/about-us" title="About us">About us</a>
					</li>
					<li>
						<a href="http://shop.coles.com.au/online/national/info/home-delivery" title="Home delivery">Home delivery</a>
					</li>
					<li>
						<a href="http://shop.coles.com.au/online/national/info/click-collect" title="Click &amp; Collect">Click &amp; Collect</a>
					</li>
					<li>
						<div class="espot">
							

<div data-analytics="suppress-webtrends" class="genericESpot" id="WC_ContentAreaESpot_div_1_10656" style="min-height: 0px; ">
	
	    <p class="caption" style="display:none" id="WC_ContentAreaESpot_div_2_10656">[FOOTER_All_Content_1.2]</p>   
	
            <div class="ad" id="ad_10656">
        
                            <a id="WC_ContentAreaESpot_links_7_1" href="http://shop.coles.com.au/webapp/wcs/stores/servlet/ClickInfo?evtype=CpgnClick&amp;mpe_id=10656&amp;intv_id=10054&amp;storeId=10601&amp;catalogId=10576&amp;langId=-1&amp;URL=ColesContentTemplateView%3ferrorViewName%3dProductDisplayErrorView%26contentType%3dremote-delivery">
                        <div class="footer-custom">Remote delivery</div>

<!--Feedbackify-->
<script type="text/javascript">
var fby = fby || [];
fby.push(['setDevice', 'desktop']);
fby.push(['showTab', {id: '4121', position: 'left', color: '#FF1F3A'}]);
(function () {
    var f = document.createElement('script'); f.type = 'text/javascript'; f.async = true;
    f.src = '//cdn.feedbackify.com/f.js';
    var s = document.getElementsByTagName('script')[0]; s.parentNode.insertBefore(f, s);
})();
</script>



<!-- Error page tag-->
<script>
require(["coles/common/environment"], function(env){
	env.WT_ID = 'dcss9egqp00000sthfwe6qrxc_3j1n';
});
require(["dojo/ready", "dojo/query", "dojo/topic", "coles/common/analytics", "dojo/domReady!"], function(ready, query, topic, analytics){
	ready(function(){
		if (query("title").text().match(/^Error/i)) {
			var ec = query("input[name='WT.z_errorcode']").val();
			var mg = query("div.coles-error span").text()
			topic.publish("coles/common/analytics/send", {
				 "WT.cg_n": "Error",
				 "WT.cg_s": "Error - "+ec+' - '+mg,
				 "WT.z_errorcode": ec+' - '+mg
			});  
		}
	});
});
</script>

               
                            </a>
                        
            </div>
        
            <div class="ad" id="ad_10656">
        
                            <a id="WC_ContentAreaESpot_links_7_2" href="http://shop.coles.com.au/webapp/wcs/stores/servlet/ClickInfo?evtype=CpgnClick&amp;mpe_id=10656&amp;intv_id=10054&amp;storeId=10601&amp;catalogId=10576&amp;langId=-1&amp;URL=ColesContentTemplateView%3ferrorViewName%3dProductDisplayErrorView%26contentType%3dfreshness-guarantee">
                        <div class="footer-custom">Freshness Guarantee</div>
               
                            </a>
                        
            </div>
        


</div>


						</div>
					</li>
				</ul>
			</div>
		</div>
		<div class="column-3">
			<div class="plain-box">
				<h2>Customer service</h2>
				<ul>
					<li>
						<a href="http://shop.coles.com.au/online/national/info/payment-and-pricing" title="Payment options">Payment options</a>
					</li>
					<li>
						<a href="http://shop.coles.com.au/online/national/info/customer-agreement" title="Customer agreement">Customer agreement</a>
					</li>
					<li>
						<a href="http://shop.coles.com.au/online/national/info/privacy-policy" title="Privacy policy">Privacy policy</a>
					</li>
					<li>
						<a href="http://shop.coles.com.au/online/national/info/product-recall" title="Product recall">Product recall</a>
					</li>
					<li>
						<a href="http://shop.coles.com.au/online/national/info/changes-cancellations-and-returns" title="Changes, cancellations and returns">Changes, cancellations and returns</a>
					</li>
					<li>
						<div class="espot">
							

<div data-analytics="suppress-webtrends" class="genericESpot" id="WC_ContentAreaESpot_div_1_10657" style="min-height: 0px; ">
	
	    <p class="caption" style="display:none" id="WC_ContentAreaESpot_div_2_10657">[FOOTER_All_Content_1.3]</p>   
	
            <div class="ad" id="ad_10657">
        <a class="footer-custom" href="/online/national/info/business-accounts-and-orders">Business accounts and orders</a>
<a class="footer-custom" href="/online/national/info/accessibility-guide">Accessibility Guide</a>
<a class="footer-custom" href="/online/national/info/help"> Help </a>
            </div>
        


</div>


						</div>					
					</li>
				</ul>
			</div>
		</div>
		<div class="column-4">
			<div class="plain-box">
				<h2>Contact</h2>
				<ul>
					<li>
						<a href="http://shop.coles.com.au/online/national/contact-us" title="Contact us">Contact us</a>
					</li>
					<li>
						<a href="http://www.facebook.com/coles" target="_blank" title="Follow us on Facebook">Follow us on Facebook</a>
					</li>
					<li>
						<a href="http://www.twitter.com/coles" target="_blank" title="Follow us on Twitter">Follow us on Twitter</a>
					</li>
					<li>
						<a href="http://blog.colesonline.com.au" target="_blank" title="Read our blog">Read our blog</a>
					</li>
					<li>
						<a href="http://www.coles.com.au/Stores-Services/Locations-trading-hours.aspx" target="_blank" title="Store locator">Store locator</a>
					</li>
					<li>
						<a href="http://shop.coles.com.au/online/national/sitemap" title="Site map">Site map</a>
					</li>
					<li>
						<div class="espot">
							

<div data-analytics="suppress-webtrends" class="genericESpot" id="WC_ContentAreaESpot_div_1_10658" style="min-height: 0px; ">
	
	    <p class="caption" style="display:none" id="WC_ContentAreaESpot_div_2_10658">[FOOTER_All_Content_1.4]</p>   
	
            <div class="ad" id="ad_10658">
        <style> 
body {
    background: url("/wcsstore/ColesStorefrontAssetStore/images/-catimg/2014/12/20141229-summer-skins.jpg") no-repeat fixed center top transparent !important;
}
</style>
            </div>
        
            <div class="ad" id="ad_10658">
        
<style type="text/css">
/* CSS fix for menu spacing */
.megamenu > ul > li > a {
    padding: 7px 5px 4px 7px;
}
/* CSS update for bakery description trial */
.bakeHide span:nth-child(3) {
      display:none!important;
    }
/* CSS fix for product details tab */
.tab-content {
    height: auto;
}

</style>
            </div>
        
            <div class="ad" id="ad_10658">
        <!--This script and CSS is to limit the number of banners displayed in CAT_All_Product_1 espot to only 1. -->

<script>
dojo.query("div[id='ad_28651']").forEach(function(e, i) {if (i>0) dojo.query(e).addClass('banner-limiter');});
dojo.query("div[id='ad_29672']").forEach(function(e, i) {if (i>0) dojo.query(e).addClass('banner-limiter');});
</script>

<style>
.banner-limiter
 {
display: none;
}
</style>

            </div>
        
            <div class="ad" id="ad_10658">
        <!-- code to change e-spot minimum height -->
<script>

require([ "dojo/query", "dojo/NodeList-dom", "dojo/domReady!" ], function(query) {
    query('div.genericESpot').style( "minHeight", "0px" );
});


</script>


            </div>
        


</div>


						</div>					
					</li>
				</ul>
			</div>
		</div>
		<div class="clear"></div>
	</div>
</div>





















	
















<noscript>
	&lt;img alt="dcsimg" id="dcsimg" width="1" height="1" src="//statse.webtrendslive.com/dcs0fzq7nvz5bdjd7j90tn8ii_1d3g/njs.gif?dcsuri=/nojavascript&amp;amp;WT.js=No&amp;amp;WT.tv=10.2.0&amp;amp;dcssip=www.colesonline.com.au"/&gt;
</noscript>

<script defer="">
// Push store text into JavaScript
require(["coles/components/message"], function(message){

	
	message.set('GLOBAL_VALIDATION_MSG', 'To continue, please see the fields below, which still require your attention.');
	
	message.set('ERR_MANDATORY_1000', 'Please enter a value.');
	
	message.set('ERR_MANDATORY_1010', 'Please select a value.');
	
	message.set('ERR_MANDATORY_1020', 'Please choose from one of the options provided.');
	
	message.set('ERR_FORMAT_1026', 'You can only use letters, numbers, hyphens, apostrophes, spaces in [field].');
	
	message.set('ERR_MANDATORY_1030', 'Please enter a mobile number so you can receive SMS messages from us.');
	
	message.set('ERR_FORMAT_1000', 'You can only use letters and numbers in this field.');
	
	message.set('ERR_FORMAT_1010', 'You can only use letters, hyphens, apostrophes and spaces in [field].');
	
	message.set('ERR_FORMAT_1015', 'You can only use letters, hyphens, apostrophes, spaces in [field].');
	
	message.set('ERR_FORMAT_1020', 'You can only use numbers in [field].');
	
	message.set('ERR_FORMAT_1025', 'You can only use letters, numbers, hyphens, apostrophes, spaces and commas in [field].');
	
     message.set('ERR_FORMAT_1027', 'You can only use letters, numbers, hyphens, ampersand, apostrophes, spaces and commas in [field].');

	
	message.set('ERR_FORMAT_1030', '[field] must contain a valid password.');
	
	message.set('ERR_FORMAT_1040', 'This email address doesn&#039;t appear to be valid. Please make sure to enter an email address like name@example.com.');
	
	message.set('ERR_FORMAT_1050', '[field] must contain a valid phone number.');
	
	message.set('ERR_FORMAT_1055', 'You can only use letters, numbers, hyphens, underscores, spaces, full stop and commas for your delivery instructions.');
	
	message.set('ERR_FORMAT_1050_MOBILE', '[field] must contain a valid mobile phone number.');
	
	message.set('ERR_FORMAT_1050_LANDLINE', '[field] must contain a valid landline phone number.');
	
	message.set('ERR_FORMAT_1060', '[field] must contain a valid ABN number.');
	
	message.set('ERR_FORMAT_1070', 'This number doesn&#039;t appear to be valid. Please enter the number that appears under the barcode in the bottom righthand corner on the back of your card.');
	
	message.set('ERR_FORMAT_1080', '[field] must contain a valid postcode.');
	
	message.set('ERR_FORMAT_1090', '[field] must contain a valid promotion code.');
	
	message.set('ERR_FORMAT_1100', '[field] must contain a valid number.');
	
	message.set('ERR_FORMAT_1200', '[field] must contain a valid date in the format dd/mm/yyyy.');
	
	message.set('ERR_VALUE_1000', 'The minimum value allowable in [field] is [value].');
	
	message.set('ERR_VALUE_1010', 'The maximum value allowable in [field] is [value].');
	
	message.set('ERR_VALUE_1020', 'The date cannot be greater than today&#039;s date.');
	
	message.set('ERR_LENGTH_1000', '[field] must have less than or equal to [value] characters.');
	
	message.set('ERR_LENGTH_1010', '[field] must be exactly [value] characters.');
	
	message.set('ERR_CONSTRAINT_1000', 'This email is already registered.');
	
	message.set('ERR_CONSTRAINT_1010', 'This password doesn&#039;t match the one entered.');
	
	message.set('ERR_CONSTRAINT_1020', 'This nickname has already been used by another address in your account, it must be unique.');
	
	message.set('ERR_LENGTH_1050', 'You cannot enter more than 400 characters for your delivery instructions. Please shorten your instructions before proceeding.');	

	message.set('GLOBAL_COLLAPSE_TEXT', '[-]');

	
	message.set('GLOBAL_COLLAPSE_ALT_TEXT', 'Collapse this section');

	
	message.set('GLOBAL_EXPAND_TEXT', '[+]');

	
	message.set('GLOBAL_EXPAND_ALT_TEXT', 'Expand this section');

	
	message.set('GLOBAL_LNK_EXPAND', 'Expand all');

	
	message.set('GLOBAL_LNK_COLLAPSE', 'Collapse all');	

	
	message.set('GLOBAL_LNK_ALT_EXPAND', 'Expand all');

	
	message.set('GLOBAL_LNK_ALT_COLLAPSE', 'Collapse all');		

	
	message.set('MBR_160_TOOLTIP_ADDRESS', 'You can arrange delivery to more than one address, such as a relative&#039;s house or a holiday house. Let us know the address for this list.');
	
	
	message.set('MBR_160_TOOLTIP_LIST', 'To make your shopping even easier, everything you order with Coles online goes into a master list called &#034;My usuals&#034;. It&#039;s automatically created for you as you shop. Use it to add items straight to your trolley with just one click.');

	
	message.set('SUCCESS_MBR_150', '<strong>Order cancelled</strong><br/>Your order, which was to be delivered on [input_0], has been cancelled.');

	
	message.set('SUCCESS_MBR_160', '<strong>List created</strong><br/>The following shopping list has been saved to your account:<br/>[input_0]');

	
	message.set('SUCCESS_ADD_ALL_TO_TROLLEY', '<strong>All items added!</strong><br/>All of the items in the following list have been added to your trolley for this order.');

	
	message.set('SUCCESS_MBR_163', '<strong>List deleted</strong><br/>The following list has been deleted:<br/>[input_0]');

	
	message.set('SUCCESS_MBR_164', '<strong>Changes saved</strong><br/>Your changes to this order have been saved.');

	
	message.set('SUCCESS_MBR_170', 'The item has been added to your list:<br/>[input_0]');
	
	
	message.set('GLOBAL_TXT_COLLECT_TIME_WARNING', "Looks like your collection time reservation is about to expire! Check out now to keep this time. ");
	
	
	message.set('GLOBAL_TXT_COLLECT_TIME_EXPIRED', "Your order was not placed in time for the collection time you chose. Please reserve a new time for this order.");

	
	message.set('GLOBAL_TXT_DELIVERY_TIME_WARNING', "Looks like your delivery time reservation is about to expire! Check out now to keep this time. ");
	
	
	message.set('GLOBAL_TXT_DELIVERY_TIME_EXPIRED', "Your order was not placed in time for the delivery time you chose. Please reserve a new time for this order.");

	
	
	message.set('SEARCH_PAGE_SIZE_COOKIE', 'ColesSearchPageSizeCookie');

	
	message.set('SEARCH_PAGE_SIZE_DEFAULT', '20');
	
	
	message.set('SEARCH_VIEW_COOKIE', 'ColesSearchViewCookie');
	
	
	message.set('COLES_SORT_COOKIE', 'ColesSortCookie');
	
	
	message.set('COLES_SORT_COOKIE_VALIDITY', '30');

	
	message.set('GLOBAL_LNK_ADD_TO_COMPARE', 'Compare');

	
	message.set('GLOBAL_LNK_ALT_ADD_TO_COMPARE', 'Compare products');

	
	message.set('GLOBAL_LNK_REMOVE_FROM_COMPARE', 'Compared');

	
	message.set('GLOBAL_LNK_ALT_REMOVE_FROM_COMPARE', 'Compared');

	
	message.set('COMPARE_SPAN_PRODS', 'Compare items');

	
	message.set('COMPARE_COOKIE_PREFIX', 'CompareItems_');

	
	message.set('COMPARE_TXT_TOOLTIP_FULL', 'Sorry, you can only compare up to four products at a time.');

	
	message.set('CAT_200_LNK_ALT_ITEM', 'Shopping list item');

	
	message.set('CAT_200_LNK_ALT_CURRENT', 'Current shopping list item');

	
	message.set('CAT_200_LNK_ALT_COMPLETED', 'Completed list item');

	
	message.set('CAT_200_LNK_NEXT', 'Next');

	
	message.set('CAT_200_LNK_PREVIOUS', 'Previous');

	
	message.set('ERR_QAS_DOWN', "System is currently unavailable, please try again shortly. [CLOSE_OVERLAY]");
	
	
	message.set('QAS_USE_ENTERED_ADDRESS', "Select address as entered");
	
	
	message.set('QAS_OR', "&#150;&#150;&#150; OR &#150;&#150;&#150;");

	
	message.set('GLOBAL_LNK_ALT_TOOLTIP_CLOSE', "Close");
	
	
	message.set('ORD_TOOLTIP_SUBSTITUTIONS', "<p>Occasionally, a product you order may be temporarily unavailable. When this happens and you&rsquo;ve ticked the substitutions box, our shoppers will select a comparable product for you, such as a different brand or size. Substitute items are charged at the lower of the original or the substitute price.</p>");

	
	message.set('PREDICTIVE_SEARCH_KEYWORDS', "Items:");

	
	message.set('PREDICTIVE_SEARCH_CATEGORY', "Aisles:");

	
	message.set('PREDICTIVE_SEARCH_BRAND', "Brands:");

	
	message.set('PREDICTIVE_SEARCH_HISTORY', "History:");
	
	
	message.set('GLOBAL_PROD_UNAVAILABLE', "Product is unavailable");

	
	message.set('ORD_100_MSG_MAXIMUM', "Your trolley has been updated with the maximum product amount.");

	
	message.set('CMP_800_TOOLTIP_REMEMBER_LIST', "Here's your list from last time");

	
	message.set('CMP_850B_TXT', "<strong>Success!</strong><br/>You&rsquo;re now on our mailing list for postcode ");

	
	message.set('CMP_850C_TXT', "<strong>There was a problem and we have not been able to gather your information.</strong><br/>Please try subscribing later.");
	
	
	message.set('GLOBAL_REDEMPTION', "{RedemptionLimit} is the limit. You can order up to {RedemptionLimit} items. We&rsquo;ve added {RedemptionLimit} items to your cart.");

	
	message.set('ORD_400_PAYMENT_SELECTION_TXT', "Select a payment method:");

	
	message.set('ORD_400_CUST_AGREE_TXT', "You must accept our customer agreement before you can place your order.");

	
	message.set('ERR_LOCALISATION_POSTCODE', "You must select a location from the list in order to continue. If your suburb or postcode is not in the list, the new-look Coles online may not be available in your area yet.");

	// Begin: CR#60246 | My Usuals & Personal Lists
	
	
	message.set('MBR_162_MYUSUALS_TOOLTIP_VIEW_BY', "<div><strong>Viewing your products</strong><br /><p>You can view the products in your 'My usuals' list by product name or category</p></div>");
	
	
	message.set('MBR_162_PERSONALS_TOOLTIP_VIEW_BY', "<div><strong>Viewing your products</strong><br /><p>You can view the products in your 'My personal' lists by product name or category</p></div>");
	
	
	message.set('MY_LISTS_PAGE_SIZE_COOKIE', 'ColesMyListsPageSizeCookie');
	
	// End: CR#60246 | My Usuals & Personal Lists
	
	//CR 60099 Flybuys Shopping History Start
	
	
	message.set('PAGE_CODE_COOKIE', "flybuyCode");
	
	//CR 60099 Flybuys Shopping History End
	
	// Begin: CR#54310 | COL - Free delivery for Coles MasterCard holders //
	
	
	message.set('ORD_340_TXT_CONDITIONS_TOOLTIP', "???ORD_340_TXT_CONDITIONS_TOOLTIP???");
	
	// End: CR#54310 | COL - Free delivery for Coles MasterCard holders //
	
	
	message.set('WINDOW_DISABLED_WARNING_TXT', "The reserved time and price is not available for delivery. Please choose a time and price that suits you.");
	
	message.set('_DM_WINDOW_DISABLED_FAILURE', "Your reserved window is not available for delivery, Please select a new delivery Window for successful order submission.");
	
	
	// Begin: US2931 | Desktop Integration with RHS Trolley //
	
	message.set('CRT_100_TXT_REDEMPTION', "The most you can order is {RedemptionLimit}");
	
	message.set('CRT_100_TXT_INVALID_QUANTITY', "Sorry, that's not a valid quantity");
	
	// End: US2931 | Desktop Integration with RHS Trolley //
	
});
</script> 
  
			</div>
		</div>
	

<div id="viewTrolleyPanel" role="dialog" aria-hidden="true" tabindex="-1" class="popup pageShadow trolleyPanel slider " aria-labelledby="rhsHeader-dialog-title" style="">
	<div class="holdFocus accessibility" id="holdFocusId"><p tabindex="-1">&nbsp;</p></div>
	<div class="announceProgress accessibility" id="announceProgressId"><p tabindex="-1">&nbsp;</p></div>
	<div id="rhsHeader-dialog-title">
		<span class="accessibility">
			pop up box displayed&nbsp; Trolley
		</span>
	</div>
	<div role="presentation" aria-hidden="true" class="trolleyTab-rhs">
		<a role="button" href="#viewTrolleyPanel" class="popup-close">
			trolley
		</a>		
	</div>
	 
	
		<div class="trolleyWrapper">
			<div id="viewTrolleyHeaderData" class="trolleyHeaderWrapper">
				<div class="trolleyHeader">
					<div id="rhsHeader" class="thcolumn-1">
						<div class="accessibility" id="trolleyDialogHeader"><p tabindex="-1">&nbsp;</p></div>
						<h2 tabindex="0" class="dialogbox-start init-focus">Trolley</h2>
					</div>
					<div class="thcolumn-2">
						<p>	
							<br>
							<span class="nItems">0 items</span>
							<span class="accessibility"> in your trolley</span>
						</p>				
					</div>
					<div class="thcolumn-3">
						<br>
						<a id="rhsClose" class="xTrolley popup-close" href="#viewTrolleyPanel">Close 
							<span class="accessibility"> this pop up dialog box</span>
						</a>
					</div>
				</div>
			</div>
			<div class="emptyTrolleyWrapper"> 
				<div id="emptyTrolley" tabindex="-1" class="emptyTrolley">
					<div class="emptyTrolleyInner">						
						<h3><span class="spriteicons trolleyIcon"></span>Your trolley is empty</h3>
						<span class="accessibility"></span>
						<a href="#viewTrolleyPanel" class="popup-close">Start shopping<span class="accessibility"></span></a>
					</div>
				</div>
			</div>	
		</div>
	
	<div class="dialogbox-end" tabindex="0">
    	<span class="accessibility">end of pop up dialog box</span>
    </div>
 </div><div id="logIn" class="popup rounded pageShadow popup-https" aria-labelledby="logIn-dialog-title" aria-hidden="true">	
	
	<div id="logIn-dialog-title">		
		<span class="accessibility">pop up box displayed&nbsp;Login</span>
	</div>	
	<h1 tabindex="0" class="dialogbox-start init-focus">
		<span>Log</span>&nbsp;In
	</h1> 
	<div class="close pageShadow">
		<a href="#logIn" class="popup-close" title=""> 
			Close this pop up dialog box
		</a>
	</div>
	
	
	<div class="messageArea"></div>
	 

<form method="POST" name="logInForm" action="https://shop.coles.com.au/online/Logon?catalogId=10576&amp;langId=-1&amp;storeId=10601" id="logInForm" class="formLayout">
	<input type="hidden" name="authToken" value="">
	<input type="hidden" name="reLogonURL" value="LogonForm" id="WC_AccountDisplay_FormInput_reLogonURL_In_Logon_1">
    <input type="hidden" name="myAcctMain" value="">
	<input type="hidden" name="updatePrices" value="0" id="WC_AccountDisplay_FormInput_updatePrices_In_Logon_1">
	<input type="hidden" name="errorViewName" value="LogonForm" id="WC_AccountDisplay_FormInput_errorViewName_In_Logon_1">                                 
	<input type="hidden" name="previousPage" value="logon" id="WC_AccountDisplay_FormInput_previousPage_In_Logon_1">
	<input type="hidden" name="returnPage" value="http://shop.coles.com.au/webapp/wcs/stores/servlet/national/meat-seafood-deli/meat-seafood-deli/" id="WC_AccountDisplay_FormInput_returnPage_In_Logon_1">
	<input type="hidden" name="storeFrontUser" value="true" id="WC_AccountDisplay_FormInput_storeFrontUser_In_Logon_1">
	<input type="hidden" name="channel" value="BeginDesktopCheckout">
	<input type="hidden" name="loginPage" value="LoginFromReviewTrolleyPage">
	<input type="hidden" name="URL" value="https://shop.coles.com.au/online/OrderItemMove?cmdStoreId=10401&amp;moveAutoAddedOrderItems=1&amp;updatePrices=1&amp;moveOrderPromotionCode=1&amp;calculationUsageId=-1&amp;calculationUsageId=-2&amp;calculationUsageId=-7&amp;createIfEmpty=0&amp;deleteIfEmpty=*&amp;continue=1&amp;toOrderId=.&amp;fromOrderId=*&amp;URL=https%3A%2F%2Fshop.coles.com.au%2Fonline%2FOrderCalculate%3FcmdStoreId%3D10401%26calculationUsageId%3D-1%26calculationUsageId%3D-2%26calculationUsageId%3D-7%26updatePrices%3D1%26catalogId%3D10576%26langId%3D-1%26storeId%3D10601%26URL%3Dhttp%253A%252F%252Fshop.coles.com.au%252Fwebapp%252Fwcs%252Fstores%252Fservlet%252Fnational%252Fmeat-seafood-deli%252Fmeat-seafood-deli%252F" id="logonURL">
	
			<input type="hidden" name="flowprocess" value="" id="flowprocess">
		

	<div class="wrap">
		<div class="row">
			<label for="logonId" class="w-45">Email address:</label> 
		   
			<input class="w-80 v-mandatory v-email v-maxchars-50 init-focus" type="email" autocorrect="off" name="logonId" id="logonId" value="" aria-required="true">
			 <span><a href="http://shop.coles.com.au/online/national/info/help-logging-in">Not sure which email to use?</a></span>
			
		</div>
		<div class="row">
			<label for="logonPassword" class="w-100">Password:</label>
			<input class="w-50 v-mandatory" name="logonPassword" type="password" id="logonPassword" autocomplete="off" aria-required="true">
			
				<a href="#forgotPassForm" class="btn popup-launch" title="">Forgot your password?</a>
			
		</div>
		<div class="row">
		
		</div>
     
		<div class="clear"></div>
	</div>
	<input type="submit" class="btn-grey" value="Log in" title="Log in" name="btnLogin">
	
	
		<a href="#logIn" class="btn popup-close" title="Cancel">Cancel</a>
	 
	
	<div class="clear"></div>
	
		<hr>
		<p>Don't have an account yet? <a href="#register" class="popup-launch action-register" title="Register for an account">Register now</a></p>
		
</form>
<form id="analytics-data-logIn" name="analytics-data-logIn" method="post" action="" class="hidden" aria-hidden="true">
<input type="hidden" name="DCS.dcsuri" value="/logIn">
<input type="hidden" name="WT.cg_n" value="Register">
<input type="hidden" name="WT.ti" value="Login">
</form> 
    <div class="dialogbox-end" tabindex="0">
		<span class="accessibility">end of pop up dialog box</span>
	</div>
	    
</div><div id="register" class="popup rounded pageShadow popup-https" aria-labelledby="register-dialog-title" aria-hidden="true">
	
	<div id="register-dialog-title">		
		<span class="accessibility">pop up box displayed&nbsp; Registration</span>
	</div>	
	
	<h1 tabindex="0" class="dialogbox-start init-focus">
		<span>Register</span> 
	</h1>
	<div class="close pageShadow">
		<a href="#register" class="popup-close" title="">Close this pop up dialog box</a>
	</div>
	<div class="messageArea"></div>
	
<form id="registerForm" class="formLayout" method="post" action="https://shop.coles.com.au/online/UserRegistrationAdd?catalogId=10576&amp;langId=-1&amp;storeId=10601">
	<input type="hidden" name="authToken" value="">
	<input type="hidden" name="redirectUrl" value="">
	<input type="hidden" name="errorViewName" value="UserRegistrationAddFormView" id="WC_UserRegistrationAddForm_FormInput_errorViewName_In_Register_1">
	<input type="hidden" name="storeId" value="10601" id="WC_UserRegistrationAddForm_FormInput_storeId_In_Register_1">
    <input type="hidden" name="catalogId" value="10576" id="WC_UserRegistrationAddForm_FormInput_catalogId_In_Register_1">
	<input type="hidden" name="suburbPostCodeId" value="">
	<input type="hidden" name="serviceType" value="">
	<input type="hidden" name="inputSuburbPostCodeId" value="">
	<input type="hidden" name="externalffmcId" value="">	
	<input type="hidden" name="state" value="">	
	<input type="hidden" name="score" value="">	
	<input type="hidden" name="collectionpoint" value="">	
	<input type="hidden" name="suburb" value="">	
	<input type="hidden" name="zoneId" value="">	
	<input type="hidden" name="zipCode" value="">	
	<input type="hidden" name="postcode" value="">
	<input type="hidden" name="country" value="AU">	
	<input type="hidden" name="longitude" value="">	
	<input type="hidden" name="latitude" value="">
	<input type="hidden" name="stlocId" value="">	
	<input type="hidden" name="URL" value="http://shop.coles.com.au/webapp/wcs/stores/servlet/national/meat-seafood-deli/meat-seafood-deli/" id="registerURL">
	<input type="hidden" name="returnPage" value="http://shop.coles.com.au/webapp/wcs/stores/servlet/national/meat-seafood-deli/meat-seafood-deli/">
	
	<input type="hidden" name="flybuysShoppingHistoryToken" value="1">
	<input type="hidden" name="registerCode" value="register">
	
	<div class="wrap">
		<p>
			Please register your details and tell us your location so you can save time when you check out.
		</p>
		<div class="row">
			<input type="checkbox" value="1" id="ProfileBusinessUser_null_a_1" name="ProfileBusinessUser_null_a_1" class="s-5">
			<label for="ProfileBusinessUser_null_a_1" class="highlight normal">I am a business customer</label>
		</div>
		<div id="businessCustomer" class="businessFields hidden" disabled="disabled">
			<div class="row businessFields hidden" disabled="disabled">
				<label for="txtBusinessName" class="businessFields w-70 hidden" disabled="disabled">Business name</label>
				
				<input type="text" id="txtBusinessName" maxlength="50" autocorrect="off" name="ProfileBusinessCustomerName_null_a_1" value="" class="businessFields w-70 v-mandatory v-alphanumeric4 v-maxchars-128 hidden" disabled="disabled" aria-required="true">
				
			</div>
			<div class="row businessFields hidden" disabled="disabled">
				<label for="txtABN" class="w-60 businessFields hidden" disabled="disabled">ABN</label> 
				<input type="number" id="txtABN" name="ProfileBusinessCustomerABN_null_a_1" value="" class="businessFields w-50 v-abn hidden" disabled="disabled">
			</div>
			
			<div class="row businessFields hidden" disabled="disabled">
				<label for="txtBusinessType" class="w-60 businessFields hidden" disabled="disabled">Business type:</label> 
				<select id="txtBusinessType" name="ProfileBusinessCustomerType_null_a_1" class="businessFields w-60 v-mandatory" aria-required="true">
					<option value="">Please select...</option>
						
								<option value="Aged Care">
									Aged Care
								</option>
							
								<option value="Childcare">
									Childcare
								</option>
							
								<option value="Clubs / Associations">
									Clubs / Associations
								</option>
							
								<option value="Construction / Property Development / Real Estate">
									Construction / Property Development / Real Estate
								</option>
							
								<option value="Disability">
									Disability
								</option>
							
								<option value="Recreation / Leisure / Entertainment">
									Recreation / Leisure / Entertainment
								</option>
							
								<option value="Environmental">
									Environmental
								</option>
							
								<option value="Events / Festivals">
									Events / Festivals
								</option>
							
								<option value="Financial / Banking">
									Financial / Banking
								</option>
							
								<option value="Food &amp; Beverage">
									Food &amp; Beverage
								</option>
							
								<option value="Government / Councils">
									Government / Councils
								</option>
							
								<option value="Home Business">
									Home Business
								</option>
							
								<option value="Health &amp; Medical">
									Health &amp; Medical
								</option>
							
								<option value="Hotels / Tourism">
									Hotels / Tourism
								</option>
							
								<option value="Legal">
									Legal
								</option>
							
								<option value="Mining / Engineering">
									Mining / Engineering
								</option>
							
								<option value="Machinery / Manufacturing">
									Machinery / Manufacturing
								</option>
							
								<option value="Marketing / Advertising / PR / Media">
									Marketing / Advertising / PR / Media
								</option>
							
								<option value="Not for Profit">
									Not for Profit
								</option>
							
								<option value="Professional Services">
									Professional Services
								</option>
							
								<option value="Recreation">
									Recreation
								</option>
							
								<option value="Retail / Wholesalers / Distributors">
									Retail / Wholesalers / Distributors
								</option>
							
								<option value="Schools">
									Schools
								</option>
							
								<option value="Shipping / Marine">
									Shipping / Marine
								</option>
							
								<option value="Technology / Communications">
									Technology / Communications
								</option>
							
								<option value="Trade Services">
									Trade Services
								</option>
							
								<option value="Transportation">
									Transportation
								</option>
							
								<option value="Utilities">
									Utilities
								</option>
							
								<option value="Other">
									Other
								</option>
							
								<option value="Rather not say">
									Rather not say
								</option>
							
				</select>
			</div>
			
			<hr>
		</div>
		<div class="row">
			<label for="firstName" class="w-100">
				Name:
			</label> 
			<input type="text" id="firstName" name="firstName" autocorrect="off" value="" class="w-40 v-mandatory v-alpha v-maxchars-128 validate-msg-placeholder init-focus" title="Given name" placeholder="Given name" aria-required="true"> 
			<input type="text" id="lastName" name="lastName" autocorrect="off" value="" class="w-40 v-mandatory v-alpha v-maxchars-128 validate-msg-placeholder" title="Family name" placeholder="Family name" aria-required="true">
		</div>
		<div class="row">
			<label for="dateOfBirth" class="w-100">Date of birth:</label><br>
			<p class="note">
				According to Australian Law you must be of legal age to browse and purchase tobacco and smoking products. Please provide your date of birth if you wish to do either of these.
			</p>
			<input type="text" id="dateOfBirth" name="dateOfBirth" class="w-30 v-date dp-field" value="" title="dd/mm/yyyy" placeholder="dd/mm/yyyy"><a href="#" class="dp-launch" title="Select date" aria-hidden="true" role="presentation"><span aria-hidden="true" role="presentation">[Select]</span></a>
		</div>
		<div class="row">
			<label for="logonId" class="w-100">Email address:</label>
			<input type="email" id="logonId" name="logonId" autocorrect="off" value="" class="w-70 v-mandatory v-email v-maxchars-50" aria-required="true">
		</div>
		

<div class="row">
	<label for="logonPassword" class="w-100">Create a password:</label>
	<p class="note">Passwords must be 7-20 characters long, and contain at least one letter and one number.</p>
	<input type="password" id="logonPassword" name="logonPassword" value="" class="w-50 v-mandatory v-password v-passwordPair" autocomplete="off" aria-required="true">
</div>
<div class="row">
	<label for="logonPasswordVerify" class="w-100">Confirm password:</label>
	<input type="password" id="logonPasswordVerify" name="logonPasswordVerify" value="" class="w-50 v-mandatory v-password v-passwordPairConfirm" autocomplete="off" aria-required="true">
</div>

		<div class="row">
			<label for="txtLocalPostcode" class="w-100">Suburb and postcode:</label>
			<div class="v-holder">
				<input type="text" id="txtLocalPostcode" name="txtLocalPostcode" autocomplete="off" autocorrect="off" value="" class="w-50 v-mandatory pred-localisation" aria-required="true"><div class="pred-menu hidden" aria-hidden="true"><ul></ul></div>
			</div>
		</div>
        <br>
		<div class="row">
			<input type="checkbox" id="emailPreference" name="emailPreference" value="1" checked="checked" class="s-5"> 
			<label for="emailPreference" class="normal">Yes, please keep me up to date on special offers, products, promotions and news from Coles online.</label>
		</div>
		
		<div class="clear"></div>
	</div>
	<input type="submit" class="btn-grey" title="Register" value="Register" name="btnRegister"> 
	
		<a href="#register" class="btn popup-close" title="Cancel">Cancel</a>
	
	<div class="clear"></div>
	<hr>
	<span class="btn">Do you already have an account? <a href="#logIn" class="popup-launch action-login" title="Log in">Log in</a></span>
</form>
<form id="analytics-data-register" name="analytics-data-register" method="post" action="" class="hidden" aria-hidden="true">
<input type="hidden" name="WT.si_x" value="1">
<input type="hidden" name="DCS.dcsuri" value="/register">
<input type="hidden" name="WT.ti" value="Register">
</form>
	<div class="dialogbox-end" tabindex="0">
		<span class="accessibility">end of pop up dialog box</span>
	</div>	
</div><div id="removeAllItems" class="popup rounded pageShadow" aria-labelledby="removeAllItems-dialog-title" aria-hidden="true">
	<div id="removeAllItems-dialog-title">		
		<span class="accessibility">pop up box displayed&nbsp;confirm remove all items</span>
	</div>
    <h1 id="dialog-title" tabindex="0" class="dialogbox-start init-focus"><span>Are</span>&nbsp;you sure?</h1>
	<div class="close pageShadow"><a href="#removeAllItems" class="popup-close" title="">Close this pop up dialog box</a></div>
	
	<div class="wrap">
		<p>Just checking that you want to remove all items from your trolley (that’s <span class="remove-quantity">0</span> items in total).</p>
	</div>
	<button type="submit" class="btn-grey" name="btnRemoveAllItems" id="btnRemoveAllItems">Yes, remove all items</button>
	<a href="#removeAllItems" class="btn popup-close removeitems-all" title="">Cancel</a>
	<div class="clear"></div>
	<form id="analytics-data-removeAllItems" name="analytics-data-removeAllItems" method="post" action="" class="hidden" aria-hidden="true">
<input type="hidden" name="DCS.dcsuri" value="/removeAllConfirmation">
<input type="hidden" name="WT.cg_n" value="Order">
<input type="hidden" name="WT.ti" value="Remove All Confirmation">
<input type="hidden" name="WT.cg_s" value="Remove All Items Overlay">
</form>
	<div class="dialogbox-end" tabindex="0">
		<span class="accessibility">end of pop up dialog box</span>
	</div>	
</div><div id="forgotPassForm" class="popup rounded pageShadow" aria-labelledby="forgotPassForm-dialog-title" aria-hidden="true">
	
	<div id="forgotPassForm-dialog-title">		
		<span class="accessibility">pop up box displayed&nbsp; Forgotten Password</span>
	</div>	
	<h1 tabindex="0" class="dialogbox-start init-focus">
		<span>Forgot</span>your password? 
    </h1>		
	<div class="close pageShadow">
		<a href="#forgotPassForm" class="popup-close" title=""> 
			Close this pop up dialog box 
		</a>
	</div>
	
		
	<div class="messageArea"></div>	
	<form id="ResetPasswordForm" class="formLayout" method="post" action="PersonChangeServicePasswordReset">
		<input type="hidden" name="challengeAnswer" value="-" id="WC_PasswordResetForm_FormInput_challengeAnswer_In_ResetPasswordForm_1">
		<input type="hidden" name="storeId" value="10601" id="WC_PasswordResetForm_FormInput_storeId_In_ResetPasswordForm_1">
		<input type="hidden" name="catalogId" value="10576" id="WC_PasswordResetForm_FormInput_catalogId_In_ResetPasswordForm_1">
		<input type="hidden" name="langId" value="-1" id="WC_PasswordResetForm_FormInput_langId_In_ResetPasswordForm_1">
		<input type="hidden" name="state" value="passwdconfirm" id="WC_PasswordResetForm_FormInput_state_In_ResetPasswordForm_1">
		<input type="hidden" name="URL" value="AjaxActionResponse" id="WC_PasswordResetForm_FormInput_URL_In_ResetPasswordForm_1">
		<input type="hidden" name="errorViewName" value="AjaxActionErrorResponse" id="WC_PasswordResetForm_FormInput_errorViewName_In_ResetPasswordForm_1">
		<div class="wrap">
			<p>No worries. Enter the email address you used to register, and we’ll send you a message with instructions on how to reset your password.</p>
			<div class="row">
				<label for="WC_PasswordResetForm_FormInput_logonId_In_ResetPasswordForm_1">Email address:</label>
				<input type="email" id="WC_PasswordResetForm_FormInput_logonId_In_ResetPasswordForm_1" name="logonId" autocorrect="off" class="w-70 v-mandatory v-email v-maxchars-254" aria-required="true">
			</div>
			<div class="clear"></div>
		</div>					
		<input type="submit" class="btn-grey popup-launch-forgotPassConfirm" title="" value="Send email" name="btnResetPassword">	
		<a role="button" href="#forgotPassForm" class="btn popup-close" title="">
			Cancel 
		</a>
		<div class="clear"></div>
	</form>
	    <form id="analytics-data-forgotPassConfirm" name="analytics-data-forgotPassConfirm" method="post" action="" class="hidden" aria-hidden="true">
<input type="hidden" name="DCS.dcsuri" value="/forgotpassword">
<input type="hidden" name="WT.cg_n" value="Register">
<input type="hidden" name="WT.ti" value="Forgot your password">
</form>
    <div class="dialogbox-end" tabindex="0">
     <span class="accessibility">end of pop up dialog box</span>
    </div>
</div><div id="localisation" class="popup rounded pageShadow" aria-labelledby="localisation-dialog-title" aria-hidden="true">
	
	
	<div id="localisation-dialog-title">		
		<span class="accessibility">pop up box displayed&nbsp;tell us your location</span>
	</div>	
	 
	
	
    <h1 tabindex="0" class="dialogbox-start init-focus">
    	<span>Let’s</span>&nbsp;get started     
    </h1>
    <div class="close pageShadow">
    	<a href="#localisation" class="popup-close" title="">Close this pop up dialog box</a>
    </div>
	
	<form id="localisationForm" class="formLayout" method="post" action="COLLocalisationControllerCmd">
		<input type="hidden" name="redirectUrl" value="">
		<input type="hidden" name="suburbPostCodeId" value="">
		<input type="hidden" name="serviceType" value="">
		<input type="hidden" name="externalffmcId" value="">	
		<input type="hidden" name="state" value="">	
		<input type="hidden" name="score" value="">	
		<input type="hidden" name="collectionpoint" value="">	
		<input type="hidden" name="suburb" value="">	
		<input type="hidden" name="zoneid" value="">	
		<input type="hidden" name="postcode" value="">	
		<input type="hidden" name="longitude" value="">	
		<input type="hidden" name="latitude" value="">
		
		<div class="wrap">
			<p>Please enter your suburb and postcode so we can show you what's available locally.</p>
			<div class="messageArea"></div>
			<div class="row">
				<label for="txtLocalPostcode" class="w-100">Suburb and Postcode<span class="accessibility"> (After entering 3 characters a list of options will display. Use tab key to navigate list.)</span>:</label>
				<div class="v-holder">
					<input type="text" id="txtLocalPostcode" name="txtLocalPostcode" autocomplete="off" value="" autocorrect="off" class="w-50 v-mandatory pred-localisation init-focus" aria-required="true"><div class="pred-menu hidden" aria-hidden="true"><ul></ul></div>
				</div>
			</div>
		</div>
		<p class="noOutline" id="acc-setLocalisation-focus" tabindex="-1"></p>
		<input type="submit" class="btn-grey" role="button" title="Submit" value="Submit" name="btnCheckPostcode">
		
				<div class="clear"></div>
				<hr>
				<p>Shopped with us before?&nbsp;<a href="#logIn" class="popup-launch action-login" title="Log in">Log in</a></p>
			
	</form>
	<form id="analytics-data-localizationForm" name="analytics-data-localizationForm" method="post" action="" class="hidden" aria-hidden="true">
<input type="hidden" name="DCS.dcsuri" value="/localisationForm">
<input type="hidden" name="WT.cg_n" value="Register">
<input type="hidden" name="WT.ti" value="Localisation">
</form>
     <div class="dialogbox-end" tabindex="0">
		<span class="accessibility">end of pop up dialog box</span>
	 </div>
</div><div id="changeLocation" class="popup rounded pageShadow" aria-labelledby="changeLocation-dialog-title" aria-hidden="true">
    
    
	<div id="changeLocation-dialog-title">		
		<span class="accessibility">pop up box displayed Localisation Change</span>
	</div>	
	 
	    
    <h1 tabindex="0" class="dialogbox-start init-focus"><span>Choose</span> a location to shop</h1>
	<div class="close pageShadow"><a href="#changeLocation" class="popup-close" title="">Close this pop up dialog box</a></div>
	
	<form id="changeLocationForm" class="formLayout" method="post" action="COLLocalisationControllerCmd">
		<input type="hidden" name="redirectUrl" value="">
		<input type="hidden" name="suburbPostCodeId" value="">
		<input type="hidden" name="serviceType" value="">
		<input type="hidden" name="externalffmcId" value="">	
		<input type="hidden" name="state" value="">	
		<input type="hidden" name="score" value="">	
		<input type="hidden" name="collectionpoint" value="">	
		<input type="hidden" name="suburb" value="">	
		<input type="hidden" name="zoneid" value="">	
		<input type="hidden" name="postcode" value="">	
		<input type="hidden" name="longitude" value="">	
		<input type="hidden" name="latitude" value="">
			
		<div class="wrap">
			<div class="messageArea"></div>
			<div class="row">
				<h2>Change location</h2>
				<label for="txtLocalPostcode" class="w-100">Suburb and Postcode<span class="accessibility"> (After entering 3 characters a list of options will display. Use tab key to navigate list.)</span>:</label>
				<div class="v-holder">
					<input type="text" id="txtLocalPostcode" name="txtLocalPostcode" autocomplete="off" value="" class="w-50 v-mandatory pred-localisation init-focus" aria-required="true"><div class="pred-menu hidden" aria-hidden="true"><ul></ul></div>
				</div>
			</div>
		</div>
		<p class="noOutline" id="change-location-focus" tabindex="-1"></p>
		<input type="submit" class="btn-grey" role="button" title="Submit" value="Submit" name="btnCheckPostcode">
		
		<a href="#changeLocation" class="btn popup-close" title="Choose later">Choose later</a>
		<div class="clear"></div>
	</form>
	<form id="analytics-data-locationChange" name="analytics-data-locationChange" method="post" action="" class="hidden" aria-hidden="true">
<input type="hidden" name="DCS.dcsuri" value="/changeLocation">
<input type="hidden" name="WT.cg_n" value="Register">
<input type="hidden" name="WT.ti" value="Change Location">
</form>
     <div class="dialogbox-end" tabindex="0">
		<span class="accessibility">end of pop up dialog box</span>
	 </div>
</div><div id="MultibuyRedirect" class="popup rounded pageShadow" aria-labelledby="MultibuyRedirect-dialog-title" aria-hidden="true">	
	
	<div id="MultibuyRedirect-dialog-title">		
		<span class="accessibility">pop up box displayed&nbsp;redirecting to your local specials</span>
	</div>	
	<div class="msg msg-warning">
		<h1>Let's check your local Coles</h1>
		<p>We're sending you to your local Coles so you can see what specials are on offer there.</p>
		<br>
		<a href="#" class="action-multibuy-redirect" title="">Click here to see your local specials if it's not happening automatically</a>
	</div>
	<div class="dialogbox-end" tabindex="0">
		<span class="accessibility">end of pop up dialog box</span>
	 </div>
</div><div id="multiSKUPromotionOverlay" class="popup rounded pageShadow promo" aria-labelledby="multiSKUPromotionOverlay-dialog-title" data-multiskupromo="{storeId: '10601',
							catalogId: '10576',
							langId: '-1',
							catEntryIds:'',
							promotionId:''}" aria-hidden="true">	
	
	<div id="multiSKUPromotionOverlay-dialog-title">		
		<span class="accessibility">pop up box displayed&nbsp; multi buy promotion</span>
	</div>	
	
	<h1 tabindex="0" class="dialogbox-start init-focus"> <span class="accessibility">On special</span></h1>
	<div class="close pageShadow"><a href="#multiSKUPromotionOverlay" class="popup-close" title="">Close this pop up dialog box</a></div>
	<div class="offer"><span class="icon"></span></div>
	<div class="promotion-Details">
		
		
	</div>
	<div class="list-view">
		
	</div>
	<a role="button" href="#multiSKUPromotionOverlay" class="popup-close btn-grey" title="">Continue Shopping</a>
    <div class="dialogbox-end" tabindex="0">
		<span class="accessibility">end of pop up dialog box</span>
	 </div>
</div><div id="specialOffer" class="popup rounded pageShadow" aria-labelledby="specialOffer-dialog-title" data-specialoffer="{storeId: '10601', catalogId: '10576', langId: '-1', productId: ''}" aria-hidden="true">
	<div id="specialOffer-dialog-title">		
		<span class="accessibility">pop up box displayed&nbsp; Special Offer</span>
	</div>
	<form id="analytics-data-specialOffer" name="analytics-data-specialOffer" method="post" action="" class="hidden" aria-hidden="true">
<input type="hidden" name="DCS.dcsuri" value="/specialOffer">
<input type="hidden" name="WT.cg_n" value="Order">
<input type="hidden" name="WT.ti" value="Special Offer">
<input type="hidden" name="WT.cg_s" value="Special Offer Overlay">
</form>
	
    <div class="dialogbox-end" tabindex="0">
		<span class="accessibility">end of pop up dialog box</span>
	 </div>
</div><div id="modifyOrder" class="popup rounded pageShadow" data-modifyorder="{
			storeId:'10601',
			catalogId:'10576',
			langId:'-1',
			orderId:'',
            orderTotal:''
			}" aria-labelledby="modifyOrder-dialog-title" aria-hidden="true">
			
	
	<div id="modifyOrder-dialog-title">		
		<span class="accessibility">pop up box displayed&nbsp;Modify Order</span>
	</div>	
	<h1 id="dialog-title" tabindex="0" class="dialogbox-start init-focus">
		<span>Are you sure?</span>&nbsp;
		
	</h1>

	<div class="close pageShadow">
		<a href="#modifyOrder" class="popup-close" title="">Close this pop up dialog box</a>
	</div>	
	
	<div class="messageArea"></div>
	<div class="wrap">
		<p>Before you modify, there are 3 things to consider:</p><ol><li>You will receive <strong>today’s prices and specials* </strong>on your<strong> entire order</strong></li><li>You must <strong>check out again, </strong>or you won’t receive your order</li><li>We can hold your  delivery time for 2 hours maximum</li></ol>*Most specials change early Wednesday (Sydney time). Fruit &amp; veg specials change early Friday (Sydney time).<p></p>
		<a role="button" href="" class="btn-grey-dbl action-btn action-add-items" title="Add or remove items">Add or remove items</a>	
		
				<a role="button" href="" class="btn-grey-dbl action-btn action-change-time" title="Change the delivery time of this order">Change my delivery time</a>
			
				<a role="button" href="#" class="btn-grey-dbl action-btn action-change-fulfilment" title="Change to collect instead of delivery">Change to collect</a>
			
		<a role="button" href="" class="btn-grey-dbl noMargin action-btn action-change-payment" title="Change the payment method of this order">Change my payment method</a>
		<div class="clear"></div>
	</div>
	<div class="buttons">
		<a href="#modifyOrder" class="btn popup-close" title="Close this window">Close</a>
	</div>
	<div class="clear"></div>
	<form id="analytics-data-modifyOrder" name="analytics-data-modifyOrder" method="post" action="" class="hidden" aria-hidden="true">
<input type="hidden" name="DCS.dcsuri" value="/modifyOrder">
<input type="hidden" name="WT.ti" value="Modify Order">
</form>
	    <div class="dialogbox-end" tabindex="0">
			<span class="accessibility">end of pop up dialog box</span>
		</div>
	    
</div><div id="alternativesOverlay" aria-labelledby="alternativesOverlay-dialog-title" class="popup rounded pageShadow" data-refresh="{refreshId:'alternativesOverlay', 
				catEntryId: '', quantity: '', catalogId: '10576',
				storeId: '10601', langId: '-1', orderId: '', 
				forStoreId: '', fulfillmentCenterId_1: '', 
				orderItemId: ''}" aria-hidden="true">
	<div id="alternativesOverlay-dialog-title">		
		<span class="accessibility">pop up box displayed&nbsp; Product Alternatives</span>
	</div>
<form id="analytics-data" name="analytics-data" method="post" action="" class="hidden" aria-hidden="true">
<input type="hidden" name="DCS.dcsuri" value="/alternatives">
<input type="hidden" name="WT.cg_n" value="Order">
<input type="hidden" name="WT.ti" value="Alternatives">
<input type="hidden" name="WT.cg_s" value="Alternatives Overlay">
</form>
      <div class="dialogbox-end" tabindex="0">
		<span class="accessibility">end of pop up dialog box</span>
	 </div>
</div><div id="QASListOverlay" class="popup rounded pageShadow popup-unclosable" aria-labelledby="QASListOverlay-dialog-title" aria-hidden="true">

	<div id="QASListOverlay-dialog-title">		
		<span class="accessibility">pop up box displayed&nbsp;address validation</span>
	</div>
	<h1 tabindex="0" class="dialogbox-start init-focus"><span>Select </span>&nbsp;a delivery address</h1>
	<div class="messageArea"></div>
	<div id="QASList">
		<p id="QASInfoText">Please select one of the options below:</p>
	</div>
	<button href="#" class="btn-grey btn-disabled" name="btnSelectAddress" role="button" disabled="disabled" title="Ok">Ok</button>
	<div class="clear"></div>
	<form id="analytics-data-deletDeliveryAddressOverlay" name="analytics-data-deletDeliveryAddressOverlay" method="post" action="" class="hidden" aria-hidden="true">
<input type="hidden" name="DCS.dcsuri" value="/QASList">
<input type="hidden" name="WT.cg_n" value="Member">
<input type="hidden" name="WT.ti" value="Display a list of addresses">
<input type="hidden" name="WT.cg_s" value="QAS List Overlay">
</form>
    <div class="dialogbox-end" tabindex="0">
		<span class="accessibility">end of pop up dialog box</span>
	</div>
    
</div><div id="forgotPassConfirm" class="popup rounded pageShadow" aria-labelledby="forgotPassConfirm-dialog-title" aria-hidden="true">
	
	<div class="forgotPassConfirm-dialog-title">		
		<span class="accessibility">pop up box displayed&nbsp; Forgotten Password Confirmation</span>
	</div>	
	<h1 tabindex="0" class="dialogbox-start init-focus">
		<span></span>
		An email is on its way		 
	</h1>	
	<div class="close pageShadow">
		<a href="#forgotPassConfirm" class="popup-close" title=""> 
			Close this pop up dialog box
		</a>
	</div>	
	
	<div class="wrap">
		<p>
			We’ve sent instructions for resetting your password to your email address.
		</p>
		<div class="clear"></div>
	</div>
	<a role="button" href="#forgotPassConfirm" class="btn-grey popup-close" title="">
		Close
	</a>
	<div class="clear"></div>
    <form id="analytics-data-forgotPassConfirm" name="analytics-data-forgotPassConfirm" method="post" action="" class="hidden" aria-hidden="true">
<input type="hidden" name="DCS.dcsuri" value="/forgotPassConfirm">
<input type="hidden" name="WT.cg_n" value="Register">
<input type="hidden" name="WT.ti" value="Forgot Password Confirmation">
</form> 
    <div class="dialogbox-end" tabindex="0">
		<span class="accessibility">end of pop up dialog box</span>
	</div>
</div><div id="createNewList" class="popup rounded pageShadow" aria-labelledby="createNewList-dialog-title" aria-hidden="true">
	<div id="createNewList-dialog-title">		
		<span class="accessibility">pop up box displayed&nbsp;create a new list</span>
	</div>
    <h1 id="dialog-title" tabindex="0" class="dialogbox-start init-focus"><span>Create</span> a new list</h1>
	<div class="close pageShadow"><a href="#createNewList" class="popup-close" title="">Close this pop up dialog box</a></div>
	
	<div class="messageArea"></div>
	<form class="formLayout" name="createList" id="createList" method="post" action="AjaxGiftListServiceCreate">
		<input type="hidden" name="langId" value="-1">
		<input type="hidden" name="storeId" value="10401">
		<input type="hidden" name="catalogId" value="10576">
		<input type="hidden" name="successView" value="">
		
		<div class="wrap">
			<label for="name" class="w-80">Name:</label>
			<input type="text" id="name" name="name" class="w-80 v-mandatory" placeholder="i.e. Jane's birthday party" title="i.e. Jane's birthday party" aria-required="true"> 
			<label for="location" class="w-80">Location: </label>
			<input type="text" id="location" name="location" class="w-80 v-mandatory" aria-required="true">
			<p><a href="#" class="address-tooltip" title="">Why do I need to choose an address?</a></p>
		</div>
		<div class="clear"></div>			
		<div class="buttons">
			<button name="btnCreateList" id="btnCreateList" type="submit" class="btn-grey" role="button">Create list</button>
		 	<a href="#createNewList" class="btn popup-close" title="">Cancel</a>
		</div>
		<div class="clear"></div>
	</form>
	<form id="analytics-data-createNewList" name="analytics-data-createNewList" method="post" action="" class="hidden" aria-hidden="true">
<input type="hidden" name="DCS.dcsuri" value="/createList">
<input type="hidden" name="WT.ti" value="Create List">
</form>
    <div class="dialogbox-end" tabindex="0">
		<span class="accessibility">end of pop up dialog box</span>
	</div>
</div><div id="deleteList" class="popup rounded pageShadow" aria-labelledby="deleteList-dialog-title" aria-hidden="true">
	<div id="deleteList-dialog-title">		
		<span class="accessibility">pop up box displayed&nbsp;Delete&nbsp;list</span>
	</div>
	<h1 id="dialog-title" tabindex="0" class="dialogbox-start init-focus"><span>Delete
	</span>&nbsp;list
	</h1>
	<div class="close pageShadow"><a href="#deleteList" class="popup-close" title="">Close this pop up dialog box</a></div>
	
	<div class="messageArea"></div>
	 
	<form id="deleteListForm" class="formLayout" method="post" action="AjaxGiftListServiceDeleteGiftList">
		<input type="hidden" name="langId" value="-1">
		<input type="hidden" name="storeId" value="10401">
		<input type="hidden" name="catalogId" value="10576">
		<input type="hidden" name="successView" value="https://shop.coles.com.au/online/ColesMyListsView?catalogId=10576&amp;urlLangId=-1&amp;langId=-1&amp;storeId=10601">
		
		<div class="wrap">
			<p>Please confirm you would like to delete the following list:</p>
			<input type="hidden" name="giftListId" value="" id="giftListId">
			<p id="listName" class="focusItem"></p>
			<div class="clear"></div>
		</div>
		<div class="buttons">
			<button name="btnDeleteList" id="btnDeleteList" type="submit" class="btn-grey">Yes, I want to delete this list</button>
			<a href="#deleteList" class="btn popup-close" title="">No, don't delete this list</a>
		</div>
		<div class="clear"></div>
	</form>
	<form id="analytics-data-createNewList" name="analytics-data-createNewList" method="post" action="" class="hidden" aria-hidden="true">
<input type="hidden" name="DCS.dcsuri" value="/deleteList">
<input type="hidden" name="WT.ti" value="Delete List">
</form>
	 <div class="dialogbox-end" tabindex="0">
		<span class="accessibility">end of pop up dialog box</span>
	</div>
    </div><div id="editList" class="popup rounded pageShadow" aria-labelledby="editList-dialog-title" aria-hidden="true">
	<div id="editList-dialog-title">		
		<span class="accessibility">pop up box displayed&nbsp;edit name of list</span>
	</div>
    <h1 id="dialog-title" tabindex="0" class="dialogbox-start init-focus"><span>Edit</span> list</h1>
	<div class="close pageShadow"><a href="#editList" class="popup-close" title="">Close this pop up dialog box</a></div>
    <form id="editListForm" class="formLayout" method="post" action="AjaxGiftListServiceUpdateDescription">
		<input type="hidden" name="langId" value="-1">
		<input type="hidden" name="storeId" value="10401">
		<input type="hidden" name="catalogId" value="10576">
		<input type="hidden" name="giftListId" value="" id="giftListId">
		<div class="wrap">
				<label for="name" class="w-80">Name:</label>
				<input type="text" id="name" name="name" value="" class="w-80 v-mandatory" aria-required="true">
				<label for="location" class="w-80">Location:</label>
				<input type="text" id="location" name="location" value="" class="w-80 v-mandatory" aria-required="true">
		<p><a href="#" class="address-tooltip" title="">Why do I need to choose an address?</a></p>
		</div>
		<div class="clear"></div>
		<div class="buttons">
			<button name="btnEditList" type="submit" class="btn-grey">Save changes</button>
			<a href="#editList" class="btn popup-close" title="">Cancel</a>
		</div>
		<div class="clear"></div>
	</form>
	<form id="analytics-data-editList" name="analytics-data-editList" method="post" action="" class="hidden" aria-hidden="true">
<input type="hidden" name="DCS.dcsuri" value="/editList">
<input type="hidden" name="WT.ti" value="Edit List">
</form>
    <div class="dialogbox-end" tabindex="0">
		<span class="accessibility">end of pop up dialog box</span>
	</div>
</div></body></html>