<html class="webkit534.34 webkit" lang="en" id="coles"><head>
		<meta charset="utf-8">

		<meta http-equiv="X-UA-Compatible" content="IE=8, IE=9,chrome=1">

		
		
				<title>Pantry | National</title>
			
				<meta name="robots" content="index,follow">
			
		<meta name="description" content="Pantry">
		<meta name="keywords" content="CategoryKeyword">
		<meta name="viewport" content="width=device-width">
		
		<link rel="canonical" href="http://shop.coles.com.au/online/national/pantry">
		
		<link rel="shortcut icon" href="/wcsstore/ColesStorefrontAssetStore/dist/e0a775baf05f/images/favicon.ico">
		<link rel="apple-touch-icon-precomposed" href="/wcsstore/ColesStorefrontAssetStore/dist/e0a775baf05f/images/ICN_57x57.png">
		<link rel="apple-touch-icon-precomposed" sizes="72x72" href="/wcsstore/ColesStorefrontAssetStore/dist/e0a775baf05f/images/ICN_72x72.png">
		<link rel="apple-touch-icon-precomposed" sizes="114x114" href="/wcsstore/ColesStorefrontAssetStore/dist/e0a775baf05f/images/ICN_114x114.png">
		<link rel="stylesheet" href="/wcsstore/ColesStorefrontAssetStore/dist/e0a775baf05f/theme/screen.css" media="all">
		<link rel="stylesheet" href="/wcsstore/ColesStorefrontAssetStore/dist/e0a775baf05f/theme/print.css" media="print">
		
	   <script type="text/javascript" async="" src="//statse.webtrendslive.com/dcss9egqp00000sthfwe6qrxc_3j1n/wtid.js?callback=Webtrends.dcss.dcsobj_0.dcsGetIdCallback"></script><script type="text/javascript" async="" src="http://www.google-analytics.com/plugins/ua/ec.js"></script><script type="text/javascript" async="" src="//cdn.feedbackify.com/f.js"></script><script async="" src="//www.google-analytics.com/analytics.js"></script><script type="text/javascript" charset="utf-8" src="/wcsstore/ColesStorefrontAssetStore/dist/e0a775baf05f/coles/common/analytics.js"></script><script type="text/javascript" charset="utf-8" src="/wcsstore/ColesStorefrontAssetStore/dist/e0a775baf05f/dojo/touch.js"></script><script type="text/javascript" charset="utf-8" src="/wcsstore/ColesStorefrontAssetStore/dist/e0a775baf05f/coles/pages/search.js"></script><script type="text/javascript" charset="utf-8" src="/wcsstore/ColesStorefrontAssetStore/dist/e0a775baf05f/libs/moment.js"></script><script type="text/javascript" charset="utf-8" src="/wcsstore/ColesStorefrontAssetStore/dist/e0a775baf05f/coles/common/multibuy.js"></script><script type="text/javascript" charset="utf-8" src="/wcsstore/ColesStorefrontAssetStore/dist/e0a775baf05f/coles/common/compare.js"></script><script type="text/javascript" charset="utf-8" src="/wcsstore/ColesStorefrontAssetStore/dist/e0a775baf05f/libs/webtrends.js"></script><script type="text/javascript">
		    // ======================= VARIABLES ===================================
		    // A LivePerson variable can be defined in one of three different scopes:
		    // 'page' - exists on the current page only
		    // 'session' - exists for the current visitor session
		    // Each object must contain: scope, name, value
		    //defining lpTag required on every page where variables or section are sent from 
		 	 var lpTag = lpTag || {}; lpTag.vars = lpTag.vars  || []; lpTag.dbs = lpTag.dbs || [];
	 	</script>
		
		
<script src="/wcsstore/ColesStorefrontAssetStore/dist/e0a775baf05f/libs/boomerang.js"></script>
<script type="text/javascript"> 
BOOMR.init({
beacon_url: "/wcsstore/ColesStorefrontAssetStore/dist/e0a775baf05f/images/diagnostics/beacon.gif",
site_domain: "shop.coles.com.au",
autorun: false,
log: function() {}
});
</script>
<script src="/wcsstore/ColesStorefrontAssetStore/dist/e0a775baf05f/dojo/dojo.js" data-dojo-config="async: 1, baseUrl: '/wcsstore/ColesStorefrontAssetStore/dist/e0a775baf05f'"></script>
<script src="/wcsstore/ColesStorefrontAssetStore/dist/e0a775baf05f/coles/boot.js" data-script-class="search"></script>

<script defer="">
// Push store text into JavaScript (specifically for user agent)
require(["coles/components/message"], function(message){

	
	message.set('USER_AGENT_TABLET', 'iPad,iPhone');
});
</script>
<script>
	// Create a loading framework for external JavaScript (contained in eSpots)
	function loadScript(url, callback){

	    var script = document.createElement("script")
	    script.type = "text/javascript";
	    script.async = true;
	    if (script.readyState){  //IE
	        script.onreadystatechange = function(){
	            if (script.readyState == "complete"){
	                script.onreadystatechange = null;
	                callback();
	            }
	        };
	    } else {  //Others
	        script.onload = function(){
	            callback();
	        };
	    }
	    script.src = url;
	    // For non compliant html5 support (IE8/WindowsXP) issue, insert into Head
	    document.head = document.head || document.getElementsByTagName('head')[0];
	    document.head.appendChild(script);
	}
</script>


<script defer="">
	require(["coles/common/environment"], function(env){
		env.WT_ID = 'dcss9egqp00000sthfwe6qrxc_3j1n';
	});
</script>

<script defer="">
	require(["coles/common/environment"], function(env){
		env.GIGYA_KEY = '2_IXv0rb_ZJqXC8T8y-Mmf4G954_4QuB-bxW91oVjpf8_aBsunPkSbBD2mGNWxc1mx';
	});
</script>

	<script charset="UTF-8" src="http://lptag.liveperson.net/tag/tag.js?site=40889649"></script><script charset="UTF-8" id="_lpTagScriptId_0" src="http://tags.liveperson.net/lptag/api/account/40889649/configuration/applications/taglets/.jsonp"></script><script charset="iso-8859-1" src="http://server.lon.liveperson.net/hcp/html/mTag.js?site=40889649"></script><script charset="UTF-8" src="http://server.lon.liveperson.net/hc/s-40889649/?cmd=lpTagGetJsSnippets"></script><script type="text/javascript" charset="UTF-8" src="http://server.lon.liveperson.net/hc/40889649/?site=40889649&amp;cmd=lpTagRepstateMulti&amp;lpCallId=711087090550-0&amp;c=1&amp;cbf=lpTagConfig.tagPlugins.feedsManager.feeds.repAv._update&amp;sta=-1~1~0"></script><script type="text/javascript" charset="UTF-8" id="lpm-requestOffer-1" src="http://lo.marketer.lpsnmedia.net/openx/www/delivery/al.php?zoneid=20732&amp;source=6cb4608040c746b1515979c3737cba8&amp;ControlGroup=false"></script><script type="text/javascript" charset="UTF-8" src="http://server.lon.liveperson.net/hc/40889649/?site=40889649&amp;cmd=lpTagRepstateMulti&amp;lpCallId=711087090550-0&amp;c=1&amp;cbf=lpTagConfig.tagPlugins.feedsManager.feeds.repAv._update&amp;sta=-1~1~0"></script><script type="text/javascript" charset="UTF-8" src="http://server.lon.liveperson.net/hc/40889649/?&amp;visitor=171220459140640&amp;msessionkey=8053873393800192555&amp;siteContainer=STANDALONE&amp;site=40889649&amp;cmd=mTagInPage&amp;lpCallId=938553345156-640278878854&amp;protV=20&amp;lpjson=1&amp;page=http%3A//shop.coles.com.au/online/national/pantry/pantry/%23pageNumber%3D41%26currentPageSize%3D100&amp;id=3097862210&amp;javaSupport=false&amp;visitorStatus=INSITE_STATUS&amp;activePlugin=none&amp;cobrowse=true&amp;cobrowse=true" id="lpScriptId938553345156-640278878854"></script></head>
<body class="search"><div class="popup-mask" style="height: 3718px; " aria-hidden="true"></div>



	
	
	<div id="frmCategoryPage" class="hidden" data-cookie="25573|25573|25573"></div>

		<div id="promoContainer" style="height: 3718px; ">
			<div id="container" class="pageShadow rounded" style="background-color: rgb(255, 255, 255); ">
				
<form action="COLLocalisationControllerCmd" method="post" name="localisationData" id="localisationData" class="hidden" aria-hidden="true">
	<input type="hidden" name="fullURL" value="http://shop.coles.com.au/webapp/wcs/stores/servlet/national/pantry/pantry/">
	<input type="hidden" name="fullURLHttps" value="https://shop.coles.com.au/webapp/wcs/stores/servlet/national/pantry/pantry/">
	<input type="hidden" name="currentStoreId" value="10601">
	<input type="hidden" name="currentCatalogId" value="10576">	
	<input type="hidden" name="localisedStoreId" value="">
	<input type="hidden" name="localisedCatalogId" value="">
	<input type="hidden" name="localisationState" value="">
	<input type="hidden" name="suburb" value="">	
	<input type="hidden" name="postcode" value="">
	<input type="hidden" name="zipCode" value="">	
	<input type="hidden" name="longitude" value="">
	<input type="hidden" name="latitude" value="">
	<input type="hidden" name="externalffmcId" value="">
	<input type="hidden" name="redirectUrl" value="">
	<input type="hidden" name="suburbPostCodeId" value="">
	<input type="hidden" name="serviceType" value="">
	<input type="hidden" name="suburbServiceability" value="">
	<input type="hidden" name="state" value="">	
	<input type="hidden" name="country" value="AU">	
	<input type="hidden" name="score" value="">	
	<input type="hidden" name="collectionpoint" value="">	
	<input type="hidden" name="zoneId" value="">	
	<input type="hidden" name="stlocId" value="">
	<input type="hidden" name="addressId" value="">
	
	<input type="hidden" name="localisationTrigger" value="">	
	<input type="hidden" name="userType" value="G">
		
	
	<input type="hidden" name="URL" value="">
	<input type="hidden" name="errorViewName" value="">
	<input type="hidden" name="inputSuburbPostCodeId" value="">
	<input type="hidden" name="ProfileBusinessUser_null_a_1" value="">	
	<input type="hidden" name="ProfileBusinessCustomerName_null_a_1" value="">	
	<input type="hidden" name="ProfileBusinessCustomerABN_null_a_1" value="">	
	<input type="hidden" name="firstName" value="">	
	<input type="hidden" name="lastName" value="">	
	<input type="hidden" name="logonId" value="">	
	<input type="hidden" name="dateOfBirth" value="">	
	<input type="hidden" name="logonPassword" value="">	
	<input type="hidden" name="logonPasswordVerify" value="">	
	<input type="hidden" name="chkSubscriptionRegister" value="">
	<input type="hidden" name="emailPreference" value="">
	
	
	<input type="hidden" name="storeId" value="10601">
	<input type="hidden" name="catalogId" value="10576">	
	<input type="hidden" name="fulfillmentCenterId" value="11576">	
	
	<input type="hidden" name="authToken" value="">
	<input type="hidden" name="localisationAction" value="https://shop.coles.com.au/online/COLLocalisationControllerCmd?catalogId=10576&amp;langId=-1&amp;storeId=10601">
	<input type="hidden" name="registrationAction" value="https://shop.coles.com.au/online/UserRegistrationAdd?catalogId=10576&amp;langId=-1&amp;storeId=10601">	
</form>

				<a href="#logIn" title="Login to Coles Online" class="popup-launch action-login accessibility">Login to Coles Online</a>
			
    	<a href="#" id="viewTrolley" class="arrow action-show-viewTrolley accessibility" title="View trolley">View trolley</a>
	 
<a href="#page-heading" title="" class="accessibility">Skip to content </a>

		<a href="#skip-to-products" title="" class="accessibility">Skip to products </a>
	

<div id="header">
	<div class="headerWrapper">
		

<div id="logo" role="banner">	
	<a href="http://shop.coles.com.au/online/national">
		<img src="/wcsstore/ColesStorefrontAssetStore/dist/e0a775baf05f/images/logo-coles.png" width="143" height="45" alt="Return to Coles online home" title="Return to Coles online home">	
	</a>	
</div>

		
        <div class="contact">
			<a href="http://shop.coles.com.au/online/national">Home</a><span class="pie-separator">|</span>
			
			<a href="http://shop.coles.com.au/online/national/contact-us" class="pipe" title="Contact us">Contact us</a><span class="pie-separator">|</span>
			
			<a href="http://shop.coles.com.au/online/national/info/help">Help</a>
		</div>
		<div class="clear"></div>
	<!-- START: LivePerson -->

<script defer="">	
	var LP_ID = '40889649'; 
	window.lpTag=window.lpTag||{};if(typeof window.lpTag._tagCount==='undefined'){window.lpTag={site:LP_ID,section:lpTag.section||'',autoStart:lpTag.autoStart===false?false:true,ovr:lpTag.ovr||{},_v:'1.5.1',_tagCount:1,protocol:location.protocol,events:{bind:function(app,ev,fn){lpTag.defer(function(){lpTag.events.bind(app,ev,fn)},0)},trigger:function(app,ev,json){lpTag.defer(function(){lpTag.events.trigger(app,ev,json)},1)}},defer:function(fn,fnType){if(fnType==0){this._defB=this._defB||[];this._defB.push(fn)}else if(fnType==1){this._defT=this._defT||[];this._defT.push(fn)}else{this._defL=this._defL||[];this._defL.push(fn)}},load:function(src,chr,id){var t=this;setTimeout(function(){t._load(src,chr,id)},0)},_load:function(src,chr,id){var url=src;if(!src){url=this.protocol+'//'+((this.ovr&&this.ovr.domain)?this.ovr.domain:'lptag.liveperson.net')+'/tag/tag.js?site='+this.site}var s=document.createElement('script');s.setAttribute('charset',chr?chr:'UTF-8');if(id){s.setAttribute('id',id)}s.setAttribute('src',url);document.getElementsByTagName('head').item(0).appendChild(s)},init:function(){this._timing=this._timing||{};this._timing.start=(new Date()).getTime();var that=this;if(window.attachEvent){window.attachEvent('onload',function(){that._domReady('domReady')})}else{window.addEventListener('DOMContentLoaded',function(){that._domReady('contReady')},false);window.addEventListener('load',function(){that._domReady('domReady')},false)}if(typeof(window._lptStop)=='undefined'){this.load()}},start:function(){this.autoStart=true},_domReady:function(n){if(!this.isDom){this.isDom=true;this.events.trigger('LPT','DOM_READY',{t:n})}this._timing[n]=(new Date()).getTime()},vars:lpTag.vars||[],dbs:lpTag.dbs||[],ctn:lpTag.ctn||[],sdes:lpTag.sdes||[],ev:lpTag.ev||[]};lpTag.init()}else{window.lpTag._tagCount+=1}
</script>
<!-- LivePerson (US5149): Placehodler for a chat button, please put div in the exact location on the page -->
<div id="lpChatButton" style="visibility: visible; "><span></span></div> 
<!-- END: LivePerson -->

<div class="clear"></div>

<noscript>
	&lt;p&gt;Javascript is not supported, or is disabled in your web browser and is required for this site to function.&lt;/p&gt;
</noscript>

		<meta name="CommerceSearch" content="storeId_10601">
		

<div class="menuWrapper">
	<div id="menu" class="rounded grad-red" role="navigation">
		
<div id="browseAisles" class="megamenu" role="navigation">
	<div id="megamenutip" class="accessibility hidden">To exit this menu, Hit escape. After exiting this menu, you can navigate the rest of this page.</div>
	
    <a href="#aisleMenu" class="megamenu-launch" title="Shop by Category"><span>Shop by Category</span></a>
	<ul id="aisleMenu" role="menu" class="columnEnabled" style="display: none; opacity: 1; " tabindex="-1" aria-hidden="true">
		
			
			<li>
				
							
					<a role="menuitem" id="aisleMenu_1" aria-haspopup="true" href="http://shop.coles.com.au/online/national/specials-offers" class="aisle" title="Browse the Specials &amp; Offers aisle">
						Specials &amp; Offers <span>→</span>
					</a>
					
					<div id="menu-1" class="column-list clearfix" data-rows="22" role="navigation">
						<h2>
							<a role="menuitem" id="sub-menu-1_0" class="subCatHeader" title="Specials &amp; Offers Category" href="http://shop.coles.com.au/online/national/specials-offers">
								Specials &amp; Offers
							</a>
							<span class="aisle-search">&nbsp;
								<a role="menuitem" id="sub-menu-1_1" class="browseAllSubCategory" href="http://shop.coles.com.au/online/national/specials-offers/specials-offers" title="Browse all items">
								 Browse all items<span>→</span>
								</a>
							</span>
						</h2>
						
						
					<ul role="menu" id="sub-menu-1" data-col-items="menu-1" class="hidden">
						
							<li class="section"><a role="menuitem" id="sub-menu-1_2" href="http://shop.coles.com.au/online/national/specials-offers/bread-bakery-specials-offers" title="Bread &amp; Bakery Specials &amp; Offers sub category">Bread &amp; Bakery Specials &amp; Offers</a></li>
							
							
								<li><a role="menuitem" id="sub-menu-1_3" href="http://shop.coles.com.au/online/national/specials-offers/bread-bakery-specials-offers/fresh-specials-offers" title="From Our Bakery Specials &amp; Offers">From Our Bakery Specials &amp; Offers</a></li>
							
								<li><a role="menuitem" id="sub-menu-1_4" href="http://shop.coles.com.au/online/national/specials-offers/bread-bakery-specials-offers/packaged-bread-bakery-specials-offers" title="Packaged Bread &amp; Bakery Specials &amp; Offers">Packaged Bread &amp; Bakery Specials &amp; Offers</a></li>
							
							<li class="section"><a role="menuitem" id="sub-menu-1_5" href="http://shop.coles.com.au/online/national/specials-offers/stationery-media-specials-offers" title="Stationery &amp; Media Specials &amp; Offers sub category">Stationery &amp; Media Specials &amp; Offers</a></li>
							
							
								<li><a role="menuitem" id="sub-menu-1_6" href="http://shop.coles.com.au/online/national/specials-offers/stationery-media-specials-offers/tv-shows-movies-section-specials-offers" title="Cds, Dvds &amp; Blu Rays Specials &amp; Offers">Cds, Dvds &amp; Blu Rays Specials &amp; Offers</a></li>
							
								<li><a role="menuitem" id="sub-menu-1_7" href="http://shop.coles.com.au/online/national/specials-offers/stationery-media-specials-offers/stationery-specials-offers" title="Stationery Specials &amp; Offers">Stationery Specials &amp; Offers</a></li>
							
							<li class="section"><a role="menuitem" id="sub-menu-1_8" href="http://shop.coles.com.au/online/national/specials-offers/fruit-vegetables-specials-offers" title="Fruit &amp; Vegetables Specials &amp; Offers sub category">Fruit &amp; Vegetables Specials &amp; Offers</a></li>
							
							
								<li><a role="menuitem" id="sub-menu-1_9" href="http://shop.coles.com.au/online/national/specials-offers/fruit-vegetables-specials-offers/boxes-fruit-veg-specials-offers" title="Boxes Fruit &amp; Veg Specials &amp; Offers">Boxes Fruit &amp; Veg Specials &amp; Offers</a></li>
							
								<li><a role="menuitem" id="sub-menu-1_10" href="http://shop.coles.com.au/online/national/specials-offers/fruit-vegetables-specials-offers/fruits-specials-offers" title="Fruit Specials &amp; Offers">Fruit Specials &amp; Offers</a></li>
							
								<li><a role="menuitem" id="sub-menu-1_11" href="http://shop.coles.com.au/online/national/specials-offers/fruit-vegetables-specials-offers/vegetables-specials-offers" title="Vegetables Specials &amp; Offers">Vegetables Specials &amp; Offers</a></li>
							
								<li><a role="menuitem" id="sub-menu-1_12" href="http://shop.coles.com.au/online/national/specials-offers/fruit-vegetables-specials-offers/salad-herbs-specials-offers" title="Salad &amp; Herbs Specials &amp; Offers">Salad &amp; Herbs Specials &amp; Offers</a></li>
							
								<li><a role="menuitem" id="sub-menu-1_13" href="http://shop.coles.com.au/online/national/specials-offers/fruit-vegetables-specials-offers/nuts-dried-fruit-specials-offers" title="Nuts &amp; Dried Fruit Specials &amp; Offers">Nuts &amp; Dried Fruit Specials &amp; Offers</a></li>
							
							<li class="section"><a role="menuitem" id="sub-menu-1_14" href="http://shop.coles.com.au/online/national/specials-offers/dairy--eggs-meals-specials-offers" title="Dairy, Eggs &amp; Meals Specials &amp; Offers sub category">Dairy, Eggs &amp; Meals Specials &amp; Offers</a></li>
							
							
								<li><a role="menuitem" id="sub-menu-1_15" href="http://shop.coles.com.au/online/national/specials-offers/dairy--eggs-meals-specials-offers/dairy-eggs-specials-offers" title="Dairy &amp; Eggs Specials &amp; Offers">Dairy &amp; Eggs Specials &amp; Offers</a></li>
							
								<li><a role="menuitem" id="sub-menu-1_16" href="http://shop.coles.com.au/online/national/specials-offers/dairy--eggs-meals-specials-offers/fresh-pasta-sauces-specials-offers" title="Fresh Pasta &amp; Sauces Specials &amp; Offers">Fresh Pasta &amp; Sauces Specials &amp; Offers</a></li>
							
								<li><a role="menuitem" id="sub-menu-1_17" href="http://shop.coles.com.au/online/national/specials-offers/dairy--eggs-meals-specials-offers/garlic-bread-pastry-sheets-specials-offers" title="Garlic Bread &amp; Pastry Sheets Specials &amp; Offers">Garlic Bread &amp; Pastry Sheets Specials &amp; Offers</a></li>
							
								<li><a role="menuitem" id="sub-menu-1_18" href="http://shop.coles.com.au/online/national/specials-offers/dairy--eggs-meals-specials-offers/ready-to-eat-meals-specials-offers" title="Ready to Eat Meals Specials &amp; Offers">Ready to Eat Meals Specials &amp; Offers</a></li>
							
							<li class="section"><a role="menuitem" id="sub-menu-1_19" href="http://shop.coles.com.au/online/national/specials-offers/frozen-specials-offers" title="Frozen Foods Specials &amp; Offers sub category">Frozen Foods Specials &amp; Offers</a></li>
							
							
								<li><a role="menuitem" id="sub-menu-1_20" href="http://shop.coles.com.au/online/national/specials-offers/frozen-specials-offers/frozen-food-specials-offers" title="Frozen Food Specials &amp; Offers">Frozen Food Specials &amp; Offers</a></li>
							
								<li><a role="menuitem" id="sub-menu-1_21" href="http://shop.coles.com.au/online/national/specials-offers/frozen-specials-offers/frozen-ready-meals-specials-offers" title="Frozen Ready Meals Specials &amp; Offers">Frozen Ready Meals Specials &amp; Offers</a></li>
							
							<li class="section"><a role="menuitem" id="sub-menu-1_22" href="http://shop.coles.com.au/online/national/specials-offers/pet-specials-offers" title="Pet Specials &amp; Offers sub category">Pet Specials &amp; Offers</a></li>
							
							
								<li><a role="menuitem" id="sub-menu-1_23" href="http://shop.coles.com.au/online/national/specials-offers/pet-specials-offers/cat-kitten-specials-offers" title="Cat &amp; Kitten Specials &amp; Offers">Cat &amp; Kitten Specials &amp; Offers</a></li>
							
								<li><a role="menuitem" id="sub-menu-1_24" href="http://shop.coles.com.au/online/national/specials-offers/pet-specials-offers/dog-puppy-specials-offers" title="Dog &amp; Puppy Specials &amp; Offers">Dog &amp; Puppy Specials &amp; Offers</a></li>
							
							<li class="section"><a role="menuitem" id="sub-menu-1_25" href="http://shop.coles.com.au/online/national/specials-offers/household-specials-offers" title="Household Specials &amp; Offers sub category">Household Specials &amp; Offers</a></li>
							
							
								<li><a role="menuitem" id="sub-menu-1_26" href="http://shop.coles.com.au/online/national/specials-offers/household-specials-offers/bathroom-specials-offers" title="Bathroom Specials &amp; Offers">Bathroom Specials &amp; Offers</a></li>
							
								<li><a role="menuitem" id="sub-menu-1_27" href="http://shop.coles.com.au/online/national/specials-offers/household-specials-offers/general-purpose-cleaners-specials-offers" title="Cleaners All Purpose Specials &amp; Offers">Cleaners All Purpose Specials &amp; Offers</a></li>
							
								<li><a role="menuitem" id="sub-menu-1_28" href="http://shop.coles.com.au/online/national/specials-offers/household-specials-offers/electrical-specials-offers" title="Electrical Specials &amp; Offers">Electrical Specials &amp; Offers</a></li>
							
								<li><a role="menuitem" id="sub-menu-1_29" href="http://shop.coles.com.au/online/national/specials-offers/household-specials-offers/food-storage-specials-offers" title="Food Storage Specials &amp; Offers">Food Storage Specials &amp; Offers</a></li>
							
								<li><a role="menuitem" id="sub-menu-1_30" href="http://shop.coles.com.au/online/national/specials-offers/household-specials-offers/garden-specials-offers" title="Garden Specials &amp; Offers">Garden Specials &amp; Offers</a></li>
							
								<li><a role="menuitem" id="sub-menu-1_31" href="http://shop.coles.com.au/online/national/specials-offers/household-specials-offers/hardware-specials-offers" title="Hardware Specials &amp; Offers">Hardware Specials &amp; Offers</a></li>
							
								<li><a role="menuitem" id="sub-menu-1_32" href="http://shop.coles.com.au/online/national/specials-offers/household-specials-offers/homewares-specials-offers" title="Homewares Specials &amp; Offers">Homewares Specials &amp; Offers</a></li>
							
								<li><a role="menuitem" id="sub-menu-1_33" href="http://shop.coles.com.au/online/national/specials-offers/household-specials-offers/household-accessories-specials-offers" title="Household Accessories Specials &amp; Offers">Household Accessories Specials &amp; Offers</a></li>
							
								<li><a role="menuitem" id="sub-menu-1_34" href="http://shop.coles.com.au/online/national/specials-offers/household-specials-offers/kitchen-specials-offers" title="Kitchen Specials &amp; Offers">Kitchen Specials &amp; Offers</a></li>
							
								<li><a role="menuitem" id="sub-menu-1_35" href="http://shop.coles.com.au/online/national/specials-offers/household-specials-offers/laundry-needs-specials-offers" title="Laundry Needs Specials &amp; Offers">Laundry Needs Specials &amp; Offers</a></li>
							
							<li class="section"><a role="menuitem" id="sub-menu-1_36" href="http://shop.coles.com.au/online/national/specials-offers/baby-specials-offers" title="Baby Specials &amp; Offers sub category">Baby Specials &amp; Offers</a></li>
							
							
								<li><a role="menuitem" id="sub-menu-1_37" href="http://shop.coles.com.au/online/national/specials-offers/baby-specials-offers/nappies-changing-specials-offers" title="Nappies &amp; Changing Specials &amp; Offers">Nappies &amp; Changing Specials &amp; Offers</a></li>
							
							<li class="section"><a role="menuitem" id="sub-menu-1_38" href="http://shop.coles.com.au/online/national/specials-offers/pantry-specials-offers" title="Pantry Specials &amp; Offers sub category">Pantry Specials &amp; Offers</a></li>
							
							
								<li><a role="menuitem" id="sub-menu-1_39" href="http://shop.coles.com.au/online/national/specials-offers/pantry-specials-offers/breakfast-specials-offers" title="Breakfast Specials &amp; Offers">Breakfast Specials &amp; Offers</a></li>
							
								<li><a role="menuitem" id="sub-menu-1_40" href="http://shop.coles.com.au/online/national/specials-offers/pantry-specials-offers/snacks-specials-offers" title="Snacks Specials &amp; Offers">Snacks Specials &amp; Offers</a></li>
							
								<li><a role="menuitem" id="sub-menu-1_41" href="http://shop.coles.com.au/online/national/specials-offers/pantry-specials-offers/chocolates-lollies-specials-offers" title="Confectionery Specials &amp; Offers">Confectionery Specials &amp; Offers</a></li>
							
								<li><a role="menuitem" id="sub-menu-1_42" href="http://shop.coles.com.au/online/national/specials-offers/pantry-specials-offers/herbs-spices-specials-offers" title="Herbs &amp; Spices Specials &amp; Offers">Herbs &amp; Spices Specials &amp; Offers</a></li>
							
								<li><a role="menuitem" id="sub-menu-1_43" href="http://shop.coles.com.au/online/national/specials-offers/pantry-specials-offers/stocks-gravy-specials-offers" title="Stocks &amp; Gravy Specials &amp; Offers">Stocks &amp; Gravy Specials &amp; Offers</a></li>
							
								<li><a role="menuitem" id="sub-menu-1_44" href="http://shop.coles.com.au/online/national/specials-offers/pantry-specials-offers/baking-specials-offers" title="Baking Specials &amp; Offers">Baking Specials &amp; Offers</a></li>
							
								<li><a role="menuitem" id="sub-menu-1_45" href="http://shop.coles.com.au/online/national/specials-offers/pantry-specials-offers/condiments-specials-offers" title="Condiments Specials &amp; Offers">Condiments Specials &amp; Offers</a></li>
							
								<li><a role="menuitem" id="sub-menu-1_46" href="http://shop.coles.com.au/online/national/specials-offers/pantry-specials-offers/sauces-specials-offers" title="Sauces Specials &amp; Offers">Sauces Specials &amp; Offers</a></li>
							
								<li><a role="menuitem" id="sub-menu-1_47" href="http://shop.coles.com.au/online/national/specials-offers/pantry-specials-offers/oils-vinegars-specials-offers" title="Oils &amp; Vinegars Specials &amp; Offers">Oils &amp; Vinegars Specials &amp; Offers</a></li>
							
								<li><a role="menuitem" id="sub-menu-1_48" href="http://shop.coles.com.au/online/national/specials-offers/pantry-specials-offers/pasta--rice--grains-specials-offers" title="Pasta, Rice, Grains Specials &amp; Offers">Pasta, Rice, Grains Specials &amp; Offers</a></li>
							
								<li><a role="menuitem" id="sub-menu-1_49" href="http://shop.coles.com.au/online/national/specials-offers/pantry-specials-offers/canned-foods--soups-noodles-specials-offers" title="Canned Foods, Soups &amp; Noodles Specials &amp; Offers">Canned Foods, Soups &amp; Noodles Specials &amp; Offers</a></li>
							
								<li><a role="menuitem" id="sub-menu-1_50" href="http://shop.coles.com.au/online/national/specials-offers/pantry-specials-offers/tea-coffee-specials-offers" title="Tea &amp; Coffee Specials &amp; Offers">Tea &amp; Coffee Specials &amp; Offers</a></li>
							
							<li class="section"><a role="menuitem" id="sub-menu-1_51" href="http://shop.coles.com.au/online/national/specials-offers/health-beauty-specials-offers" title="Health &amp; Beauty Specials &amp; Offers sub category">Health &amp; Beauty Specials &amp; Offers</a></li>
							
							
								<li><a role="menuitem" id="sub-menu-1_52" href="http://shop.coles.com.au/online/national/specials-offers/health-beauty-specials-offers/dental-specials-offers" title="Dental Specials &amp; Offers">Dental Specials &amp; Offers</a></li>
							
								<li><a role="menuitem" id="sub-menu-1_53" href="http://shop.coles.com.au/online/national/specials-offers/health-beauty-specials-offers/hair-care-specials-offers" title="Hair Care Specials &amp; Offers">Hair Care Specials &amp; Offers</a></li>
							
								<li><a role="menuitem" id="sub-menu-1_54" href="http://shop.coles.com.au/online/national/specials-offers/health-beauty-specials-offers/hair-removal-specials-offers" title="Hair Removal Specials &amp; Offers">Hair Removal Specials &amp; Offers</a></li>
							
								<li><a role="menuitem" id="sub-menu-1_55" href="http://shop.coles.com.au/online/national/specials-offers/health-beauty-specials-offers/medicinal-specials-offers" title="Medicinal Specials &amp; Offers">Medicinal Specials &amp; Offers</a></li>
							
								<li><a role="menuitem" id="sub-menu-1_56" href="http://shop.coles.com.au/online/national/specials-offers/health-beauty-specials-offers/personal-care-hygiene-specials-offers" title="Personal Care &amp; Hygiene Specials &amp; Offers">Personal Care &amp; Hygiene Specials &amp; Offers</a></li>
							
								<li><a role="menuitem" id="sub-menu-1_57" href="http://shop.coles.com.au/online/national/specials-offers/health-beauty-specials-offers/shower-bath-care-specials-offers" title="Shower &amp; Bath Care Specials &amp; Offers">Shower &amp; Bath Care Specials &amp; Offers</a></li>
							
								<li><a role="menuitem" id="sub-menu-1_58" href="http://shop.coles.com.au/online/national/specials-offers/health-beauty-specials-offers/skin-care-specials-offers" title="Skin Care Specials &amp; Offers">Skin Care Specials &amp; Offers</a></li>
							
							<li class="section"><a role="menuitem" id="sub-menu-1_59" href="http://shop.coles.com.au/online/national/specials-offers/drinks-specials-offers" title="Drinks Specials &amp; Offers sub category">Drinks Specials &amp; Offers</a></li>
							
							
								<li><a role="menuitem" id="sub-menu-1_60" href="http://shop.coles.com.au/online/national/specials-offers/drinks-specials-offers/cold-specials-offers" title="All Drinks Specials &amp; Offers">All Drinks Specials &amp; Offers</a></li>
							
							<li class="section"><a role="menuitem" id="sub-menu-1_61" href="http://shop.coles.com.au/online/national/specials-offers/liquor-specials-offers" title="Alcohol Specials &amp; Offers sub category">Alcohol Specials &amp; Offers</a></li>
							
							
								<li><a role="menuitem" id="sub-menu-1_62" href="http://shop.coles.com.au/online/national/specials-offers/liquor-specials-offers/beer--spirits-wine-specials-offers" title="Beer, Spirits &amp; Wine Specials &amp; Offers">Beer, Spirits &amp; Wine Specials &amp; Offers</a></li>
							
							<li class="section"><a role="menuitem" id="sub-menu-1_63" href="http://shop.coles.com.au/online/national/specials-offers/chilled-fresh-food-specials-offers" title="Meat, Seafood &amp; Deli Specials &amp; Offers sub category">Meat, Seafood &amp; Deli Specials &amp; Offers</a></li>
							
							
								<li><a role="menuitem" id="sub-menu-1_64" href="http://shop.coles.com.au/online/national/specials-offers/chilled-fresh-food-specials-offers/fresh-meat-specials-offers" title="Meat Specials &amp; Offers">Meat Specials &amp; Offers</a></li>
							
								<li><a role="menuitem" id="sub-menu-1_65" href="http://shop.coles.com.au/online/national/specials-offers/chilled-fresh-food-specials-offers/seafood-specials-offers" title="Seafood Specials &amp; Offers">Seafood Specials &amp; Offers</a></li>
							
								<li><a role="menuitem" id="sub-menu-1_66" href="http://shop.coles.com.au/online/national/specials-offers/chilled-fresh-food-specials-offers/deli-meats-specials-offers" title="Deli Meats Specials &amp; Offers">Deli Meats Specials &amp; Offers</a></li>
							
								<li><a role="menuitem" id="sub-menu-1_67" href="http://shop.coles.com.au/online/national/specials-offers/chilled-fresh-food-specials-offers/deli-specialty-specials-offers" title="Deli Specialty Specials &amp; Offers">Deli Specialty Specials &amp; Offers</a></li>
							
					</ul>
				</div>							
											
			</li>									
		
			
			<li>
				
							
					<a role="menuitem" id="aisleMenu_2" aria-haspopup="true" href="http://shop.coles.com.au/online/national/back-to-school" class="aisle" title="Browse the Back To School aisle">
						Back To School <span>→</span>
					</a>
					
					<div id="menu-2" class="column-list clearfix" data-rows="22" role="navigation">
						<h2>
							<a role="menuitem" id="sub-menu-2_0" class="subCatHeader" title="Back To School Category" href="http://shop.coles.com.au/online/national/back-to-school">
								Back To School
							</a>
							<span class="aisle-search">&nbsp;
								<a role="menuitem" id="sub-menu-2_1" class="browseAllSubCategory" href="http://shop.coles.com.au/online/national/back-to-school/back-to-school" title="Browse all items">
								 Browse all items<span>→</span>
								</a>
							</span>
						</h2>
						
						
					<ul role="menu" id="sub-menu-2" data-col-items="menu-2" class="hidden">
						
							<li class="section"><a role="menuitem" id="sub-menu-2_2" href="http://shop.coles.com.au/online/national/back-to-school/school-stationery" title="School Stationery sub category">School Stationery</a></li>
							
							
								<li><a role="menuitem" id="sub-menu-2_3" href="http://shop.coles.com.au/online/national/back-to-school/school-stationery/books-binders" title="Books &amp; Binders">Books &amp; Binders</a></li>
							
								<li><a role="menuitem" id="sub-menu-2_4" href="http://shop.coles.com.au/online/national/back-to-school/school-stationery/calculators" title="Calculators">Calculators</a></li>
							
								<li><a role="menuitem" id="sub-menu-2_5" href="http://shop.coles.com.au/online/national/back-to-school/school-stationery/labels" title="Labels">Labels</a></li>
							
								<li><a role="menuitem" id="sub-menu-2_6" href="http://shop.coles.com.au/online/national/back-to-school/school-stationery/markers-highlighters" title="Markers &amp; Highlighters">Markers &amp; Highlighters</a></li>
							
								<li><a role="menuitem" id="sub-menu-2_7" href="http://shop.coles.com.au/online/national/back-to-school/school-stationery/copy-paper" title="Copy Paper">Copy Paper</a></li>
							
								<li><a role="menuitem" id="sub-menu-2_8" href="http://shop.coles.com.au/online/national/back-to-school/school-stationery/pencil-case-fillers" title="Pencil Case Fillers">Pencil Case Fillers</a></li>
							
								<li><a role="menuitem" id="sub-menu-2_9" href="http://shop.coles.com.au/online/national/back-to-school/school-stationery/pencil-case" title="Pencil Case">Pencil Case</a></li>
							
							<li class="section"><a role="menuitem" id="sub-menu-2_10" href="http://shop.coles.com.au/online/national/back-to-school/lunch-boxes-bottles" title="Lunch Boxes &amp; Bottles sub category">Lunch Boxes &amp; Bottles</a></li>
							
							
								<li><a role="menuitem" id="sub-menu-2_11" href="http://shop.coles.com.au/online/national/back-to-school/lunch-boxes-bottles/backpacks" title="Backpacks">Backpacks</a></li>
							
								<li><a role="menuitem" id="sub-menu-2_12" href="http://shop.coles.com.au/online/national/back-to-school/lunch-boxes-bottles/drink-bottles" title="Drink Bottles">Drink Bottles</a></li>
							
								<li><a role="menuitem" id="sub-menu-2_13" href="http://shop.coles.com.au/online/national/back-to-school/lunch-boxes-bottles/lunch-bags-with-bottles" title="Lunch Bags with Bottles">Lunch Bags with Bottles</a></li>
							
								<li><a role="menuitem" id="sub-menu-2_14" href="http://shop.coles.com.au/online/national/back-to-school/lunch-boxes-bottles/lunch-boxes" title="Lunch Boxes">Lunch Boxes</a></li>
							
					</ul>
				</div>							
											
			</li>									
		
			
			<li>
				
							
					<a role="menuitem" id="aisleMenu_3" aria-haspopup="true" href="http://shop.coles.com.au/online/national/bread-bakery" class="aisle" title="Browse the Bread &amp; Bakery aisle">
						Bread &amp; Bakery <span>→</span>
					</a>
					
					<div id="menu-3" class="column-list clearfix" data-rows="22" role="navigation">
						<h2>
							<a role="menuitem" id="sub-menu-3_0" class="subCatHeader" title="Bread &amp; Bakery Category" href="http://shop.coles.com.au/online/national/bread-bakery">
								Bread &amp; Bakery
							</a>
							<span class="aisle-search">&nbsp;
								<a role="menuitem" id="sub-menu-3_1" class="browseAllSubCategory" href="http://shop.coles.com.au/online/national/bread-bakery/bread-bakery" title="Browse all items">
								 Browse all items<span>→</span>
								</a>
							</span>
						</h2>
						
						
					<ul role="menu" id="sub-menu-3" data-col-items="menu-3" class="hidden">
						
							<li class="section"><a role="menuitem" id="sub-menu-3_2" href="http://shop.coles.com.au/online/national/bread-bakery/fresh" title="From Our Bakery sub category">From Our Bakery</a></li>
							
							
								<li><a role="menuitem" id="sub-menu-3_3" href="http://shop.coles.com.au/online/national/bread-bakery/fresh/bread" title="Bread">Bread</a></li>
							
								<li><a role="menuitem" id="sub-menu-3_4" href="http://shop.coles.com.au/online/national/bread-bakery/fresh/bakery-cakes" title="Bakery Cakes">Bakery Cakes</a></li>
							
								<li><a role="menuitem" id="sub-menu-3_5" href="http://shop.coles.com.au/online/national/bread-bakery/fresh/cupcakes-muffins" title="Cupcakes &amp; Muffins">Cupcakes &amp; Muffins</a></li>
							
								<li><a role="menuitem" id="sub-menu-3_6" href="http://shop.coles.com.au/online/national/bread-bakery/fresh/donuts-cookies" title="Donuts &amp; Cookies">Donuts &amp; Cookies</a></li>
							
								<li><a role="menuitem" id="sub-menu-3_7" href="http://shop.coles.com.au/online/national/bread-bakery/fresh/desserts-danishes" title="Pastries &amp; Desserts">Pastries &amp; Desserts</a></li>
							
								<li><a role="menuitem" id="sub-menu-3_8" href="http://shop.coles.com.au/online/national/bread-bakery/fresh/hot-cross-buns" title="Hot Cross Buns">Hot Cross Buns</a></li>
							
							<li class="section"><a role="menuitem" id="sub-menu-3_9" href="http://shop.coles.com.au/online/national/bread-bakery/packaged-bread-bakery" title="Packaged Bread &amp; Bakery sub category">Packaged Bread &amp; Bakery</a></li>
							
							
								<li><a role="menuitem" id="sub-menu-3_10" href="http://shop.coles.com.au/online/national/bread-bakery/packaged-bread-bakery/packaged-bread" title="Packaged Bread">Packaged Bread</a></li>
							
								<li><a role="menuitem" id="sub-menu-3_11" href="http://shop.coles.com.au/online/national/bread-bakery/packaged-bread-bakery/cakes" title="Cakes">Cakes</a></li>
							
								<li><a role="menuitem" id="sub-menu-3_12" href="http://shop.coles.com.au/online/national/bread-bakery/packaged-bread-bakery/cookies-biscuits" title="Cookies &amp; Biscuits">Cookies &amp; Biscuits</a></li>
							
								<li><a role="menuitem" id="sub-menu-3_13" href="http://shop.coles.com.au/online/national/bread-bakery/packaged-bread-bakery/crumpets-pancakes" title="Crumpets &amp; Pancakes">Crumpets &amp; Pancakes</a></li>
							
								<li><a role="menuitem" id="sub-menu-3_14" href="http://shop.coles.com.au/online/national/bread-bakery/packaged-bread-bakery/muffins-cupcakes" title="Muffins &amp; Cupcakes">Muffins &amp; Cupcakes</a></li>
							
								<li><a role="menuitem" id="sub-menu-3_15" href="http://shop.coles.com.au/online/national/bread-bakery/packaged-bread-bakery/desserts-pastries" title="Desserts &amp; Pastries">Desserts &amp; Pastries</a></li>
							
								<li><a role="menuitem" id="sub-menu-3_16" href="http://shop.coles.com.au/online/national/bread-bakery/packaged-bread-bakery/pizza-bases" title="Pizza Bases">Pizza Bases</a></li>
							
								<li><a role="menuitem" id="sub-menu-3_17" href="http://shop.coles.com.au/online/national/bread-bakery/packaged-bread-bakery/rolls-bagels" title="Rolls &amp; Bagels">Rolls &amp; Bagels</a></li>
							
								<li><a role="menuitem" id="sub-menu-3_18" href="http://shop.coles.com.au/online/national/bread-bakery/packaged-bread-bakery/wraps-flatbread" title="Wraps &amp; Flatbread">Wraps &amp; Flatbread</a></li>
							
								<li><a role="menuitem" id="sub-menu-3_19" href="http://shop.coles.com.au/online/national/bread-bakery/packaged-bread-bakery/gluten-free-bakery-1571208" title="Gluten Free Bakery">Gluten Free Bakery</a></li>
							
					</ul>
				</div>							
											
			</li>									
		
			
			<li>
				
							
					<a role="menuitem" id="aisleMenu_4" aria-haspopup="true" href="http://shop.coles.com.au/online/national/fruit-vegetables" class="aisle" title="Browse the Fruit &amp; Vegetables aisle">
						Fruit &amp; Vegetables <span>→</span>
					</a>
					
					<div id="menu-4" class="column-list clearfix" data-rows="22" role="navigation">
						<h2>
							<a role="menuitem" id="sub-menu-4_0" class="subCatHeader" title="Fruit &amp; Vegetables Category" href="http://shop.coles.com.au/online/national/fruit-vegetables">
								Fruit &amp; Vegetables
							</a>
							<span class="aisle-search">&nbsp;
								<a role="menuitem" id="sub-menu-4_1" class="browseAllSubCategory" href="http://shop.coles.com.au/online/national/fruit-vegetables/fruit-vegetables" title="Browse all items">
								 Browse all items<span>→</span>
								</a>
							</span>
						</h2>
						
						
					<ul role="menu" id="sub-menu-4" data-col-items="menu-4" class="hidden">
						
							<li class="section"><a role="menuitem" id="sub-menu-4_2" href="http://shop.coles.com.au/online/national/fruit-vegetables/boxes-fruit-vege" title="Boxes Fruit &amp; Veg sub category">Boxes Fruit &amp; Veg</a></li>
							
							
								<li><a role="menuitem" id="sub-menu-4_3" href="http://shop.coles.com.au/online/national/fruit-vegetables/boxes-fruit-vege/fruit-vege-boxes" title="Fruit &amp; Veg Boxes">Fruit &amp; Veg Boxes</a></li>
							
							<li class="section"><a role="menuitem" id="sub-menu-4_4" href="http://shop.coles.com.au/online/national/fruit-vegetables/fruit" title="Fruit sub category">Fruit</a></li>
							
							
								<li><a role="menuitem" id="sub-menu-4_5" href="http://shop.coles.com.au/online/national/fruit-vegetables/fruit/organic-fruit" title="Organic Fruit">Organic Fruit</a></li>
							
								<li><a role="menuitem" id="sub-menu-4_6" href="http://shop.coles.com.au/online/national/fruit-vegetables/fruit/apples" title="Apples">Apples</a></li>
							
								<li><a role="menuitem" id="sub-menu-4_7" href="http://shop.coles.com.au/online/national/fruit-vegetables/fruit/pears" title="Pears">Pears</a></li>
							
								<li><a role="menuitem" id="sub-menu-4_8" href="http://shop.coles.com.au/online/national/fruit-vegetables/fruit/fresh-bananas" title="Fresh Bananas">Fresh Bananas</a></li>
							
								<li><a role="menuitem" id="sub-menu-4_9" href="http://shop.coles.com.au/online/national/fruit-vegetables/fruit/berries-cherries" title="Berries &amp; Cherries">Berries &amp; Cherries</a></li>
							
								<li><a role="menuitem" id="sub-menu-4_10" href="http://shop.coles.com.au/online/national/fruit-vegetables/fruit/grapes" title="Grapes">Grapes</a></li>
							
								<li><a role="menuitem" id="sub-menu-4_11" href="http://shop.coles.com.au/online/national/fruit-vegetables/fruit/oranges" title="Oranges">Oranges</a></li>
							
								<li><a role="menuitem" id="sub-menu-4_12" href="http://shop.coles.com.au/online/national/fruit-vegetables/fruit/grapefruit" title="Grapefruit">Grapefruit</a></li>
							
								<li><a role="menuitem" id="sub-menu-4_13" href="http://shop.coles.com.au/online/national/fruit-vegetables/fruit/mandarins" title="Mandarins">Mandarins</a></li>
							
								<li><a role="menuitem" id="sub-menu-4_14" href="http://shop.coles.com.au/online/national/fruit-vegetables/fruit/lemons-limes" title="Lemons &amp; Limes">Lemons &amp; Limes</a></li>
							
								<li><a role="menuitem" id="sub-menu-4_15" href="http://shop.coles.com.au/online/national/fruit-vegetables/fruit/pineapples" title="Pineapples">Pineapples</a></li>
							
								<li><a role="menuitem" id="sub-menu-4_16" href="http://shop.coles.com.au/online/national/fruit-vegetables/fruit/passionfruit" title="Passionfruit">Passionfruit</a></li>
							
								<li><a role="menuitem" id="sub-menu-4_17" href="http://shop.coles.com.au/online/national/fruit-vegetables/fruit/mangoes" title="Mangoes">Mangoes</a></li>
							
								<li><a role="menuitem" id="sub-menu-4_18" href="http://shop.coles.com.au/online/national/fruit-vegetables/fruit/fresh-melons" title="Fresh Melons">Fresh Melons</a></li>
							
								<li><a role="menuitem" id="sub-menu-4_19" href="http://shop.coles.com.au/online/national/fruit-vegetables/fruit/kiwi-fruit" title="Kiwi Fruit">Kiwi Fruit</a></li>
							
								<li><a role="menuitem" id="sub-menu-4_20" href="http://shop.coles.com.au/online/national/fruit-vegetables/fruit/peaches-nectarines" title="Peaches &amp; Nectarines">Peaches &amp; Nectarines</a></li>
							
								<li><a role="menuitem" id="sub-menu-4_21" href="http://shop.coles.com.au/online/national/fruit-vegetables/fruit/plums-apricots" title="Plums &amp; Apricots">Plums &amp; Apricots</a></li>
							
								<li><a role="menuitem" id="sub-menu-4_22" href="http://shop.coles.com.au/online/national/fruit-vegetables/fruit/rhubarb" title="Rhubarb">Rhubarb</a></li>
							
								<li><a role="menuitem" id="sub-menu-4_23" href="http://shop.coles.com.au/online/national/fruit-vegetables/fruit/coconuts" title="Coconuts">Coconuts</a></li>
							
								<li><a role="menuitem" id="sub-menu-4_24" href="http://shop.coles.com.au/online/national/fruit-vegetables/fruit/tropical-exotic-fruit" title="Tropical &amp; Exotic Fruit">Tropical &amp; Exotic Fruit</a></li>
							
								<li><a role="menuitem" id="sub-menu-4_25" href="http://shop.coles.com.au/online/national/fruit-vegetables/fruit/prepacked-fruit" title="Cut Fruit">Cut Fruit</a></li>
							
							<li class="section"><a role="menuitem" id="sub-menu-4_26" href="http://shop.coles.com.au/online/national/fruit-vegetables/vegetables" title="Vegetables sub category">Vegetables</a></li>
							
							
								<li><a role="menuitem" id="sub-menu-4_27" href="http://shop.coles.com.au/online/national/fruit-vegetables/vegetables/organic-vegetables" title="Organic Vegetables">Organic Vegetables</a></li>
							
								<li><a role="menuitem" id="sub-menu-4_28" href="http://shop.coles.com.au/online/national/fruit-vegetables/vegetables/avocado" title="Avocado">Avocado</a></li>
							
								<li><a role="menuitem" id="sub-menu-4_29" href="http://shop.coles.com.au/online/national/fruit-vegetables/vegetables/lettuce" title="Lettuce">Lettuce</a></li>
							
								<li><a role="menuitem" id="sub-menu-4_30" href="http://shop.coles.com.au/online/national/fruit-vegetables/vegetables/tomatoes" title="Tomatoes">Tomatoes</a></li>
							
								<li><a role="menuitem" id="sub-menu-4_31" href="http://shop.coles.com.au/online/national/fruit-vegetables/vegetables/potatoes" title="Potatoes">Potatoes</a></li>
							
								<li><a role="menuitem" id="sub-menu-4_32" href="http://shop.coles.com.au/online/national/fruit-vegetables/vegetables/carrots-parsnips" title="Carrots &amp; Parsnips">Carrots &amp; Parsnips</a></li>
							
								<li><a role="menuitem" id="sub-menu-4_33" href="http://shop.coles.com.au/online/national/fruit-vegetables/vegetables/pumpkin" title="Pumpkin">Pumpkin</a></li>
							
								<li><a role="menuitem" id="sub-menu-4_34" href="http://shop.coles.com.au/online/national/fruit-vegetables/vegetables/cucumber" title="Cucumber">Cucumber</a></li>
							
								<li><a role="menuitem" id="sub-menu-4_35" href="http://shop.coles.com.au/online/national/fruit-vegetables/vegetables/garlic-ginger" title="Garlic &amp; Ginger">Garlic &amp; Ginger</a></li>
							
								<li><a role="menuitem" id="sub-menu-4_36" href="http://shop.coles.com.au/online/national/fruit-vegetables/vegetables/mushrooms" title="Mushrooms">Mushrooms</a></li>
							
								<li><a role="menuitem" id="sub-menu-4_37" href="http://shop.coles.com.au/online/national/fruit-vegetables/vegetables/capsicum-chillies" title="Capsicum &amp; Chillies">Capsicum &amp; Chillies</a></li>
							
								<li><a role="menuitem" id="sub-menu-4_38" href="http://shop.coles.com.au/online/national/fruit-vegetables/vegetables/celery" title="Celery">Celery</a></li>
							
								<li><a role="menuitem" id="sub-menu-4_39" href="http://shop.coles.com.au/online/national/fruit-vegetables/vegetables/corn" title="Corn">Corn</a></li>
							
								<li><a role="menuitem" id="sub-menu-4_40" href="http://shop.coles.com.au/online/national/fruit-vegetables/vegetables/beetroot" title="Beetroot">Beetroot</a></li>
							
								<li><a role="menuitem" id="sub-menu-4_41" href="http://shop.coles.com.au/online/national/fruit-vegetables/vegetables/cabbage-brussel-sprouts" title="Cabbage &amp; Brussel Sprouts">Cabbage &amp; Brussel Sprouts</a></li>
							
								<li><a role="menuitem" id="sub-menu-4_42" href="http://shop.coles.com.au/online/national/fruit-vegetables/vegetables/peas-beans" title="Peas &amp; Beans">Peas &amp; Beans</a></li>
							
								<li><a role="menuitem" id="sub-menu-4_43" href="http://shop.coles.com.au/online/national/fruit-vegetables/vegetables/spinach-silverbeet" title="Spinach &amp; Silverbeet">Spinach &amp; Silverbeet</a></li>
							
								<li><a role="menuitem" id="sub-menu-4_44" href="http://shop.coles.com.au/online/national/fruit-vegetables/vegetables/asparagus-artichokes" title="Asparagus &amp; Artichokes">Asparagus &amp; Artichokes</a></li>
							
								<li><a role="menuitem" id="sub-menu-4_45" href="http://shop.coles.com.au/online/national/fruit-vegetables/vegetables/fresh-eggplant" title="Fresh Eggplant">Fresh Eggplant</a></li>
							
								<li><a role="menuitem" id="sub-menu-4_46" href="http://shop.coles.com.au/online/national/fruit-vegetables/vegetables/brocolli-cauliflower" title="Broccoli &amp; Cauliflower">Broccoli &amp; Cauliflower</a></li>
							
								<li><a role="menuitem" id="sub-menu-4_47" href="http://shop.coles.com.au/online/national/fruit-vegetables/vegetables/bok-choy-asian-greens" title="Bok Choy &amp; Asian Greens">Bok Choy &amp; Asian Greens</a></li>
							
								<li><a role="menuitem" id="sub-menu-4_48" href="http://shop.coles.com.au/online/national/fruit-vegetables/vegetables/onion-leeks" title="Onion &amp; Leeks">Onion &amp; Leeks</a></li>
							
								<li><a role="menuitem" id="sub-menu-4_49" href="http://shop.coles.com.au/online/national/fruit-vegetables/vegetables/turnips-other-root-veg" title="Turnips &amp; Root Veg">Turnips &amp; Root Veg</a></li>
							
								<li><a role="menuitem" id="sub-menu-4_50" href="http://shop.coles.com.au/online/national/fruit-vegetables/vegetables/zucchini-squash" title="Zucchini &amp; Squash">Zucchini &amp; Squash</a></li>
							
								<li><a role="menuitem" id="sub-menu-4_51" href="http://shop.coles.com.au/online/national/fruit-vegetables/vegetables/prepacked-vegetables" title="Cut Vegetables">Cut Vegetables</a></li>
							
							<li class="section"><a role="menuitem" id="sub-menu-4_52" href="http://shop.coles.com.au/online/national/fruit-vegetables/salad-herbs" title="Salad &amp; Herbs sub category">Salad &amp; Herbs</a></li>
							
							
								<li><a role="menuitem" id="sub-menu-4_53" href="http://shop.coles.com.au/online/national/fruit-vegetables/salad-herbs/dressed-salads" title="Dressed Salads">Dressed Salads</a></li>
							
								<li><a role="menuitem" id="sub-menu-4_54" href="http://shop.coles.com.au/online/national/fruit-vegetables/salad-herbs/herbs" title="Herbs">Herbs</a></li>
							
								<li><a role="menuitem" id="sub-menu-4_55" href="http://shop.coles.com.au/online/national/fruit-vegetables/salad-herbs/pre-made-salads" title="Salad Bags">Salad Bags</a></li>
							
								<li><a role="menuitem" id="sub-menu-4_56" href="http://shop.coles.com.au/online/national/fruit-vegetables/salad-herbs/salad-bowls-kits" title="Salad Bowls &amp; Kits">Salad Bowls &amp; Kits</a></li>
							
								<li><a role="menuitem" id="sub-menu-4_57" href="http://shop.coles.com.au/online/national/fruit-vegetables/salad-herbs/dressings-for-salads" title="Salad Dressing">Salad Dressing</a></li>
							
								<li><a role="menuitem" id="sub-menu-4_58" href="http://shop.coles.com.au/online/national/fruit-vegetables/salad-herbs/sprouts-shoots" title="Sprouts">Sprouts</a></li>
							
							<li class="section"><a role="menuitem" id="sub-menu-4_59" href="http://shop.coles.com.au/online/national/fruit-vegetables/nuts-dried-fruit" title="Nuts &amp; Dried Fruit sub category">Nuts &amp; Dried Fruit</a></li>
							
							
								<li><a role="menuitem" id="sub-menu-4_60" href="http://shop.coles.com.au/online/national/fruit-vegetables/nuts-dried-fruit/fresh-nuts" title="Nuts &amp; Snacks">Nuts &amp; Snacks</a></li>
							
								<li><a role="menuitem" id="sub-menu-4_61" href="http://shop.coles.com.au/online/national/fruit-vegetables/nuts-dried-fruit/dried-fruits" title="Fruit &amp; Nut Blend">Fruit &amp; Nut Blend</a></li>
							
							<li class="section"><a role="menuitem" id="sub-menu-4_62" href="http://shop.coles.com.au/online/national/fruit-vegetables/fresh-flowers-1595064" title="Fresh Flowers sub category">Fresh Flowers</a></li>
							
							
								<li><a role="menuitem" id="sub-menu-4_63" href="http://shop.coles.com.au/online/national/fruit-vegetables/fresh-flowers-1595064/flowers-1595065" title="Flowers">Flowers</a></li>
							
					</ul>
				</div>							
											
			</li>									
		
			
			<li>
				
							
					<a role="menuitem" id="aisleMenu_5" aria-haspopup="true" href="http://shop.coles.com.au/online/national/meat-seafood-deli" class="aisle" title="Browse the Meat, Seafood &amp; Deli aisle">
						Meat, Seafood &amp; Deli <span>→</span>
					</a>
					
					<div id="menu-5" class="column-list clearfix" data-rows="22" role="navigation">
						<h2>
							<a role="menuitem" id="sub-menu-5_0" class="subCatHeader" title="Meat, Seafood &amp; Deli Category" href="http://shop.coles.com.au/online/national/meat-seafood-deli">
								Meat, Seafood &amp; Deli
							</a>
							<span class="aisle-search">&nbsp;
								<a role="menuitem" id="sub-menu-5_1" class="browseAllSubCategory" href="http://shop.coles.com.au/online/national/meat-seafood-deli/meat-seafood-deli" title="Browse all items">
								 Browse all items<span>→</span>
								</a>
							</span>
						</h2>
						
						
					<ul role="menu" id="sub-menu-5" data-col-items="menu-5" class="hidden">
						
							<li class="section"><a role="menuitem" id="sub-menu-5_2" href="http://shop.coles.com.au/online/national/meat-seafood-deli/fresh-meat" title="Meat sub category">Meat</a></li>
							
							
								<li><a role="menuitem" id="sub-menu-5_3" href="http://shop.coles.com.au/online/national/meat-seafood-deli/fresh-meat/beef" title="Beef">Beef</a></li>
							
								<li><a role="menuitem" id="sub-menu-5_4" href="http://shop.coles.com.au/online/national/meat-seafood-deli/fresh-meat/chicken" title="Chicken">Chicken</a></li>
							
								<li><a role="menuitem" id="sub-menu-5_5" href="http://shop.coles.com.au/online/national/meat-seafood-deli/fresh-meat/lamb" title="Lamb">Lamb</a></li>
							
								<li><a role="menuitem" id="sub-menu-5_6" href="http://shop.coles.com.au/online/national/meat-seafood-deli/fresh-meat/pork" title="Pork">Pork</a></li>
							
								<li><a role="menuitem" id="sub-menu-5_7" href="http://shop.coles.com.au/online/national/meat-seafood-deli/fresh-meat/turkey" title="Turkey">Turkey</a></li>
							
								<li><a role="menuitem" id="sub-menu-5_8" href="http://shop.coles.com.au/online/national/meat-seafood-deli/fresh-meat/duck-other-poultry" title="Duck &amp; Other Poultry">Duck &amp; Other Poultry</a></li>
							
								<li><a role="menuitem" id="sub-menu-5_9" href="http://shop.coles.com.au/online/national/meat-seafood-deli/fresh-meat/veal" title="Veal">Veal</a></li>
							
								<li><a role="menuitem" id="sub-menu-5_10" href="http://shop.coles.com.au/online/national/meat-seafood-deli/fresh-meat/game" title="Game">Game</a></li>
							
								<li><a role="menuitem" id="sub-menu-5_11" href="http://shop.coles.com.au/online/national/meat-seafood-deli/fresh-meat/burgers-and-sausages" title="Burgers and Sausages">Burgers and Sausages</a></li>
							
								<li><a role="menuitem" id="sub-menu-5_12" href="http://shop.coles.com.au/online/national/meat-seafood-deli/fresh-meat/bbq-party-packs" title="BBQ &amp; Party Packs">BBQ &amp; Party Packs</a></li>
							
							<li class="section"><a role="menuitem" id="sub-menu-5_13" href="http://shop.coles.com.au/online/national/meat-seafood-deli/seafood" title="Seafood sub category">Seafood</a></li>
							
							
								<li><a role="menuitem" id="sub-menu-5_14" href="http://shop.coles.com.au/online/national/meat-seafood-deli/seafood/fish-accessories" title="Fish">Fish</a></li>
							
								<li><a role="menuitem" id="sub-menu-5_15" href="http://shop.coles.com.au/online/national/meat-seafood-deli/seafood/lobster-crab" title="Crab &amp; Lobster">Crab &amp; Lobster</a></li>
							
								<li><a role="menuitem" id="sub-menu-5_16" href="http://shop.coles.com.au/online/national/meat-seafood-deli/seafood/oysters" title="Oysters">Oysters</a></li>
							
								<li><a role="menuitem" id="sub-menu-5_17" href="http://shop.coles.com.au/online/national/meat-seafood-deli/seafood/mussels-scallops" title="Mussels &amp; Scallops">Mussels &amp; Scallops</a></li>
							
								<li><a role="menuitem" id="sub-menu-5_18" href="http://shop.coles.com.au/online/national/meat-seafood-deli/seafood/shrimp-prawns" title="Prawns &amp; Shrimp">Prawns &amp; Shrimp</a></li>
							
								<li><a role="menuitem" id="sub-menu-5_19" href="http://shop.coles.com.au/online/national/meat-seafood-deli/seafood/mixed-marinara" title="Mixed Marinara">Mixed Marinara</a></li>
							
								<li><a role="menuitem" id="sub-menu-5_20" href="http://shop.coles.com.au/online/national/meat-seafood-deli/seafood/squid-octopus" title="Squid &amp; Octopus">Squid &amp; Octopus</a></li>
							
								<li><a role="menuitem" id="sub-menu-5_21" href="http://shop.coles.com.au/online/national/meat-seafood-deli/seafood/prepacked-seafood" title="Prepacked Seafood">Prepacked Seafood</a></li>
							
							<li class="section"><a role="menuitem" id="sub-menu-5_22" href="http://shop.coles.com.au/online/national/meat-seafood-deli/deli-meats" title="Deli Meats sub category">Deli Meats</a></li>
							
							
								<li><a role="menuitem" id="sub-menu-5_23" href="http://shop.coles.com.au/online/national/meat-seafood-deli/deli-meats/ham" title="Ham">Ham</a></li>
							
								<li><a role="menuitem" id="sub-menu-5_24" href="http://shop.coles.com.au/online/national/meat-seafood-deli/deli-meats/bacon" title="Bacon">Bacon</a></li>
							
								<li><a role="menuitem" id="sub-menu-5_25" href="http://shop.coles.com.au/online/national/meat-seafood-deli/deli-meats/salami" title="Salami">Salami</a></li>
							
								<li><a role="menuitem" id="sub-menu-5_26" href="http://shop.coles.com.au/online/national/meat-seafood-deli/deli-meats/cold-sliced-meats" title="Sliced Meats">Sliced Meats</a></li>
							
								<li><a role="menuitem" id="sub-menu-5_27" href="http://shop.coles.com.au/online/national/meat-seafood-deli/deli-meats/cured--dried-smoked" title="Cured &amp; Smoked">Cured &amp; Smoked</a></li>
							
								<li><a role="menuitem" id="sub-menu-5_28" href="http://shop.coles.com.au/online/national/meat-seafood-deli/deli-meats/frankfurts-sausages" title="Frankfurts &amp; Sausages">Frankfurts &amp; Sausages</a></li>
							
								<li><a role="menuitem" id="sub-menu-5_29" href="http://shop.coles.com.au/online/national/meat-seafood-deli/deli-meats/poultry" title="Poultry">Poultry</a></li>
							
								<li><a role="menuitem" id="sub-menu-5_30" href="http://shop.coles.com.au/online/national/meat-seafood-deli/deli-meats/smoked-salmon" title="Smoked Salmon">Smoked Salmon</a></li>
							
								<li><a role="menuitem" id="sub-menu-5_31" href="http://shop.coles.com.au/online/national/meat-seafood-deli/deli-meats/deli-seafood" title="Deli Seafood">Deli Seafood</a></li>
							
							<li class="section"><a role="menuitem" id="sub-menu-5_32" href="http://shop.coles.com.au/online/national/meat-seafood-deli/deli-specialty" title="Deli Specialty sub category">Deli Specialty</a></li>
							
							
								<li><a role="menuitem" id="sub-menu-5_33" href="http://shop.coles.com.au/online/national/meat-seafood-deli/deli-specialty/dips-pate" title="Dips &amp; Pate">Dips &amp; Pate</a></li>
							
								<li><a role="menuitem" id="sub-menu-5_34" href="http://shop.coles.com.au/online/national/meat-seafood-deli/deli-specialty/deli-gourmet-cheese" title="Deli Gourmet Cheese">Deli Gourmet Cheese</a></li>
							
								<li><a role="menuitem" id="sub-menu-5_35" href="http://shop.coles.com.au/online/national/meat-seafood-deli/deli-specialty/olives" title="Olives">Olives</a></li>
							
								<li><a role="menuitem" id="sub-menu-5_36" href="http://shop.coles.com.au/online/national/meat-seafood-deli/deli-specialty/antipasto" title="Antipasto">Antipasto</a></li>
							
								<li><a role="menuitem" id="sub-menu-5_37" href="http://shop.coles.com.au/online/national/meat-seafood-deli/deli-specialty/platters" title="Platters">Platters</a></li>
							
								<li><a role="menuitem" id="sub-menu-5_38" href="http://shop.coles.com.au/online/national/meat-seafood-deli/deli-specialty/salads" title="Salads">Salads</a></li>
							
								<li><a role="menuitem" id="sub-menu-5_39" href="http://shop.coles.com.au/online/national/meat-seafood-deli/deli-specialty/prepared-foods" title="Prepared Foods">Prepared Foods</a></li>
							
					</ul>
				</div>							
											
			</li>									
		
			
			<li>
				
							
					<a role="menuitem" id="aisleMenu_6" aria-haspopup="true" href="http://shop.coles.com.au/online/national/dairy--eggs-meals" class="aisle" title="Browse the Dairy, Eggs &amp; Meals aisle">
						Dairy, Eggs &amp; Meals <span>→</span>
					</a>
					
					<div id="menu-6" class="column-list clearfix" data-rows="22" role="navigation">
						<h2>
							<a role="menuitem" id="sub-menu-6_0" class="subCatHeader" title="Dairy, Eggs &amp; Meals Category" href="http://shop.coles.com.au/online/national/dairy--eggs-meals">
								Dairy, Eggs &amp; Meals
							</a>
							<span class="aisle-search">&nbsp;
								<a role="menuitem" id="sub-menu-6_1" class="browseAllSubCategory" href="http://shop.coles.com.au/online/national/dairy--eggs-meals/dairy--eggs-meals" title="Browse all items">
								 Browse all items<span>→</span>
								</a>
							</span>
						</h2>
						
						
					<ul role="menu" id="sub-menu-6" data-col-items="menu-6" class="hidden">
						
							<li class="section"><a role="menuitem" id="sub-menu-6_2" href="http://shop.coles.com.au/online/national/dairy--eggs-meals/dairy-eggs" title="Dairy &amp; Eggs sub category">Dairy &amp; Eggs</a></li>
							
							
								<li><a role="menuitem" id="sub-menu-6_3" href="http://shop.coles.com.au/online/national/dairy--eggs-meals/dairy-eggs/milk" title="Milk">Milk</a></li>
							
								<li><a role="menuitem" id="sub-menu-6_4" href="http://shop.coles.com.au/online/national/dairy--eggs-meals/dairy-eggs/eggs" title="Eggs">Eggs</a></li>
							
								<li><a role="menuitem" id="sub-menu-6_5" href="http://shop.coles.com.au/online/national/dairy--eggs-meals/dairy-eggs/yoghurt" title="Yoghurt">Yoghurt</a></li>
							
								<li><a role="menuitem" id="sub-menu-6_6" href="http://shop.coles.com.au/online/national/dairy--eggs-meals/dairy-eggs/cheese" title="Cheese">Cheese</a></li>
							
								<li><a role="menuitem" id="sub-menu-6_7" href="http://shop.coles.com.au/online/national/dairy--eggs-meals/dairy-eggs/gourmet-cheese" title="Gourmet Cheese">Gourmet Cheese</a></li>
							
								<li><a role="menuitem" id="sub-menu-6_8" href="http://shop.coles.com.au/online/national/dairy--eggs-meals/dairy-eggs/butter-margarine" title="Butter &amp; Margarine">Butter &amp; Margarine</a></li>
							
								<li><a role="menuitem" id="sub-menu-6_9" href="http://shop.coles.com.au/online/national/dairy--eggs-meals/dairy-eggs/cream" title="Cream">Cream</a></li>
							
								<li><a role="menuitem" id="sub-menu-6_10" href="http://shop.coles.com.au/online/national/dairy--eggs-meals/dairy-eggs/custard" title="Custard">Custard</a></li>
							
								<li><a role="menuitem" id="sub-menu-6_11" href="http://shop.coles.com.au/online/national/dairy--eggs-meals/dairy-eggs/dips" title="Dips">Dips</a></li>
							
								<li><a role="menuitem" id="sub-menu-6_12" href="http://shop.coles.com.au/online/national/dairy--eggs-meals/dairy-eggs/desserts" title="Desserts">Desserts</a></li>
							
							<li class="section"><a role="menuitem" id="sub-menu-6_13" href="http://shop.coles.com.au/online/national/dairy--eggs-meals/fresh-pasta-sauces" title="Fresh Pasta &amp; Sauces sub category">Fresh Pasta &amp; Sauces</a></li>
							
							
								<li><a role="menuitem" id="sub-menu-6_14" href="http://shop.coles.com.au/online/national/dairy--eggs-meals/fresh-pasta-sauces/fresh-pasta-noodles" title="Fresh Pasta &amp; Noodles">Fresh Pasta &amp; Noodles</a></li>
							
								<li><a role="menuitem" id="sub-menu-6_15" href="http://shop.coles.com.au/online/national/dairy--eggs-meals/fresh-pasta-sauces/pasta-sauces" title="Pasta Sauces">Pasta Sauces</a></li>
							
							<li class="section"><a role="menuitem" id="sub-menu-6_16" href="http://shop.coles.com.au/online/national/dairy--eggs-meals/garlic-bread-pastry-sheets" title="Garlic Bread &amp; Pastry Sheets sub category">Garlic Bread &amp; Pastry Sheets</a></li>
							
							
								<li><a role="menuitem" id="sub-menu-6_17" href="http://shop.coles.com.au/online/national/dairy--eggs-meals/garlic-bread-pastry-sheets/chilled-garlic-specialty-breads" title="Chilled Garlic &amp; Specialty Breads">Chilled Garlic &amp; Specialty Breads</a></li>
							
								<li><a role="menuitem" id="sub-menu-6_18" href="http://shop.coles.com.au/online/national/dairy--eggs-meals/garlic-bread-pastry-sheets/chilled-pastry-dough" title="Chilled Pastry &amp; Dough">Chilled Pastry &amp; Dough</a></li>
							
							<li class="section"><a role="menuitem" id="sub-menu-6_19" href="http://shop.coles.com.au/online/national/dairy--eggs-meals/ready-to-eat-meals" title="Ready to Eat Meals sub category">Ready to Eat Meals</a></li>
							
							
								<li><a role="menuitem" id="sub-menu-6_20" href="http://shop.coles.com.au/online/national/dairy--eggs-meals/ready-to-eat-meals/thai-meals" title="Thai Meals">Thai Meals</a></li>
							
								<li><a role="menuitem" id="sub-menu-6_21" href="http://shop.coles.com.au/online/national/dairy--eggs-meals/ready-to-eat-meals/rice-based-meals" title="Indian Meals">Indian Meals</a></li>
							
								<li><a role="menuitem" id="sub-menu-6_22" href="http://shop.coles.com.au/online/national/dairy--eggs-meals/ready-to-eat-meals/hot-snacks-sides" title="Hot Snacks &amp; Sides">Hot Snacks &amp; Sides</a></li>
							
								<li><a role="menuitem" id="sub-menu-6_23" href="http://shop.coles.com.au/online/national/dairy--eggs-meals/ready-to-eat-meals/nann--roti--pappadums" title="Naan, Roti, Pappadums">Naan, Roti, Pappadums</a></li>
							
								<li><a role="menuitem" id="sub-menu-6_24" href="http://shop.coles.com.au/online/national/dairy--eggs-meals/ready-to-eat-meals/pasta-meals-456613" title="Italian Meals &amp; Pasta">Italian Meals &amp; Pasta</a></li>
							
								<li><a role="menuitem" id="sub-menu-6_25" href="http://shop.coles.com.au/online/national/dairy--eggs-meals/ready-to-eat-meals/pies-pastries" title="Pies &amp; Pastries">Pies &amp; Pastries</a></li>
							
								<li><a role="menuitem" id="sub-menu-6_26" href="http://shop.coles.com.au/online/national/dairy--eggs-meals/ready-to-eat-meals/pizzas" title="Pizzas">Pizzas</a></li>
							
								<li><a role="menuitem" id="sub-menu-6_27" href="http://shop.coles.com.au/online/national/dairy--eggs-meals/ready-to-eat-meals/soups-stews" title="Soups &amp; Stews">Soups &amp; Stews</a></li>
							
							<li class="section"><a role="menuitem" id="sub-menu-6_28" href="http://shop.coles.com.au/online/national/dairy--eggs-meals/meat-alternatives" title="Vegetarian Options sub category">Vegetarian Options</a></li>
							
							
								<li><a role="menuitem" id="sub-menu-6_29" href="http://shop.coles.com.au/online/national/dairy--eggs-meals/meat-alternatives/soy" title="Soy">Soy</a></li>
							
								<li><a role="menuitem" id="sub-menu-6_30" href="http://shop.coles.com.au/online/national/dairy--eggs-meals/meat-alternatives/tofu" title="Tofu">Tofu</a></li>
							
								<li><a role="menuitem" id="sub-menu-6_31" href="http://shop.coles.com.au/online/national/dairy--eggs-meals/meat-alternatives/falafels" title="Falafels">Falafels</a></li>
							
								<li><a role="menuitem" id="sub-menu-6_32" href="http://shop.coles.com.au/online/national/dairy--eggs-meals/meat-alternatives/vegie-burgers-sausages" title="Vegie Burgers &amp; Sausages">Vegie Burgers &amp; Sausages</a></li>
							
								<li><a role="menuitem" id="sub-menu-6_33" href="http://shop.coles.com.au/online/national/dairy--eggs-meals/meat-alternatives/vegie-bacon-mince" title="Vegie Bacon &amp; Mince">Vegie Bacon &amp; Mince</a></li>
							
					</ul>
				</div>							
											
			</li>									
		
			
			<li>
				
							
					<a role="menuitem" id="aisleMenu_7" aria-haspopup="true" href="http://shop.coles.com.au/online/national/pantry" class="aisle" title="Browse the Pantry aisle">
						Pantry <span>→</span>
					</a>
					
					<div id="menu-7" class="column-list clearfix" data-rows="22" role="navigation">
						<h2>
							<a role="menuitem" id="sub-menu-7_0" class="subCatHeader" title="Pantry Category" href="http://shop.coles.com.au/online/national/pantry">
								Pantry
							</a>
							<span class="aisle-search">&nbsp;
								<a role="menuitem" id="sub-menu-7_1" class="browseAllSubCategory" href="http://shop.coles.com.au/online/national/pantry/pantry" title="Browse all items">
								 Browse all items<span>→</span>
								</a>
							</span>
						</h2>
						
						
					<ul role="menu" id="sub-menu-7" data-col-items="menu-7" class="hidden">
						
							<li class="section"><a role="menuitem" id="sub-menu-7_2" href="http://shop.coles.com.au/online/national/pantry/breakfast" title="Breakfast sub category">Breakfast</a></li>
							
							
								<li><a role="menuitem" id="sub-menu-7_3" href="http://shop.coles.com.au/online/national/pantry/breakfast/cereals" title="Cereals">Cereals</a></li>
							
								<li><a role="menuitem" id="sub-menu-7_4" href="http://shop.coles.com.au/online/national/pantry/breakfast/breakfast-drinks" title="Breakfast Drinks">Breakfast Drinks</a></li>
							
							<li class="section"><a role="menuitem" id="sub-menu-7_5" href="http://shop.coles.com.au/online/national/pantry/snacks" title="Snacks sub category">Snacks</a></li>
							
							
								<li><a role="menuitem" id="sub-menu-7_6" href="http://shop.coles.com.au/online/national/pantry/snacks/potato-chips" title="Potato Chips">Potato Chips</a></li>
							
								<li><a role="menuitem" id="sub-menu-7_7" href="http://shop.coles.com.au/online/national/pantry/snacks/corn-chips-salsa" title="Corn Chips &amp; Salsa">Corn Chips &amp; Salsa</a></li>
							
								<li><a role="menuitem" id="sub-menu-7_8" href="http://shop.coles.com.au/online/national/pantry/snacks/popcorn" title="Popcorn">Popcorn</a></li>
							
								<li><a role="menuitem" id="sub-menu-7_9" href="http://shop.coles.com.au/online/national/pantry/snacks/pretzels-other-snacks" title="Pretzels &amp; Other Snacks">Pretzels &amp; Other Snacks</a></li>
							
								<li><a role="menuitem" id="sub-menu-7_10" href="http://shop.coles.com.au/online/national/pantry/snacks/biscuits-cookies" title="Biscuits &amp; Cookies">Biscuits &amp; Cookies</a></li>
							
								<li><a role="menuitem" id="sub-menu-7_11" href="http://shop.coles.com.au/online/national/pantry/snacks/nuts-trail-mix" title="Nuts &amp; Trail Mix">Nuts &amp; Trail Mix</a></li>
							
								<li><a role="menuitem" id="sub-menu-7_12" href="http://shop.coles.com.au/online/national/pantry/snacks/fruit-snacks" title="Fruit Snacks">Fruit Snacks</a></li>
							
								<li><a role="menuitem" id="sub-menu-7_13" href="http://shop.coles.com.au/online/national/pantry/snacks/muesli-snack-bars" title="Muesli &amp; Snack Bars">Muesli &amp; Snack Bars</a></li>
							
								<li><a role="menuitem" id="sub-menu-7_14" href="http://shop.coles.com.au/online/national/pantry/snacks/jelly" title="Jelly">Jelly</a></li>
							
								<li><a role="menuitem" id="sub-menu-7_15" href="http://shop.coles.com.au/online/national/pantry/snacks/ice-cream-cones-toppings" title="Ice-cream Cones &amp; Toppings">Ice-cream Cones &amp; Toppings</a></li>
							
								<li><a role="menuitem" id="sub-menu-7_16" href="http://shop.coles.com.au/online/national/pantry/snacks/dairy-snacks" title="Dairy Snacks">Dairy Snacks</a></li>
							
								<li><a role="menuitem" id="sub-menu-7_17" href="http://shop.coles.com.au/online/national/pantry/snacks/rice-corn-snacks" title="Rice &amp; Corn Snacks">Rice &amp; Corn Snacks</a></li>
							
								<li><a role="menuitem" id="sub-menu-7_18" href="http://shop.coles.com.au/online/national/pantry/snacks/crackers-cripsbreads" title="Crackers &amp; Crispbreads">Crackers &amp; Crispbreads</a></li>
							
								<li><a role="menuitem" id="sub-menu-7_19" href="http://shop.coles.com.au/online/national/pantry/snacks/party-packs-366011" title="Party Packs">Party Packs</a></li>
							
							<li class="section"><a role="menuitem" id="sub-menu-7_20" href="http://shop.coles.com.au/online/national/pantry/chocolates-lollies" title="Confectionery sub category">Confectionery</a></li>
							
							
								<li><a role="menuitem" id="sub-menu-7_21" href="http://shop.coles.com.au/online/national/pantry/chocolates-lollies/chocolates" title="Chocolates">Chocolates</a></li>
							
								<li><a role="menuitem" id="sub-menu-7_22" href="http://shop.coles.com.au/online/national/pantry/chocolates-lollies/lollies" title="Lollies">Lollies</a></li>
							
								<li><a role="menuitem" id="sub-menu-7_23" href="http://shop.coles.com.au/online/national/pantry/chocolates-lollies/gum" title="Gum &amp; Mints">Gum &amp; Mints</a></li>
							
								<li><a role="menuitem" id="sub-menu-7_24" href="http://shop.coles.com.au/online/national/pantry/chocolates-lollies/medicated-lozenges" title="Medicated Lozenges">Medicated Lozenges</a></li>
							
							<li class="section"><a role="menuitem" id="sub-menu-7_25" href="http://shop.coles.com.au/online/national/pantry/herbs-spices" title="Herbs &amp; Spices sub category">Herbs &amp; Spices</a></li>
							
							
								<li><a role="menuitem" id="sub-menu-7_26" href="http://shop.coles.com.au/online/national/pantry/herbs-spices/dried-herbs" title="Dried Herbs">Dried Herbs</a></li>
							
								<li><a role="menuitem" id="sub-menu-7_27" href="http://shop.coles.com.au/online/national/pantry/herbs-spices/salt--pepper-spices" title="Salt, Pepper &amp; Spices">Salt, Pepper &amp; Spices</a></li>
							
								<li><a role="menuitem" id="sub-menu-7_28" href="http://shop.coles.com.au/online/national/pantry/herbs-spices/marinades-seasonings" title="Marinades &amp; Seasonings">Marinades &amp; Seasonings</a></li>
							
							<li class="section"><a role="menuitem" id="sub-menu-7_29" href="http://shop.coles.com.au/online/national/pantry/health-foods" title="Health Foods sub category">Health Foods</a></li>
							
							
								<li><a role="menuitem" id="sub-menu-7_30" href="http://shop.coles.com.au/online/national/pantry/health-foods/cooking" title="Cooking">Cooking</a></li>
							
							<li class="section"><a role="menuitem" id="sub-menu-7_31" href="http://shop.coles.com.au/online/national/pantry/stocks-gravy" title="Stocks &amp; Gravy sub category">Stocks &amp; Gravy</a></li>
							
							
								<li><a role="menuitem" id="sub-menu-7_32" href="http://shop.coles.com.au/online/national/pantry/stocks-gravy/dry-stock" title="Dry Stock">Dry Stock</a></li>
							
								<li><a role="menuitem" id="sub-menu-7_33" href="http://shop.coles.com.au/online/national/pantry/stocks-gravy/liquid-stock" title="Liquid Stock">Liquid Stock</a></li>
							
								<li><a role="menuitem" id="sub-menu-7_34" href="http://shop.coles.com.au/online/national/pantry/stocks-gravy/gravy" title="Gravy">Gravy</a></li>
							
							<li class="section"><a role="menuitem" id="sub-menu-7_35" href="http://shop.coles.com.au/online/national/pantry/baking" title="Baking sub category">Baking</a></li>
							
							
								<li><a role="menuitem" id="sub-menu-7_36" href="http://shop.coles.com.au/online/national/pantry/baking/flour" title="Flour">Flour</a></li>
							
								<li><a role="menuitem" id="sub-menu-7_37" href="http://shop.coles.com.au/online/national/pantry/baking/sugar-sweeteners" title="Sugar &amp; Sweeteners">Sugar &amp; Sweeteners</a></li>
							
								<li><a role="menuitem" id="sub-menu-7_38" href="http://shop.coles.com.au/online/national/pantry/baking/breadcrumbs-stuffing" title="Breadcrumbs &amp; Stuffing">Breadcrumbs &amp; Stuffing</a></li>
							
								<li><a role="menuitem" id="sub-menu-7_39" href="http://shop.coles.com.au/online/national/pantry/baking/yeast-baking-agents" title="Yeast &amp; Baking Agents">Yeast &amp; Baking Agents</a></li>
							
								<li><a role="menuitem" id="sub-menu-7_40" href="http://shop.coles.com.au/online/national/pantry/baking/cake-decorating" title="Cake Decorating">Cake Decorating</a></li>
							
								<li><a role="menuitem" id="sub-menu-7_41" href="http://shop.coles.com.au/online/national/pantry/baking/cake-bread-mixes" title="Cake &amp; Bread Mixes">Cake &amp; Bread Mixes</a></li>
							
								<li><a role="menuitem" id="sub-menu-7_42" href="http://shop.coles.com.au/online/national/pantry/baking/essence-food-colouring" title="Essence &amp; Food Colouring">Essence &amp; Food Colouring</a></li>
							
								<li><a role="menuitem" id="sub-menu-7_43" href="http://shop.coles.com.au/online/national/pantry/baking/dried-fruits-fillings" title="Dried Fruits &amp; Fillings">Dried Fruits &amp; Fillings</a></li>
							
								<li><a role="menuitem" id="sub-menu-7_44" href="http://shop.coles.com.au/online/national/pantry/baking/cooking-chocolate-cocoa" title="Cooking Chocolate &amp; Cocoa">Cooking Chocolate &amp; Cocoa</a></li>
							
								<li><a role="menuitem" id="sub-menu-7_45" href="http://shop.coles.com.au/online/national/pantry/baking/pancake-batter-mixes" title="Pancake &amp; Dessert Mixes">Pancake &amp; Dessert Mixes</a></li>
							
							<li class="section"><a role="menuitem" id="sub-menu-7_46" href="http://shop.coles.com.au/online/national/pantry/condiments" title="Condiments sub category">Condiments</a></li>
							
							
								<li><a role="menuitem" id="sub-menu-7_47" href="http://shop.coles.com.au/online/national/pantry/condiments/pickles--chutney-relish" title="Pickles, Chutney &amp; Relish">Pickles, Chutney &amp; Relish</a></li>
							
								<li><a role="menuitem" id="sub-menu-7_48" href="http://shop.coles.com.au/online/national/pantry/condiments/salad-dressings" title="Salad Dressings">Salad Dressings</a></li>
							
								<li><a role="menuitem" id="sub-menu-7_49" href="http://shop.coles.com.au/online/national/pantry/condiments/mayonnaise" title="Mayonnaise">Mayonnaise</a></li>
							
								<li><a role="menuitem" id="sub-menu-7_50" href="http://shop.coles.com.au/online/national/pantry/condiments/jams-spreads" title="Jams &amp; Spreads">Jams &amp; Spreads</a></li>
							
								<li><a role="menuitem" id="sub-menu-7_51" href="http://shop.coles.com.au/online/national/pantry/condiments/honey" title="Honey">Honey</a></li>
							
								<li><a role="menuitem" id="sub-menu-7_52" href="http://shop.coles.com.au/online/national/pantry/condiments/syrups-toppings" title="Syrups &amp; Toppings">Syrups &amp; Toppings</a></li>
							
								<li><a role="menuitem" id="sub-menu-7_53" href="http://shop.coles.com.au/online/national/pantry/condiments/mustard" title="Mustard">Mustard</a></li>
							
							<li class="section"><a role="menuitem" id="sub-menu-7_54" href="http://shop.coles.com.au/online/national/pantry/sauces" title="Sauces sub category">Sauces</a></li>
							
							
								<li><a role="menuitem" id="sub-menu-7_55" href="http://shop.coles.com.au/online/national/pantry/sauces/pizza-pasta" title="Pizza &amp; Pasta">Pizza &amp; Pasta</a></li>
							
								<li><a role="menuitem" id="sub-menu-7_56" href="http://shop.coles.com.au/online/national/pantry/sauces/recipe-meal-bases" title="Recipe &amp; Meal Bases">Recipe &amp; Meal Bases</a></li>
							
								<li><a role="menuitem" id="sub-menu-7_57" href="http://shop.coles.com.au/online/national/pantry/sauces/soy-asian" title="Soy &amp; Asian">Soy &amp; Asian</a></li>
							
								<li><a role="menuitem" id="sub-menu-7_58" href="http://shop.coles.com.au/online/national/pantry/sauces/stir-fry-and-curries" title="Stir-fry and Curries">Stir-fry and Curries</a></li>
							
								<li><a role="menuitem" id="sub-menu-7_59" href="http://shop.coles.com.au/online/national/pantry/sauces/tabasco-specialty" title="Sweet Chilli &amp; Hot">Sweet Chilli &amp; Hot</a></li>
							
								<li><a role="menuitem" id="sub-menu-7_60" href="http://shop.coles.com.au/online/national/pantry/sauces/tomato-bbq" title="Tomato &amp; BBQ">Tomato &amp; BBQ</a></li>
							
							<li class="section"><a role="menuitem" id="sub-menu-7_61" href="http://shop.coles.com.au/online/national/pantry/oils-vinegars" title="Oils &amp; Vinegars sub category">Oils &amp; Vinegars</a></li>
							
							
								<li><a role="menuitem" id="sub-menu-7_62" href="http://shop.coles.com.au/online/national/pantry/oils-vinegars/vinegar" title="Vinegar">Vinegar</a></li>
							
								<li><a role="menuitem" id="sub-menu-7_63" href="http://shop.coles.com.au/online/national/pantry/oils-vinegars/oil" title="Oil">Oil</a></li>
							
							<li class="section"><a role="menuitem" id="sub-menu-7_64" href="http://shop.coles.com.au/online/national/pantry/pasta--rice--grains" title="Pasta, Rice, Grains sub category">Pasta, Rice, Grains</a></li>
							
							
								<li><a role="menuitem" id="sub-menu-7_65" href="http://shop.coles.com.au/online/national/pantry/pasta--rice--grains/fresh-pasta" title="Fresh Pasta">Fresh Pasta</a></li>
							
								<li><a role="menuitem" id="sub-menu-7_66" href="http://shop.coles.com.au/online/national/pantry/pasta--rice--grains/dried-pasta" title="Dried Pasta">Dried Pasta</a></li>
							
								<li><a role="menuitem" id="sub-menu-7_67" href="http://shop.coles.com.au/online/national/pantry/pasta--rice--grains/rice" title="Rice">Rice</a></li>
							
								<li><a role="menuitem" id="sub-menu-7_68" href="http://shop.coles.com.au/online/national/pantry/pasta--rice--grains/pantry-beans-legumes" title="Beans &amp; Legumes">Beans &amp; Legumes</a></li>
							
								<li><a role="menuitem" id="sub-menu-7_69" href="http://shop.coles.com.au/online/national/pantry/pasta--rice--grains/polenta-other-grains" title="Polenta &amp; Other Grains">Polenta &amp; Other Grains</a></li>
							
							<li class="section"><a role="menuitem" id="sub-menu-7_70" href="http://shop.coles.com.au/online/national/pantry/canned-foods--soups-noodles" title="Canned Foods, Soups &amp; Noodles sub category">Canned Foods, Soups &amp; Noodles</a></li>
							
							
								<li><a role="menuitem" id="sub-menu-7_71" href="http://shop.coles.com.au/online/national/pantry/canned-foods--soups-noodles/beans-legumes" title="Canned Beans &amp; Legumes">Canned Beans &amp; Legumes</a></li>
							
								<li><a role="menuitem" id="sub-menu-7_72" href="http://shop.coles.com.au/online/national/pantry/canned-foods--soups-noodles/noodles" title="Noodles">Noodles</a></li>
							
								<li><a role="menuitem" id="sub-menu-7_73" href="http://shop.coles.com.au/online/national/pantry/canned-foods--soups-noodles/canned-fruit" title="Canned Fruit">Canned Fruit</a></li>
							
								<li><a role="menuitem" id="sub-menu-7_74" href="http://shop.coles.com.au/online/national/pantry/canned-foods--soups-noodles/canned-vegetables" title="Canned Vegetables">Canned Vegetables</a></li>
							
								<li><a role="menuitem" id="sub-menu-7_75" href="http://shop.coles.com.au/online/national/pantry/canned-foods--soups-noodles/canned-meat" title="Canned Meat">Canned Meat</a></li>
							
								<li><a role="menuitem" id="sub-menu-7_76" href="http://shop.coles.com.au/online/national/pantry/canned-foods--soups-noodles/condensed-evaporated-milk" title="Condensed &amp; Evaporated Milk">Condensed &amp; Evaporated Milk</a></li>
							
								<li><a role="menuitem" id="sub-menu-7_77" href="http://shop.coles.com.au/online/national/pantry/canned-foods--soups-noodles/instant-meals-sides" title="Instant Meals &amp; Sides">Instant Meals &amp; Sides</a></li>
							
								<li><a role="menuitem" id="sub-menu-7_78" href="http://shop.coles.com.au/online/national/pantry/canned-foods--soups-noodles/fish-seafood" title="Fish/Seafood">Fish/Seafood</a></li>
							
								<li><a role="menuitem" id="sub-menu-7_79" href="http://shop.coles.com.au/online/national/pantry/canned-foods--soups-noodles/baked-bins-tinned-spaghetti" title="Baked Beans &amp; Spaghetti">Baked Beans &amp; Spaghetti</a></li>
							
								<li><a role="menuitem" id="sub-menu-7_80" href="http://shop.coles.com.au/online/national/pantry/canned-foods--soups-noodles/soups" title="Soups">Soups</a></li>
							
							<li class="section"><a role="menuitem" id="sub-menu-7_81" href="http://shop.coles.com.au/online/national/pantry/tea-coffee" title="Tea &amp; Coffee sub category">Tea &amp; Coffee</a></li>
							
							
								<li><a role="menuitem" id="sub-menu-7_82" href="http://shop.coles.com.au/online/national/pantry/tea-coffee/tea" title="Tea">Tea</a></li>
							
								<li><a role="menuitem" id="sub-menu-7_83" href="http://shop.coles.com.au/online/national/pantry/tea-coffee/coffee" title="Coffee">Coffee</a></li>
							
								<li><a role="menuitem" id="sub-menu-7_84" href="http://shop.coles.com.au/online/national/pantry/tea-coffee/filters-accessories" title="Filters &amp; Accessories">Filters &amp; Accessories</a></li>
							
							<li class="section"><a role="menuitem" id="sub-menu-7_85" href="http://shop.coles.com.au/online/national/pantry/local-foods" title="Local Foods sub category">Local Foods</a></li>
							
							
								<li><a role="menuitem" id="sub-menu-7_86" href="http://shop.coles.com.au/online/national/pantry/local-foods/cereal-health-foods" title="Cereal &amp; Health Foods">Cereal &amp; Health Foods</a></li>
							
								<li><a role="menuitem" id="sub-menu-7_87" href="http://shop.coles.com.au/online/national/pantry/local-foods/local-snacks-drinks" title="Local Snacks &amp; Drinks">Local Snacks &amp; Drinks</a></li>
							
								<li><a role="menuitem" id="sub-menu-7_88" href="http://shop.coles.com.au/online/national/pantry/local-foods/pantry-local-foods" title="Pantry Local Foods">Pantry Local Foods</a></li>
							
							<li class="section"><a role="menuitem" id="sub-menu-7_89" href="http://shop.coles.com.au/online/national/pantry/easter-snacks" title="Easter Confectionery sub category">Easter Confectionery</a></li>
							
							
								<li><a role="menuitem" id="sub-menu-7_90" href="http://shop.coles.com.au/online/national/pantry/easter-snacks/easter-bunnies" title="Easter Bunnies">Easter Bunnies</a></li>
							
								<li><a role="menuitem" id="sub-menu-7_91" href="http://shop.coles.com.au/online/national/pantry/easter-snacks/easter-egg-sharepacks" title="Easter Egg Sharepacks">Easter Egg Sharepacks</a></li>
							
								<li><a role="menuitem" id="sub-menu-7_92" href="http://shop.coles.com.au/online/national/pantry/easter-snacks/easter-eggs" title="Easter Eggs">Easter Eggs</a></li>
							
					</ul>
				</div>							
											
			</li>									
		
			
			<li>
				
							
					<a role="menuitem" id="aisleMenu_8" aria-haspopup="true" href="http://shop.coles.com.au/online/national/frozen" class="aisle" title="Browse the Frozen aisle">
						Frozen <span>→</span>
					</a>
					
					<div id="menu-8" class="column-list clearfix" data-rows="22" role="navigation">
						<h2>
							<a role="menuitem" id="sub-menu-8_0" class="subCatHeader" title="Frozen Category" href="http://shop.coles.com.au/online/national/frozen">
								Frozen
							</a>
							<span class="aisle-search">&nbsp;
								<a role="menuitem" id="sub-menu-8_1" class="browseAllSubCategory" href="http://shop.coles.com.au/online/national/frozen/frozen" title="Browse all items">
								 Browse all items<span>→</span>
								</a>
							</span>
						</h2>
						
						
					<ul role="menu" id="sub-menu-8" data-col-items="menu-8" class="hidden">
						
							<li class="section"><a role="menuitem" id="sub-menu-8_2" href="http://shop.coles.com.au/online/national/frozen/frozen-chips-wedges" title="Chips &amp; Wedges sub category">Chips &amp; Wedges</a></li>
							
							
								<li><a role="menuitem" id="sub-menu-8_3" href="http://shop.coles.com.au/online/national/frozen/frozen-chips-wedges/chips" title="Chips">Chips</a></li>
							
								<li><a role="menuitem" id="sub-menu-8_4" href="http://shop.coles.com.au/online/national/frozen/frozen-chips-wedges/hashbrowns" title="Hashbrowns">Hashbrowns</a></li>
							
								<li><a role="menuitem" id="sub-menu-8_5" href="http://shop.coles.com.au/online/national/frozen/frozen-chips-wedges/wedges" title="Wedges">Wedges</a></li>
							
							<li class="section"><a role="menuitem" id="sub-menu-8_6" href="http://shop.coles.com.au/online/national/frozen/convenience-meals" title="Convenience Meals sub category">Convenience Meals</a></li>
							
							
								<li><a role="menuitem" id="sub-menu-8_7" href="http://shop.coles.com.au/online/national/frozen/convenience-meals/all-convenience-meals" title="All Convenience Meals">All Convenience Meals</a></li>
							
								<li><a role="menuitem" id="sub-menu-8_8" href="http://shop.coles.com.au/online/national/frozen/convenience-meals/kosher-convenience-meals" title="Kosher Convenience Meals">Kosher Convenience Meals</a></li>
							
							<li class="section"><a role="menuitem" id="sub-menu-8_9" href="http://shop.coles.com.au/online/national/frozen/frozen-desserts" title="Frozen Desserts sub category">Frozen Desserts</a></li>
							
							
								<li><a role="menuitem" id="sub-menu-8_10" href="http://shop.coles.com.au/online/national/frozen/frozen-desserts/assorted-desserts" title="Assorted Desserts">Assorted Desserts</a></li>
							
								<li><a role="menuitem" id="sub-menu-8_11" href="http://shop.coles.com.au/online/national/frozen/frozen-desserts/cakes-cheesecakes" title="Cakes &amp; Cheesecakes">Cakes &amp; Cheesecakes</a></li>
							
								<li><a role="menuitem" id="sub-menu-8_12" href="http://shop.coles.com.au/online/national/frozen/frozen-desserts/dessert-pies" title="Dessert Pies">Dessert Pies</a></li>
							
								<li><a role="menuitem" id="sub-menu-8_13" href="http://shop.coles.com.au/online/national/frozen/frozen-desserts/ice-cream-cakes" title="Ice Cream Cakes">Ice Cream Cakes</a></li>
							
								<li><a role="menuitem" id="sub-menu-8_14" href="http://shop.coles.com.au/online/national/frozen/frozen-desserts/pastries-puddings" title="Pastries &amp; Puddings">Pastries &amp; Puddings</a></li>
							
							<li class="section"><a role="menuitem" id="sub-menu-8_15" href="http://shop.coles.com.au/online/national/frozen/frozen-fish-seafood" title="Frozen Fish &amp; Seafood sub category">Frozen Fish &amp; Seafood</a></li>
							
							
								<li><a role="menuitem" id="sub-menu-8_16" href="http://shop.coles.com.au/online/national/frozen/frozen-fish-seafood/fish-fingers-cakes" title="Fish Fingers &amp; Cakes">Fish Fingers &amp; Cakes</a></li>
							
								<li><a role="menuitem" id="sub-menu-8_17" href="http://shop.coles.com.au/online/national/frozen/frozen-fish-seafood/fish-fillets" title="Fish Fillets">Fish Fillets</a></li>
							
								<li><a role="menuitem" id="sub-menu-8_18" href="http://shop.coles.com.au/online/national/frozen/frozen-fish-seafood/seafood-frozen" title="Seafood Frozen">Seafood Frozen</a></li>
							
							<li class="section"><a role="menuitem" id="sub-menu-8_19" href="http://shop.coles.com.au/online/national/frozen/frozen-fruit" title="Frozen Fruit sub category">Frozen Fruit</a></li>
							
							
								<li><a role="menuitem" id="sub-menu-8_20" href="http://shop.coles.com.au/online/national/frozen/frozen-fruit/berries" title="Berries">Berries</a></li>
							
								<li><a role="menuitem" id="sub-menu-8_21" href="http://shop.coles.com.au/online/national/frozen/frozen-fruit/tropical" title="Tropical">Tropical</a></li>
							
							<li class="section"><a role="menuitem" id="sub-menu-8_22" href="http://shop.coles.com.au/online/national/frozen/ice-cream-frozen-yoghurt" title="Ice Cream sub category">Ice Cream</a></li>
							
							
								<li><a role="menuitem" id="sub-menu-8_23" href="http://shop.coles.com.au/online/national/frozen/ice-cream-frozen-yoghurt/frozen-yoghurt" title="Frozen Yoghurt">Frozen Yoghurt</a></li>
							
								<li><a role="menuitem" id="sub-menu-8_24" href="http://shop.coles.com.au/online/national/frozen/ice-cream-frozen-yoghurt/ice-cream-desserts" title="Ice Cream Desserts">Ice Cream Desserts</a></li>
							
								<li><a role="menuitem" id="sub-menu-8_25" href="http://shop.coles.com.au/online/national/frozen/ice-cream-frozen-yoghurt/ice-cream-sticks" title="Ice Cream Sticks">Ice Cream Sticks</a></li>
							
								<li><a role="menuitem" id="sub-menu-8_26" href="http://shop.coles.com.au/online/national/frozen/ice-cream-frozen-yoghurt/ice-cream-tubs" title="Ice Cream Tubs">Ice Cream Tubs</a></li>
							
								<li><a role="menuitem" id="sub-menu-8_27" href="http://shop.coles.com.au/online/national/frozen/ice-cream-frozen-yoghurt/premium-ice-cream" title="Premium Ice Cream">Premium Ice Cream</a></li>
							
								<li><a role="menuitem" id="sub-menu-8_28" href="http://shop.coles.com.au/online/national/frozen/ice-cream-frozen-yoghurt/sorbet-gelato" title="Sorbet &amp; Gelato">Sorbet &amp; Gelato</a></li>
							
								<li><a role="menuitem" id="sub-menu-8_29" href="http://shop.coles.com.au/online/national/frozen/ice-cream-frozen-yoghurt/kosher-ice-cream" title="Kosher Ice Cream">Kosher Ice Cream</a></li>
							
							<li class="section"><a role="menuitem" id="sub-menu-8_30" href="http://shop.coles.com.au/online/national/frozen/frozen-meat" title="Frozen Meat sub category">Frozen Meat</a></li>
							
							
								<li><a role="menuitem" id="sub-menu-8_31" href="http://shop.coles.com.au/online/national/frozen/frozen-meat/beef-pork" title="Beef &amp; Pork">Beef &amp; Pork</a></li>
							
								<li><a role="menuitem" id="sub-menu-8_32" href="http://shop.coles.com.au/online/national/frozen/frozen-meat/burgers" title="Burgers">Burgers</a></li>
							
								<li><a role="menuitem" id="sub-menu-8_33" href="http://shop.coles.com.au/online/national/frozen/frozen-meat/crumbed-chicken-nuggets" title="Chicken Pieces &amp; Nuggets">Chicken Pieces &amp; Nuggets</a></li>
							
								<li><a role="menuitem" id="sub-menu-8_34" href="http://shop.coles.com.au/online/national/frozen/frozen-meat/whole-birds-rolls" title="Whole Birds &amp; Roasts">Whole Birds &amp; Roasts</a></li>
							
							<li class="section"><a role="menuitem" id="sub-menu-8_35" href="http://shop.coles.com.au/online/national/frozen/frozen-party-food-pastries" title="Frozen Party Food sub category">Frozen Party Food</a></li>
							
							
								<li><a role="menuitem" id="sub-menu-8_36" href="http://shop.coles.com.au/online/national/frozen/frozen-party-food-pastries/asian-party-food" title="Asian Party Food">Asian Party Food</a></li>
							
								<li><a role="menuitem" id="sub-menu-8_37" href="http://shop.coles.com.au/online/national/frozen/frozen-party-food-pastries/pastries" title="Pastries">Pastries</a></li>
							
								<li><a role="menuitem" id="sub-menu-8_38" href="http://shop.coles.com.au/online/national/frozen/frozen-party-food-pastries/pies-quiches" title="Pies &amp; Quiches">Pies &amp; Quiches</a></li>
							
								<li><a role="menuitem" id="sub-menu-8_39" href="http://shop.coles.com.au/online/national/frozen/frozen-party-food-pastries/party-food-1182577" title="Party Food">Party Food</a></li>
							
								<li><a role="menuitem" id="sub-menu-8_40" href="http://shop.coles.com.au/online/national/frozen/frozen-party-food-pastries/pastry-sheets" title="Pastry Sheets">Pastry Sheets</a></li>
							
							<li class="section"><a role="menuitem" id="sub-menu-8_41" href="http://shop.coles.com.au/online/national/frozen/frozen-pizzas" title="Frozen Pizzas sub category">Frozen Pizzas</a></li>
							
							
								<li><a role="menuitem" id="sub-menu-8_42" href="http://shop.coles.com.au/online/national/frozen/frozen-pizzas/pizza-snacks" title="Pizza Snacks">Pizza Snacks</a></li>
							
								<li><a role="menuitem" id="sub-menu-8_43" href="http://shop.coles.com.au/online/national/frozen/frozen-pizzas/pizzas-1182607" title="Pizzas">Pizzas</a></li>
							
							<li class="section"><a role="menuitem" id="sub-menu-8_44" href="http://shop.coles.com.au/online/national/frozen/frozen-vegetables" title="Frozen Vegetables sub category">Frozen Vegetables</a></li>
							
							
								<li><a role="menuitem" id="sub-menu-8_45" href="http://shop.coles.com.au/online/national/frozen/frozen-vegetables/beans" title="Beans">Beans</a></li>
							
								<li><a role="menuitem" id="sub-menu-8_46" href="http://shop.coles.com.au/online/national/frozen/frozen-vegetables/corn-1182820" title="Corn">Corn</a></li>
							
								<li><a role="menuitem" id="sub-menu-8_47" href="http://shop.coles.com.au/online/national/frozen/frozen-vegetables/frozen-chips" title="Frozen Chips">Frozen Chips</a></li>
							
								<li><a role="menuitem" id="sub-menu-8_48" href="http://shop.coles.com.au/online/national/frozen/frozen-vegetables/mixed-veg" title="Mixed Veg">Mixed Veg</a></li>
							
								<li><a role="menuitem" id="sub-menu-8_49" href="http://shop.coles.com.au/online/national/frozen/frozen-vegetables/oven-roast-potato" title="Oven Roast Potato">Oven Roast Potato</a></li>
							
								<li><a role="menuitem" id="sub-menu-8_50" href="http://shop.coles.com.au/online/national/frozen/frozen-vegetables/peas" title="Peas">Peas</a></li>
							
								<li><a role="menuitem" id="sub-menu-8_51" href="http://shop.coles.com.au/online/national/frozen/frozen-vegetables/steamed" title="Steamed">Steamed</a></li>
							
								<li><a role="menuitem" id="sub-menu-8_52" href="http://shop.coles.com.au/online/national/frozen/frozen-vegetables/stir-fry" title="Stir Fry">Stir Fry</a></li>
							
								<li><a role="menuitem" id="sub-menu-8_53" href="http://shop.coles.com.au/online/national/frozen/frozen-vegetables/other-veg" title="Other Veg">Other Veg</a></li>
							
					</ul>
				</div>							
											
			</li>									
		
			
			<li>
				
							
					<a role="menuitem" id="aisleMenu_9" aria-haspopup="true" href="http://shop.coles.com.au/online/national/drinks" class="aisle" title="Browse the Drinks aisle">
						Drinks <span>→</span>
					</a>
					
					<div id="menu-9" class="column-list clearfix" data-rows="22" role="navigation">
						<h2>
							<a role="menuitem" id="sub-menu-9_0" class="subCatHeader" title="Drinks Category" href="http://shop.coles.com.au/online/national/drinks">
								Drinks
							</a>
							<span class="aisle-search">&nbsp;
								<a role="menuitem" id="sub-menu-9_1" class="browseAllSubCategory" href="http://shop.coles.com.au/online/national/drinks/drinks" title="Browse all items">
								 Browse all items<span>→</span>
								</a>
							</span>
						</h2>
						
						
					<ul role="menu" id="sub-menu-9" data-col-items="menu-9" class="hidden">
						
							<li class="section"><a role="menuitem" id="sub-menu-9_2" href="http://shop.coles.com.au/online/national/drinks/cold" title="All Drinks sub category">All Drinks</a></li>
							
							
								<li><a role="menuitem" id="sub-menu-9_3" href="http://shop.coles.com.au/online/national/drinks/cold/soft-drinks" title="Soft Drinks">Soft Drinks</a></li>
							
								<li><a role="menuitem" id="sub-menu-9_4" href="http://shop.coles.com.au/online/national/drinks/cold/cordials-mixers" title="Cordials">Cordials</a></li>
							
								<li><a role="menuitem" id="sub-menu-9_5" href="http://shop.coles.com.au/online/national/drinks/cold/water" title="Water">Water</a></li>
							
								<li><a role="menuitem" id="sub-menu-9_6" href="http://shop.coles.com.au/online/national/drinks/cold/juice" title="Juice">Juice</a></li>
							
								<li><a role="menuitem" id="sub-menu-9_7" href="http://shop.coles.com.au/online/national/drinks/cold/chilled-juice" title="Chilled Juice">Chilled Juice</a></li>
							
								<li><a role="menuitem" id="sub-menu-9_8" href="http://shop.coles.com.au/online/national/drinks/cold/iced-tea" title="Iced Tea">Iced Tea</a></li>
							
								<li><a role="menuitem" id="sub-menu-9_9" href="http://shop.coles.com.au/online/national/drinks/cold/flavoured-milk" title="Flavoured Milk">Flavoured Milk</a></li>
							
								<li><a role="menuitem" id="sub-menu-9_10" href="http://shop.coles.com.au/online/national/drinks/cold/long-life-milk" title="Long-Life Milk">Long-Life Milk</a></li>
							
								<li><a role="menuitem" id="sub-menu-9_11" href="http://shop.coles.com.au/online/national/drinks/cold/sports-energy-drinks" title="Sports/Energy Drinks">Sports/Energy Drinks</a></li>
							
								<li><a role="menuitem" id="sub-menu-9_12" href="http://shop.coles.com.au/online/national/drinks/cold/non-alcoholic" title="Non-alcoholic">Non-alcoholic</a></li>
							
								<li><a role="menuitem" id="sub-menu-9_13" href="http://shop.coles.com.au/online/national/drinks/cold/powders-and-mixes" title="Powders and Mixes">Powders and Mixes</a></li>
							
								<li><a role="menuitem" id="sub-menu-9_14" href="http://shop.coles.com.au/online/national/drinks/cold/tea-bags" title="Tea">Tea</a></li>
							
								<li><a role="menuitem" id="sub-menu-9_15" href="http://shop.coles.com.au/online/national/drinks/cold/coffee-drinks" title="Coffee Drinks">Coffee Drinks</a></li>
							
								<li><a role="menuitem" id="sub-menu-9_16" href="http://shop.coles.com.au/online/national/drinks/cold/coffee-filter" title="Coffee Filters">Coffee Filters</a></li>
							
					</ul>
				</div>							
											
			</li>									
		
			
			<li>
				
							
					<a role="menuitem" id="aisleMenu_10" aria-haspopup="true" href="http://shop.coles.com.au/online/national/liquor" class="aisle" title="Browse the Liquor aisle">
						Liquor <span>→</span>
					</a>
					
					<div id="menu-10" class="column-list clearfix" data-rows="22" role="navigation">
						<h2>
							<a role="menuitem" id="sub-menu-10_0" class="subCatHeader" title="Liquor Category" href="http://shop.coles.com.au/online/national/liquor">
								Liquor
							</a>
							<span class="aisle-search">&nbsp;
								<a role="menuitem" id="sub-menu-10_1" class="browseAllSubCategory" href="http://shop.coles.com.au/online/national/liquor/liquor" title="Browse all items">
								 Browse all items<span>→</span>
								</a>
							</span>
						</h2>
						
						
					<ul role="menu" id="sub-menu-10" data-col-items="menu-10" class="hidden">
						
							<li class="section"><a role="menuitem" id="sub-menu-10_2" href="http://shop.coles.com.au/online/national/liquor/beer-cider" title="Beer &amp; Cider sub category">Beer &amp; Cider</a></li>
							
							
								<li><a role="menuitem" id="sub-menu-10_3" href="http://shop.coles.com.au/online/national/liquor/beer-cider/all-beer" title="All Beer">All Beer</a></li>
							
								<li><a role="menuitem" id="sub-menu-10_4" href="http://shop.coles.com.au/online/national/liquor/beer-cider/local-beer" title="Local Beer">Local Beer</a></li>
							
								<li><a role="menuitem" id="sub-menu-10_5" href="http://shop.coles.com.au/online/national/liquor/beer-cider/imported-beer" title="Imported Beer">Imported Beer</a></li>
							
								<li><a role="menuitem" id="sub-menu-10_6" href="http://shop.coles.com.au/online/national/liquor/beer-cider/premium-local-beer" title="Premium Local Beer">Premium Local Beer</a></li>
							
								<li><a role="menuitem" id="sub-menu-10_7" href="http://shop.coles.com.au/online/national/liquor/beer-cider/ciders" title="Ciders">Ciders</a></li>
							
							<li class="section"><a role="menuitem" id="sub-menu-10_8" href="http://shop.coles.com.au/online/national/liquor/red-fortified-wines" title="Red &amp; Fortified Wines sub category">Red &amp; Fortified Wines</a></li>
							
							
								<li><a role="menuitem" id="sub-menu-10_9" href="http://shop.coles.com.au/online/national/liquor/red-fortified-wines/all-red-wines" title="All Red Wines">All Red Wines</a></li>
							
								<li><a role="menuitem" id="sub-menu-10_10" href="http://shop.coles.com.au/online/national/liquor/red-fortified-wines/cask-red-wine" title="Cask Red Wine">Cask Red Wine</a></li>
							
								<li><a role="menuitem" id="sub-menu-10_11" href="http://shop.coles.com.au/online/national/liquor/red-fortified-wines/fortified-wines" title="Fortified Wines">Fortified Wines</a></li>
							
								<li><a role="menuitem" id="sub-menu-10_12" href="http://shop.coles.com.au/online/national/liquor/red-fortified-wines/cabernet-blends" title="Cabernet &amp; Blends">Cabernet &amp; Blends</a></li>
							
								<li><a role="menuitem" id="sub-menu-10_13" href="http://shop.coles.com.au/online/national/liquor/red-fortified-wines/merlot" title="Merlot">Merlot</a></li>
							
								<li><a role="menuitem" id="sub-menu-10_14" href="http://shop.coles.com.au/online/national/liquor/red-fortified-wines/pinot-noir" title="Pinot Noir">Pinot Noir</a></li>
							
								<li><a role="menuitem" id="sub-menu-10_15" href="http://shop.coles.com.au/online/national/liquor/red-fortified-wines/rose" title="Rose">Rose</a></li>
							
								<li><a role="menuitem" id="sub-menu-10_16" href="http://shop.coles.com.au/online/national/liquor/red-fortified-wines/shiraz-blends" title="Shiraz &amp; Blends">Shiraz &amp; Blends</a></li>
							
								<li><a role="menuitem" id="sub-menu-10_17" href="http://shop.coles.com.au/online/national/liquor/red-fortified-wines/other-red-wine-varieties" title="Other Red Wine Varieties">Other Red Wine Varieties</a></li>
							
							<li class="section"><a role="menuitem" id="sub-menu-10_18" href="http://shop.coles.com.au/online/national/liquor/white-wines" title="White Wines sub category">White Wines</a></li>
							
							
								<li><a role="menuitem" id="sub-menu-10_19" href="http://shop.coles.com.au/online/national/liquor/white-wines/all-white-wines" title="All White Wines">All White Wines</a></li>
							
								<li><a role="menuitem" id="sub-menu-10_20" href="http://shop.coles.com.au/online/national/liquor/white-wines/cask-white-wines" title="Cask White Wines">Cask White Wines</a></li>
							
								<li><a role="menuitem" id="sub-menu-10_21" href="http://shop.coles.com.au/online/national/liquor/white-wines/champagne-sparkling" title="Champagne &amp; Sparkling">Champagne &amp; Sparkling</a></li>
							
								<li><a role="menuitem" id="sub-menu-10_22" href="http://shop.coles.com.au/online/national/liquor/white-wines/chardonnay-blends" title="Chardonnay &amp; Blends">Chardonnay &amp; Blends</a></li>
							
								<li><a role="menuitem" id="sub-menu-10_23" href="http://shop.coles.com.au/online/national/liquor/white-wines/pinot-gris-grigio" title="Pinot Gris &amp; Grigio">Pinot Gris &amp; Grigio</a></li>
							
								<li><a role="menuitem" id="sub-menu-10_24" href="http://shop.coles.com.au/online/national/liquor/white-wines/riesling" title="Riesling">Riesling</a></li>
							
								<li><a role="menuitem" id="sub-menu-10_25" href="http://shop.coles.com.au/online/national/liquor/white-wines/sauvignon-blanc" title="Sauvignon Blanc">Sauvignon Blanc</a></li>
							
								<li><a role="menuitem" id="sub-menu-10_26" href="http://shop.coles.com.au/online/national/liquor/white-wines/semillon-blends" title="Semillon &amp; Blends">Semillon &amp; Blends</a></li>
							
								<li><a role="menuitem" id="sub-menu-10_27" href="http://shop.coles.com.au/online/national/liquor/white-wines/other-white-wine-varieties" title="Other White Wine Varieties">Other White Wine Varieties</a></li>
							
							<li class="section"><a role="menuitem" id="sub-menu-10_28" href="http://shop.coles.com.au/online/national/liquor/spirits" title="Spirits sub category">Spirits</a></li>
							
							
								<li><a role="menuitem" id="sub-menu-10_29" href="http://shop.coles.com.au/online/national/liquor/spirits/all-spirits" title="All Spirits">All Spirits</a></li>
							
								<li><a role="menuitem" id="sub-menu-10_30" href="http://shop.coles.com.au/online/national/liquor/spirits/dark-spirits" title="Dark Spirits">Dark Spirits</a></li>
							
								<li><a role="menuitem" id="sub-menu-10_31" href="http://shop.coles.com.au/online/national/liquor/spirits/white-spirits" title="White Spirits">White Spirits</a></li>
							
								<li><a role="menuitem" id="sub-menu-10_32" href="http://shop.coles.com.au/online/national/liquor/spirits/liqueurs" title="Liqueurs">Liqueurs</a></li>
							
								<li><a role="menuitem" id="sub-menu-10_33" href="http://shop.coles.com.au/online/national/liquor/spirits/aperitif-cocktails" title="Aperitif &amp; Cocktails">Aperitif &amp; Cocktails</a></li>
							
								<li><a role="menuitem" id="sub-menu-10_34" href="http://shop.coles.com.au/online/national/liquor/spirits/bourbon" title="Bourbon">Bourbon</a></li>
							
								<li><a role="menuitem" id="sub-menu-10_35" href="http://shop.coles.com.au/online/national/liquor/spirits/gin" title="Gin">Gin</a></li>
							
								<li><a role="menuitem" id="sub-menu-10_36" href="http://shop.coles.com.au/online/national/liquor/spirits/rum" title="Rum">Rum</a></li>
							
								<li><a role="menuitem" id="sub-menu-10_37" href="http://shop.coles.com.au/online/national/liquor/spirits/scotch-whiskey" title="Scotch &amp; Whiskey">Scotch &amp; Whiskey</a></li>
							
								<li><a role="menuitem" id="sub-menu-10_38" href="http://shop.coles.com.au/online/national/liquor/spirits/vodka" title="Vodka">Vodka</a></li>
							
							<li class="section"><a role="menuitem" id="sub-menu-10_39" href="http://shop.coles.com.au/online/national/liquor/premixed-non-alcoholic" title="Premixed &amp; Non Alcoholic sub category">Premixed &amp; Non Alcoholic</a></li>
							
							
								<li><a role="menuitem" id="sub-menu-10_40" href="http://shop.coles.com.au/online/national/liquor/premixed-non-alcoholic/premixed-drinks" title="Premixed Drinks">Premixed Drinks</a></li>
							
								<li><a role="menuitem" id="sub-menu-10_41" href="http://shop.coles.com.au/online/national/liquor/premixed-non-alcoholic/non-alcoholic-drinks" title="Non-Alcoholic Drinks">Non-Alcoholic Drinks</a></li>
							
							<li class="section"><a role="menuitem" id="sub-menu-10_42" href="http://shop.coles.com.au/online/national/liquor/ice-accessories" title="Ice &amp; Accessories sub category">Ice &amp; Accessories</a></li>
							
							
								<li><a role="menuitem" id="sub-menu-10_43" href="http://shop.coles.com.au/online/national/liquor/ice-accessories/glasses" title="Glasses">Glasses</a></li>
							
								<li><a role="menuitem" id="sub-menu-10_44" href="http://shop.coles.com.au/online/national/liquor/ice-accessories/bagged-ice" title="Bagged Ice">Bagged Ice</a></li>
							
					</ul>
				</div>							
											
			</li>									
		
			
			<li>
				
							
					<a role="menuitem" id="aisleMenu_11" aria-haspopup="true" href="http://shop.coles.com.au/online/national/international-food" class="aisle" title="Browse the International Foods aisle">
						International Foods <span>→</span>
					</a>
					
					<div id="menu-11" class="column-list clearfix" data-rows="22" role="navigation">
						<h2>
							<a role="menuitem" id="sub-menu-11_0" class="subCatHeader" title="International Foods Category" href="http://shop.coles.com.au/online/national/international-food">
								International Foods
							</a>
							<span class="aisle-search">&nbsp;
								<a role="menuitem" id="sub-menu-11_1" class="browseAllSubCategory" href="http://shop.coles.com.au/online/national/international-food/international-food" title="Browse all items">
								 Browse all items<span>→</span>
								</a>
							</span>
						</h2>
						
						
					<ul role="menu" id="sub-menu-11" data-col-items="menu-11" class="hidden">
						
							<li class="section"><a role="menuitem" id="sub-menu-11_2" href="http://shop.coles.com.au/online/national/international-food/cuisine" title="International Food sub category">International Food</a></li>
							
							
								<li><a role="menuitem" id="sub-menu-11_3" href="http://shop.coles.com.au/online/national/international-food/cuisine/asian" title="Asian">Asian</a></li>
							
								<li><a role="menuitem" id="sub-menu-11_4" href="http://shop.coles.com.au/online/national/international-food/cuisine/italian" title="Italian">Italian</a></li>
							
								<li><a role="menuitem" id="sub-menu-11_5" href="http://shop.coles.com.au/online/national/international-food/cuisine/european" title="European">European</a></li>
							
								<li><a role="menuitem" id="sub-menu-11_6" href="http://shop.coles.com.au/online/national/international-food/cuisine/indian" title="Indian">Indian</a></li>
							
								<li><a role="menuitem" id="sub-menu-11_7" href="http://shop.coles.com.au/online/national/international-food/cuisine/mexican" title="Mexican">Mexican</a></li>
							
								<li><a role="menuitem" id="sub-menu-11_8" href="http://shop.coles.com.au/online/national/international-food/cuisine/middle-eastern" title="Middle Eastern">Middle Eastern</a></li>
							
								<li><a role="menuitem" id="sub-menu-11_9" href="http://shop.coles.com.au/online/national/international-food/cuisine/new-zealand" title="New Zealand">New Zealand</a></li>
							
								<li><a role="menuitem" id="sub-menu-11_10" href="http://shop.coles.com.au/online/national/international-food/cuisine/uk-foods" title="UK Foods">UK Foods</a></li>
							
								<li><a role="menuitem" id="sub-menu-11_11" href="http://shop.coles.com.au/online/national/international-food/cuisine/south-african" title="South African">South African</a></li>
							
							<li class="section"><a role="menuitem" id="sub-menu-11_12" href="http://shop.coles.com.au/online/national/international-food/kosher-foods" title="Kosher sub category">Kosher</a></li>
							
							
								<li><a role="menuitem" id="sub-menu-11_13" href="http://shop.coles.com.au/online/national/international-food/kosher-foods/dairy-kosher" title="Dairy Kosher">Dairy Kosher</a></li>
							
								<li><a role="menuitem" id="sub-menu-11_14" href="http://shop.coles.com.au/online/national/international-food/kosher-foods/drinks-kosher" title="Drinks Kosher">Drinks Kosher</a></li>
							
								<li><a role="menuitem" id="sub-menu-11_15" href="http://shop.coles.com.au/online/national/international-food/kosher-foods/frozen-kosher" title="Frozen Kosher">Frozen Kosher</a></li>
							
								<li><a role="menuitem" id="sub-menu-11_16" href="http://shop.coles.com.au/online/national/international-food/kosher-foods/meat-kosher" title="Meat Kosher">Meat Kosher</a></li>
							
								<li><a role="menuitem" id="sub-menu-11_17" href="http://shop.coles.com.au/online/national/international-food/kosher-foods/pantry-kosher" title="Pantry Kosher">Pantry Kosher</a></li>
							
							<li class="section"><a role="menuitem" id="sub-menu-11_18" href="http://shop.coles.com.au/online/national/international-food/halal-foods" title="Halal sub category">Halal</a></li>
							
							
								<li><a role="menuitem" id="sub-menu-11_19" href="http://shop.coles.com.au/online/national/international-food/halal-foods/dairy-halal" title="Dairy Halal">Dairy Halal</a></li>
							
								<li><a role="menuitem" id="sub-menu-11_20" href="http://shop.coles.com.au/online/national/international-food/halal-foods/drinks-halal" title="Drinks Halal">Drinks Halal</a></li>
							
								<li><a role="menuitem" id="sub-menu-11_21" href="http://shop.coles.com.au/online/national/international-food/halal-foods/frozen-halal" title="Frozen Halal">Frozen Halal</a></li>
							
								<li><a role="menuitem" id="sub-menu-11_22" href="http://shop.coles.com.au/online/national/international-food/halal-foods/meat-halal" title="Meat Halal">Meat Halal</a></li>
							
								<li><a role="menuitem" id="sub-menu-11_23" href="http://shop.coles.com.au/online/national/international-food/halal-foods/pantry-halal" title="Pantry Halal">Pantry Halal</a></li>
							
					</ul>
				</div>							
											
			</li>									
		
			
			<li>
				
							
					<a role="menuitem" id="aisleMenu_12" aria-haspopup="true" href="http://shop.coles.com.au/online/national/healthy-living" class="aisle" title="Browse the Healthy Living aisle">
						Healthy Living <span>→</span>
					</a>
					
					<div id="menu-12" class="column-list clearfix" data-rows="22" role="navigation">
						<h2>
							<a role="menuitem" id="sub-menu-12_0" class="subCatHeader" title="Healthy Living Category" href="http://shop.coles.com.au/online/national/healthy-living">
								Healthy Living
							</a>
							<span class="aisle-search">&nbsp;
								<a role="menuitem" id="sub-menu-12_1" class="browseAllSubCategory" href="http://shop.coles.com.au/online/national/healthy-living/healthy-living" title="Browse all items">
								 Browse all items<span>→</span>
								</a>
							</span>
						</h2>
						
						
					<ul role="menu" id="sub-menu-12" data-col-items="menu-12" class="hidden">
						
							<li class="section"><a role="menuitem" id="sub-menu-12_2" href="http://shop.coles.com.au/online/national/healthy-living/gluten-free" title="Gluten Free sub category">Gluten Free</a></li>
							
							
								<li><a role="menuitem" id="sub-menu-12_3" href="http://shop.coles.com.au/online/national/healthy-living/gluten-free/gluten-free-bakery" title="Bakery Gluten Free">Bakery Gluten Free</a></li>
							
								<li><a role="menuitem" id="sub-menu-12_4" href="http://shop.coles.com.au/online/national/healthy-living/gluten-free/gluten-free-baby-food" title="Baby Food Gluten Free">Baby Food Gluten Free</a></li>
							
								<li><a role="menuitem" id="sub-menu-12_5" href="http://shop.coles.com.au/online/national/healthy-living/gluten-free/gluten-free-baking" title="Baking Gluten Free">Baking Gluten Free</a></li>
							
								<li><a role="menuitem" id="sub-menu-12_6" href="http://shop.coles.com.au/online/national/healthy-living/gluten-free/gluten-free-dairy" title="Dairy Gluten Free">Dairy Gluten Free</a></li>
							
								<li><a role="menuitem" id="sub-menu-12_7" href="http://shop.coles.com.au/online/national/healthy-living/gluten-free/gluten-free-deli" title="Deli Gluten Free">Deli Gluten Free</a></li>
							
								<li><a role="menuitem" id="sub-menu-12_8" href="http://shop.coles.com.au/online/national/healthy-living/gluten-free/gluten-free-drinks" title="Drinks Gluten Free">Drinks Gluten Free</a></li>
							
								<li><a role="menuitem" id="sub-menu-12_9" href="http://shop.coles.com.au/online/national/healthy-living/gluten-free/gluten-free-frozen" title="Frozen Gluten Free">Frozen Gluten Free</a></li>
							
								<li><a role="menuitem" id="sub-menu-12_10" href="http://shop.coles.com.au/online/national/healthy-living/gluten-free/gluten-free-international-foods" title="International Foods Gluten Free">International Foods Gluten Free</a></li>
							
								<li><a role="menuitem" id="sub-menu-12_11" href="http://shop.coles.com.au/online/national/healthy-living/gluten-free/gluten-free-meals" title="Meals Gluten Free">Meals Gluten Free</a></li>
							
								<li><a role="menuitem" id="sub-menu-12_12" href="http://shop.coles.com.au/online/national/healthy-living/gluten-free/gluten-free-meat" title="Meat Gluten Free">Meat Gluten Free</a></li>
							
								<li><a role="menuitem" id="sub-menu-12_13" href="http://shop.coles.com.au/online/national/healthy-living/gluten-free/gluten-free-pantry" title="Pantry Gluten Free">Pantry Gluten Free</a></li>
							
								<li><a role="menuitem" id="sub-menu-12_14" href="http://shop.coles.com.au/online/national/healthy-living/gluten-free/gluten-free-pasta" title="Pasta Gluten Free">Pasta Gluten Free</a></li>
							
								<li><a role="menuitem" id="sub-menu-12_15" href="http://shop.coles.com.au/online/national/healthy-living/gluten-free/gluten-free-snacks" title="Snacks Gluten Free">Snacks Gluten Free</a></li>
							
								<li><a role="menuitem" id="sub-menu-12_16" href="http://shop.coles.com.au/online/national/healthy-living/gluten-free/gluten-free-medicinal-products" title="Vitamins &amp; Medicinal Gluten Free">Vitamins &amp; Medicinal Gluten Free</a></li>
							
							<li class="section"><a role="menuitem" id="sub-menu-12_17" href="http://shop.coles.com.au/online/national/healthy-living/organic" title="Organic sub category">Organic</a></li>
							
							
								<li><a role="menuitem" id="sub-menu-12_18" href="http://shop.coles.com.au/online/national/healthy-living/organic/bakery-organic" title="Bakery Organic">Bakery Organic</a></li>
							
								<li><a role="menuitem" id="sub-menu-12_19" href="http://shop.coles.com.au/online/national/healthy-living/organic/baby-organic" title="Baby Organic">Baby Organic</a></li>
							
								<li><a role="menuitem" id="sub-menu-12_20" href="http://shop.coles.com.au/online/national/healthy-living/organic/dairy-eggs-organic" title="Dairy &amp; Eggs Organic">Dairy &amp; Eggs Organic</a></li>
							
								<li><a role="menuitem" id="sub-menu-12_21" href="http://shop.coles.com.au/online/national/healthy-living/organic/drinks-organic" title="Drinks Organic">Drinks Organic</a></li>
							
								<li><a role="menuitem" id="sub-menu-12_22" href="http://shop.coles.com.au/online/national/healthy-living/organic/fruit-vegetables-organic" title="Fruit &amp; Vegetables Organic">Fruit &amp; Vegetables Organic</a></li>
							
								<li><a role="menuitem" id="sub-menu-12_23" href="http://shop.coles.com.au/online/national/healthy-living/organic/meals-organic" title="Meals Organic">Meals Organic</a></li>
							
								<li><a role="menuitem" id="sub-menu-12_24" href="http://shop.coles.com.au/online/national/healthy-living/organic/meat-organic" title="Meat Organic">Meat Organic</a></li>
							
								<li><a role="menuitem" id="sub-menu-12_25" href="http://shop.coles.com.au/online/national/healthy-living/organic/pantry-organic" title="Pantry Organic">Pantry Organic</a></li>
							
								<li><a role="menuitem" id="sub-menu-12_26" href="http://shop.coles.com.au/online/national/healthy-living/organic/international-foods-organic" title="International Foods Organic">International Foods Organic</a></li>
							
								<li><a role="menuitem" id="sub-menu-12_27" href="http://shop.coles.com.au/online/national/healthy-living/organic/health-beauty-organic" title="Health &amp; Beauty Organic">Health &amp; Beauty Organic</a></li>
							
							<li class="section"><a role="menuitem" id="sub-menu-12_28" href="http://shop.coles.com.au/online/national/healthy-living/healthier-choices" title="Healthier Choices sub category">Healthier Choices</a></li>
							
							
								<li><a role="menuitem" id="sub-menu-12_29" href="http://shop.coles.com.au/online/national/healthy-living/healthier-choices/bakery-healthier-choices" title="Bakery Healthier Choices">Bakery Healthier Choices</a></li>
							
								<li><a role="menuitem" id="sub-menu-12_30" href="http://shop.coles.com.au/online/national/healthy-living/healthier-choices/breakfast-healthier-choices" title="Breakfast Healthier Choices">Breakfast Healthier Choices</a></li>
							
								<li><a role="menuitem" id="sub-menu-12_31" href="http://shop.coles.com.au/online/national/healthy-living/healthier-choices/canned-fish-healthier-choices" title="Canned Fish Healthier Choices">Canned Fish Healthier Choices</a></li>
							
								<li><a role="menuitem" id="sub-menu-12_32" href="http://shop.coles.com.au/online/national/healthy-living/healthier-choices/canned-fruit-veg-healthier-choices" title="Canned Fruit &amp; Veg Healthier Choices">Canned Fruit &amp; Veg Healthier Choices</a></li>
							
								<li><a role="menuitem" id="sub-menu-12_33" href="http://shop.coles.com.au/online/national/healthy-living/healthier-choices/dairy-eggs-healthier-choices" title="Dairy &amp; Eggs Healthier Choices">Dairy &amp; Eggs Healthier Choices</a></li>
							
								<li><a role="menuitem" id="sub-menu-12_34" href="http://shop.coles.com.au/online/national/healthy-living/healthier-choices/deli-healthier-choices" title="Deli Healthier Choices">Deli Healthier Choices</a></li>
							
								<li><a role="menuitem" id="sub-menu-12_35" href="http://shop.coles.com.au/online/national/healthy-living/healthier-choices/drinks-healthier-choices" title="Drinks Healthier Choices">Drinks Healthier Choices</a></li>
							
								<li><a role="menuitem" id="sub-menu-12_36" href="http://shop.coles.com.au/online/national/healthy-living/healthier-choices/frozen-healthier-choices" title="Frozen Healthier Choices">Frozen Healthier Choices</a></li>
							
								<li><a role="menuitem" id="sub-menu-12_37" href="http://shop.coles.com.au/online/national/healthy-living/healthier-choices/meat-seafood-healthier-choices" title="Meat &amp; Seafood Healthier Choices">Meat &amp; Seafood Healthier Choices</a></li>
							
								<li><a role="menuitem" id="sub-menu-12_38" href="http://shop.coles.com.au/online/national/healthy-living/healthier-choices/oils--rice-pasta-healthier-choices" title="Oils, Rice &amp; Pasta Healthier Choices">Oils, Rice &amp; Pasta Healthier Choices</a></li>
							
								<li><a role="menuitem" id="sub-menu-12_39" href="http://shop.coles.com.au/online/national/healthy-living/healthier-choices/pantry-healthier-choices" title="Pantry Healthier Choices">Pantry Healthier Choices</a></li>
							
								<li><a role="menuitem" id="sub-menu-12_40" href="http://shop.coles.com.au/online/national/healthy-living/healthier-choices/snacks-healthier-choices" title="Snacks Healthier Choices">Snacks Healthier Choices</a></li>
							
							<li class="section"><a role="menuitem" id="sub-menu-12_41" href="http://shop.coles.com.au/online/national/healthy-living/diet-sports-nutrition" title="Diet &amp; Sports Nutrition sub category">Diet &amp; Sports Nutrition</a></li>
							
							
								<li><a role="menuitem" id="sub-menu-12_42" href="http://shop.coles.com.au/online/national/healthy-living/diet-sports-nutrition/diet-weightloss" title="Diet &amp; Weightloss">Diet &amp; Weightloss</a></li>
							
								<li><a role="menuitem" id="sub-menu-12_43" href="http://shop.coles.com.au/online/national/healthy-living/diet-sports-nutrition/sport-nutrition-supplements" title="Sports Nutrition &amp; Supplements">Sports Nutrition &amp; Supplements</a></li>
							
							<li class="section"><a role="menuitem" id="sub-menu-12_44" href="http://shop.coles.com.au/online/national/healthy-living/vegetarian" title="Vegetarian sub category">Vegetarian</a></li>
							
							
								<li><a role="menuitem" id="sub-menu-12_45" href="http://shop.coles.com.au/online/national/healthy-living/vegetarian/baby-food-vegetarian" title="Baby Food Vegetarian">Baby Food Vegetarian</a></li>
							
								<li><a role="menuitem" id="sub-menu-12_46" href="http://shop.coles.com.au/online/national/healthy-living/vegetarian/bakery-vegetarian" title="Bakery Vegetarian">Bakery Vegetarian</a></li>
							
								<li><a role="menuitem" id="sub-menu-12_47" href="http://shop.coles.com.au/online/national/healthy-living/vegetarian/dairy-vegetarian" title="Dairy Vegetarian">Dairy Vegetarian</a></li>
							
								<li><a role="menuitem" id="sub-menu-12_48" href="http://shop.coles.com.au/online/national/healthy-living/vegetarian/frozen-vegetarian" title="Frozen Vegetarian">Frozen Vegetarian</a></li>
							
								<li><a role="menuitem" id="sub-menu-12_49" href="http://shop.coles.com.au/online/national/healthy-living/vegetarian/international-foods-vegetarian" title="International Foods Vegetarian">International Foods Vegetarian</a></li>
							
								<li><a role="menuitem" id="sub-menu-12_50" href="http://shop.coles.com.au/online/national/healthy-living/vegetarian/meals-vegetarian" title="Meals Vegetarian">Meals Vegetarian</a></li>
							
								<li><a role="menuitem" id="sub-menu-12_51" href="http://shop.coles.com.au/online/national/healthy-living/vegetarian/meat-free-vegetarian" title="Meat-Free Vegetarian">Meat-Free Vegetarian</a></li>
							
								<li><a role="menuitem" id="sub-menu-12_52" href="http://shop.coles.com.au/online/national/healthy-living/vegetarian/pantry-vegetarian" title="Pantry Vegetarian">Pantry Vegetarian</a></li>
							
								<li><a role="menuitem" id="sub-menu-12_53" href="http://shop.coles.com.au/online/national/healthy-living/vegetarian/snacks-vegetarian" title="Snacks Vegetarian">Snacks Vegetarian</a></li>
							
							<li class="section"><a role="menuitem" id="sub-menu-12_54" href="http://shop.coles.com.au/online/national/healthy-living/whole-foods" title="Wholefoods sub category">Wholefoods</a></li>
							
							
								<li><a role="menuitem" id="sub-menu-12_55" href="http://shop.coles.com.au/online/national/healthy-living/whole-foods/breakfast-wholefoods" title="Breakfast Wholefoods">Breakfast Wholefoods</a></li>
							
								<li><a role="menuitem" id="sub-menu-12_56" href="http://shop.coles.com.au/online/national/healthy-living/whole-foods/dairy-wholefoods" title="Dairy Wholefoods">Dairy Wholefoods</a></li>
							
								<li><a role="menuitem" id="sub-menu-12_57" href="http://shop.coles.com.au/online/national/healthy-living/whole-foods/drinks-wholefoods" title="Drinks Wholefoods">Drinks Wholefoods</a></li>
							
								<li><a role="menuitem" id="sub-menu-12_58" href="http://shop.coles.com.au/online/national/healthy-living/whole-foods/frozen-wholefoods" title="Frozen Wholefoods">Frozen Wholefoods</a></li>
							
								<li><a role="menuitem" id="sub-menu-12_59" href="http://shop.coles.com.au/online/national/healthy-living/whole-foods/international-wholefoods" title="International Wholefoods">International Wholefoods</a></li>
							
								<li><a role="menuitem" id="sub-menu-12_60" href="http://shop.coles.com.au/online/national/healthy-living/whole-foods/pantry-wholefoods" title="Pantry Wholefoods">Pantry Wholefoods</a></li>
							
								<li><a role="menuitem" id="sub-menu-12_61" href="http://shop.coles.com.au/online/national/healthy-living/whole-foods/snacks-wholefoods" title="Snacks Wholefoods">Snacks Wholefoods</a></li>
							
							<li class="section"><a role="menuitem" id="sub-menu-12_62" href="http://shop.coles.com.au/online/national/healthy-living/vitamins-health-supplements" title="Vitamins sub category">Vitamins</a></li>
							
							
								<li><a role="menuitem" id="sub-menu-12_63" href="http://shop.coles.com.au/online/national/healthy-living/vitamins-health-supplements/arthritis-joints" title="Arthritis &amp; Joints">Arthritis &amp; Joints</a></li>
							
								<li><a role="menuitem" id="sub-menu-12_64" href="http://shop.coles.com.au/online/national/healthy-living/vitamins-health-supplements/bone-muscle-health" title="Bone &amp; Muscle Health">Bone &amp; Muscle Health</a></li>
							
								<li><a role="menuitem" id="sub-menu-12_65" href="http://shop.coles.com.au/online/national/healthy-living/vitamins-health-supplements/brain-heart-health" title="Brain &amp; Heart Health">Brain &amp; Heart Health</a></li>
							
								<li><a role="menuitem" id="sub-menu-12_66" href="http://shop.coles.com.au/online/national/healthy-living/vitamins-health-supplements/cold-flu" title="Cold &amp; Flu">Cold &amp; Flu</a></li>
							
								<li><a role="menuitem" id="sub-menu-12_67" href="http://shop.coles.com.au/online/national/healthy-living/vitamins-health-supplements/detox-digestion" title="Detox &amp; Digestion">Detox &amp; Digestion</a></li>
							
								<li><a role="menuitem" id="sub-menu-12_68" href="http://shop.coles.com.au/online/national/healthy-living/vitamins-health-supplements/eyes-care" title="Eyes Care">Eyes Care</a></li>
							
								<li><a role="menuitem" id="sub-menu-12_69" href="http://shop.coles.com.au/online/national/healthy-living/vitamins-health-supplements/fatigue-stress" title="Fatigue &amp; Stress">Fatigue &amp; Stress</a></li>
							
								<li><a role="menuitem" id="sub-menu-12_70" href="http://shop.coles.com.au/online/national/healthy-living/vitamins-health-supplements/fish-oil-nutritional" title="Fish Oil &amp; Nutritional">Fish Oil &amp; Nutritional</a></li>
							
								<li><a role="menuitem" id="sub-menu-12_71" href="http://shop.coles.com.au/online/national/healthy-living/vitamins-health-supplements/hair--skin-nails" title="Hair, Skin &amp; Nails">Hair, Skin &amp; Nails</a></li>
							
								<li><a role="menuitem" id="sub-menu-12_72" href="http://shop.coles.com.au/online/national/healthy-living/vitamins-health-supplements/iron" title="Iron">Iron</a></li>
							
								<li><a role="menuitem" id="sub-menu-12_73" href="http://shop.coles.com.au/online/national/healthy-living/vitamins-health-supplements/kids-health" title="Kids Health">Kids Health</a></li>
							
								<li><a role="menuitem" id="sub-menu-12_74" href="http://shop.coles.com.au/online/national/healthy-living/vitamins-health-supplements/mens-health" title="Mens Health">Mens Health</a></li>
							
								<li><a role="menuitem" id="sub-menu-12_75" href="http://shop.coles.com.au/online/national/healthy-living/vitamins-health-supplements/multi-vitamins" title="Multi Vitamins">Multi Vitamins</a></li>
							
								<li><a role="menuitem" id="sub-menu-12_76" href="http://shop.coles.com.au/online/national/healthy-living/vitamins-health-supplements/urinary" title="Urinary">Urinary</a></li>
							
								<li><a role="menuitem" id="sub-menu-12_77" href="http://shop.coles.com.au/online/national/healthy-living/vitamins-health-supplements/womens-health" title="Womens Health">Womens Health</a></li>
							
					</ul>
				</div>							
											
			</li>									
		
			
			<li>
				
							
					<a role="menuitem" id="aisleMenu_13" aria-haspopup="true" href="http://shop.coles.com.au/online/national/household" class="aisle" title="Browse the Household aisle">
						Household <span>→</span>
					</a>
					
					<div id="menu-13" class="column-list clearfix" data-rows="22" role="navigation">
						<h2>
							<a role="menuitem" id="sub-menu-13_0" class="subCatHeader" title="Household Category" href="http://shop.coles.com.au/online/national/household">
								Household
							</a>
							<span class="aisle-search">&nbsp;
								<a role="menuitem" id="sub-menu-13_1" class="browseAllSubCategory" href="http://shop.coles.com.au/online/national/household/household" title="Browse all items">
								 Browse all items<span>→</span>
								</a>
							</span>
						</h2>
						
						
					<ul role="menu" id="sub-menu-13" data-col-items="menu-13" class="hidden">
						
							<li class="section"><a role="menuitem" id="sub-menu-13_2" href="http://shop.coles.com.au/online/national/household/bathroom" title="Bathroom sub category">Bathroom</a></li>
							
							
								<li><a role="menuitem" id="sub-menu-13_3" href="http://shop.coles.com.au/online/national/household/bathroom/bath-towels" title="Bath Towels">Bath Towels</a></li>
							
								<li><a role="menuitem" id="sub-menu-13_4" href="http://shop.coles.com.au/online/national/household/bathroom/shower-bath" title="Shower &amp; Bath">Shower &amp; Bath</a></li>
							
								<li><a role="menuitem" id="sub-menu-13_5" href="http://shop.coles.com.au/online/national/household/bathroom/toilet" title="Toilet Cleaning">Toilet Cleaning</a></li>
							
								<li><a role="menuitem" id="sub-menu-13_6" href="http://shop.coles.com.au/online/national/household/bathroom/toilet-paper-378047" title="Toilet Paper">Toilet Paper</a></li>
							
							<li class="section"><a role="menuitem" id="sub-menu-13_7" href="http://shop.coles.com.au/online/national/household/general-purpose-cleaners" title="Cleaners All Purpose sub category">Cleaners All Purpose</a></li>
							
							
								<li><a role="menuitem" id="sub-menu-13_8" href="http://shop.coles.com.au/online/national/household/general-purpose-cleaners/carpet" title="Carpet">Carpet</a></li>
							
								<li><a role="menuitem" id="sub-menu-13_9" href="http://shop.coles.com.au/online/national/household/general-purpose-cleaners/drain-solvent" title="Drain &amp; Solvent">Drain &amp; Solvent</a></li>
							
								<li><a role="menuitem" id="sub-menu-13_10" href="http://shop.coles.com.au/online/national/household/general-purpose-cleaners/floor" title="Floor">Floor</a></li>
							
								<li><a role="menuitem" id="sub-menu-13_11" href="http://shop.coles.com.au/online/national/household/general-purpose-cleaners/furniture--fabric-metal" title="Furniture, Fabric &amp; Metal">Furniture, Fabric &amp; Metal</a></li>
							
								<li><a role="menuitem" id="sub-menu-13_12" href="http://shop.coles.com.au/online/national/household/general-purpose-cleaners/surface-all-purpose" title="Surface &amp; All-purpose">Surface &amp; All-purpose</a></li>
							
								<li><a role="menuitem" id="sub-menu-13_13" href="http://shop.coles.com.au/online/national/household/general-purpose-cleaners/window-glass" title="Window &amp; Glass">Window &amp; Glass</a></li>
							
							<li class="section"><a role="menuitem" id="sub-menu-13_14" href="http://shop.coles.com.au/online/national/household/cooking-and-baking" title="Cooking and Baking sub category">Cooking and Baking</a></li>
							
							
								<li><a role="menuitem" id="sub-menu-13_15" href="http://shop.coles.com.au/online/national/household/cooking-and-baking/foil--baking-paper-oven-bags" title="Foil, Baking Paper &amp; Oven Bags">Foil, Baking Paper &amp; Oven Bags</a></li>
							
								<li><a role="menuitem" id="sub-menu-13_16" href="http://shop.coles.com.au/online/national/household/cooking-and-baking/kitchen-linen" title="Kitchen Linen">Kitchen Linen</a></li>
							
								<li><a role="menuitem" id="sub-menu-13_17" href="http://shop.coles.com.au/online/national/household/cooking-and-baking/pots-saucepans" title="Pots &amp; Saucepans">Pots &amp; Saucepans</a></li>
							
								<li><a role="menuitem" id="sub-menu-13_18" href="http://shop.coles.com.au/online/national/household/cooking-and-baking/tins-trays" title="Tins &amp; Trays">Tins &amp; Trays</a></li>
							
								<li><a role="menuitem" id="sub-menu-13_19" href="http://shop.coles.com.au/online/national/household/cooking-and-baking/utensils-gadgets" title="Utensils &amp; Gadgets">Utensils &amp; Gadgets</a></li>
							
							<li class="section"><a role="menuitem" id="sub-menu-13_20" href="http://shop.coles.com.au/online/national/household/electrical" title="Electrical sub category">Electrical</a></li>
							
							
								<li><a role="menuitem" id="sub-menu-13_21" href="http://shop.coles.com.au/online/national/household/electrical/audio-visual" title="Audio Visual">Audio Visual</a></li>
							
								<li><a role="menuitem" id="sub-menu-13_22" href="http://shop.coles.com.au/online/national/household/electrical/batteries" title="Batteries">Batteries</a></li>
							
								<li><a role="menuitem" id="sub-menu-13_23" href="http://shop.coles.com.au/online/national/household/electrical/extensions-cords-adapters" title="Extensions Cords &amp; Adapters">Extensions Cords &amp; Adapters</a></li>
							
								<li><a role="menuitem" id="sub-menu-13_24" href="http://shop.coles.com.au/online/national/household/electrical/lighting" title="Lighting">Lighting</a></li>
							
								<li><a role="menuitem" id="sub-menu-13_25" href="http://shop.coles.com.au/online/national/household/electrical/torches" title="Torches">Torches</a></li>
							
							<li class="section"><a role="menuitem" id="sub-menu-13_26" href="http://shop.coles.com.au/online/national/household/food-storage" title="Food Storage sub category">Food Storage</a></li>
							
							
								<li><a role="menuitem" id="sub-menu-13_27" href="http://shop.coles.com.au/online/national/household/food-storage/plastic-wrap-bags" title="Plastic Wrap &amp; Bags">Plastic Wrap &amp; Bags</a></li>
							
								<li><a role="menuitem" id="sub-menu-13_28" href="http://shop.coles.com.au/online/national/household/food-storage/sandwich-freezer-bags" title="Sandwich &amp; Freezer bags">Sandwich &amp; Freezer bags</a></li>
							
								<li><a role="menuitem" id="sub-menu-13_29" href="http://shop.coles.com.au/online/national/household/food-storage/tubs-containers" title="Tubs &amp; Containers">Tubs &amp; Containers</a></li>
							
							<li class="section"><a role="menuitem" id="sub-menu-13_30" href="http://shop.coles.com.au/online/national/household/garden" title="Garden sub category">Garden</a></li>
							
							
								<li><a role="menuitem" id="sub-menu-13_31" href="http://shop.coles.com.au/online/national/household/garden/d%C3%A9cor" title="Décor">Décor</a></li>
							
								<li><a role="menuitem" id="sub-menu-13_32" href="http://shop.coles.com.au/online/national/household/garden/gloves-tools" title="Gloves &amp; Tools">Gloves &amp; Tools</a></li>
							
								<li><a role="menuitem" id="sub-menu-13_33" href="http://shop.coles.com.au/online/national/household/garden/insecticide-weed-control" title="Insecticide &amp; Weed Control">Insecticide &amp; Weed Control</a></li>
							
								<li><a role="menuitem" id="sub-menu-13_34" href="http://shop.coles.com.au/online/national/household/garden/lawncare-plant-food" title="Lawncare &amp; Plant Food">Lawncare &amp; Plant Food</a></li>
							
								<li><a role="menuitem" id="sub-menu-13_35" href="http://shop.coles.com.au/online/national/household/garden/pest-control" title="Pest Control">Pest Control</a></li>
							
								<li><a role="menuitem" id="sub-menu-13_36" href="http://shop.coles.com.au/online/national/household/garden/potting-mix--fertilizer" title="Potting Mix, Fertilizer">Potting Mix, Fertilizer</a></li>
							
								<li><a role="menuitem" id="sub-menu-13_37" href="http://shop.coles.com.au/online/national/household/garden/seeds-plants" title="Seeds &amp; Plants">Seeds &amp; Plants</a></li>
							
								<li><a role="menuitem" id="sub-menu-13_38" href="http://shop.coles.com.au/online/national/household/garden/watering" title="Watering">Watering</a></li>
							
							<li class="section"><a role="menuitem" id="sub-menu-13_39" href="http://shop.coles.com.au/online/national/household/gifting" title="Gifting &amp; Occasions sub category">Gifting &amp; Occasions</a></li>
							
							
								<li><a role="menuitem" id="sub-menu-13_40" href="http://shop.coles.com.au/online/national/household/gifting/valentines-day-992168" title="Valentines Day">Valentines Day</a></li>
							
							<li class="section"><a role="menuitem" id="sub-menu-13_41" href="http://shop.coles.com.au/online/national/household/hardware" title="Hardware sub category">Hardware</a></li>
							
							
								<li><a role="menuitem" id="sub-menu-13_42" href="http://shop.coles.com.au/online/national/household/hardware/adhesives--glues-tapes" title="Adhesives, Glues &amp; Tapes">Adhesives, Glues &amp; Tapes</a></li>
							
								<li><a role="menuitem" id="sub-menu-13_43" href="http://shop.coles.com.au/online/national/household/hardware/car-care" title="Car Care">Car Care</a></li>
							
								<li><a role="menuitem" id="sub-menu-13_44" href="http://shop.coles.com.au/online/national/household/hardware/hooks-fasteners" title="Hooks &amp; Fasteners">Hooks &amp; Fasteners</a></li>
							
								<li><a role="menuitem" id="sub-menu-13_45" href="http://shop.coles.com.au/online/national/household/hardware/matches-candles" title="Matches &amp; Candles">Matches &amp; Candles</a></li>
							
								<li><a role="menuitem" id="sub-menu-13_46" href="http://shop.coles.com.au/online/national/household/hardware/pest-control-hardware" title="Pest Control Hardware">Pest Control Hardware</a></li>
							
								<li><a role="menuitem" id="sub-menu-13_47" href="http://shop.coles.com.au/online/national/household/hardware/security" title="Security">Security</a></li>
							
							<li class="section"><a role="menuitem" id="sub-menu-13_48" href="http://shop.coles.com.au/online/national/household/homewares" title="Homewares sub category">Homewares</a></li>
							
							
								<li><a role="menuitem" id="sub-menu-13_49" href="http://shop.coles.com.au/online/national/household/homewares/appliances" title="Appliances">Appliances</a></li>
							
								<li><a role="menuitem" id="sub-menu-13_50" href="http://shop.coles.com.au/online/national/household/homewares/bathroom-accessories" title="Bathroom Accessories">Bathroom Accessories</a></li>
							
								<li><a role="menuitem" id="sub-menu-13_51" href="http://shop.coles.com.au/online/national/household/homewares/bed-pillows-linen" title="Bed Pillows &amp; Linen">Bed Pillows &amp; Linen</a></li>
							
								<li><a role="menuitem" id="sub-menu-13_52" href="http://shop.coles.com.au/online/national/household/homewares/cutlery-servingware" title="Cutlery &amp; Servingware">Cutlery &amp; Servingware</a></li>
							
								<li><a role="menuitem" id="sub-menu-13_53" href="http://shop.coles.com.au/online/national/household/homewares/glassware" title="Glassware">Glassware</a></li>
							
								<li><a role="menuitem" id="sub-menu-13_54" href="http://shop.coles.com.au/online/national/household/homewares/storage" title="Home Storage">Home Storage</a></li>
							
								<li><a role="menuitem" id="sub-menu-13_55" href="http://shop.coles.com.au/online/national/household/homewares/mugs-cups" title="Mugs &amp; Cups">Mugs &amp; Cups</a></li>
							
								<li><a role="menuitem" id="sub-menu-13_56" href="http://shop.coles.com.au/online/national/household/homewares/plates-bowls" title="Plates &amp; Bowls">Plates &amp; Bowls</a></li>
							
								<li><a role="menuitem" id="sub-menu-13_57" href="http://shop.coles.com.au/online/national/household/homewares/sewing" title="Sewing">Sewing</a></li>
							
								<li><a role="menuitem" id="sub-menu-13_58" href="http://shop.coles.com.au/online/national/household/homewares/towels" title="Tea Towels &amp; Aprons">Tea Towels &amp; Aprons</a></li>
							
								<li><a role="menuitem" id="sub-menu-13_59" href="http://shop.coles.com.au/online/national/household/homewares/textiles-accessories" title="Textiles &amp; Accessories">Textiles &amp; Accessories</a></li>
							
								<li><a role="menuitem" id="sub-menu-13_60" href="http://shop.coles.com.au/online/national/household/homewares/water-filtration" title="Water Filtration">Water Filtration</a></li>
							
							<li class="section"><a role="menuitem" id="sub-menu-13_61" href="http://shop.coles.com.au/online/national/household/household-accessories" title="Household Accessories sub category">Household Accessories</a></li>
							
							
								<li><a role="menuitem" id="sub-menu-13_62" href="http://shop.coles.com.au/online/national/household/household-accessories/air-fresheners" title="Air Fresheners">Air Fresheners</a></li>
							
								<li><a role="menuitem" id="sub-menu-13_63" href="http://shop.coles.com.au/online/national/household/household-accessories/gloves" title="Gloves">Gloves</a></li>
							
								<li><a role="menuitem" id="sub-menu-13_64" href="http://shop.coles.com.au/online/national/household/household-accessories/mops--buckets-brooms" title="Mops, Buckets &amp; Brooms">Mops, Buckets &amp; Brooms</a></li>
							
								<li><a role="menuitem" id="sub-menu-13_65" href="http://shop.coles.com.au/online/national/household/household-accessories/paper-towels--sponges-and-brushes" title="Paper Towels, Sponges and Brushes">Paper Towels, Sponges and Brushes</a></li>
							
							<li class="section"><a role="menuitem" id="sub-menu-13_66" href="http://shop.coles.com.au/online/national/household/kitchen" title="Kitchen sub category">Kitchen</a></li>
							
							
								<li><a role="menuitem" id="sub-menu-13_67" href="http://shop.coles.com.au/online/national/household/kitchen/dishwashing" title="Dishwashing">Dishwashing</a></li>
							
								<li><a role="menuitem" id="sub-menu-13_68" href="http://shop.coles.com.au/online/national/household/kitchen/oven-stovetop" title="Oven &amp; Stovetop">Oven &amp; Stovetop</a></li>
							
							<li class="section"><a role="menuitem" id="sub-menu-13_69" href="http://shop.coles.com.au/online/national/household/laundry-needs" title="Laundry Needs sub category">Laundry Needs</a></li>
							
							
								<li><a role="menuitem" id="sub-menu-13_70" href="http://shop.coles.com.au/online/national/household/laundry-needs/detergents-soap" title="Detergents &amp; Soap">Detergents &amp; Soap</a></li>
							
								<li><a role="menuitem" id="sub-menu-13_71" href="http://shop.coles.com.au/online/national/household/laundry-needs/drying-racks-wash-bags" title="Drying Racks &amp; Wash Bags">Drying Racks &amp; Wash Bags</a></li>
							
								<li><a role="menuitem" id="sub-menu-13_72" href="http://shop.coles.com.au/online/national/household/laundry-needs/in-wash-treatments-additives" title="In-wash Treatments &amp; Additives">In-wash Treatments &amp; Additives</a></li>
							
								<li><a role="menuitem" id="sub-menu-13_73" href="http://shop.coles.com.au/online/national/household/laundry-needs/ironing" title="Ironing">Ironing</a></li>
							
								<li><a role="menuitem" id="sub-menu-13_74" href="http://shop.coles.com.au/online/national/household/laundry-needs/pegs--baskets-hangers" title="Pegs, Baskets &amp; Hangers">Pegs, Baskets &amp; Hangers</a></li>
							
								<li><a role="menuitem" id="sub-menu-13_75" href="http://shop.coles.com.au/online/national/household/laundry-needs/softeners" title="Softeners">Softeners</a></li>
							
								<li><a role="menuitem" id="sub-menu-13_76" href="http://shop.coles.com.au/online/national/household/laundry-needs/stain-removal-pre-wash" title="Stain Removal &amp; Pre-wash">Stain Removal &amp; Pre-wash</a></li>
							
							<li class="section"><a role="menuitem" id="sub-menu-13_77" href="http://shop.coles.com.au/online/national/household/outdoors" title="Outdoors sub category">Outdoors</a></li>
							
							
								<li><a role="menuitem" id="sub-menu-13_78" href="http://shop.coles.com.au/online/national/household/outdoors/bbq" title="BBQ">BBQ</a></li>
							
								<li><a role="menuitem" id="sub-menu-13_79" href="http://shop.coles.com.au/online/national/household/outdoors/camping-fishing" title="Camping &amp; Fishing">Camping &amp; Fishing</a></li>
							
								<li><a role="menuitem" id="sub-menu-13_80" href="http://shop.coles.com.au/online/national/household/outdoors/matches-lighters" title="Matches &amp; Lighters">Matches &amp; Lighters</a></li>
							
								<li><a role="menuitem" id="sub-menu-13_81" href="http://shop.coles.com.au/online/national/household/outdoors/sports" title="Sports">Sports</a></li>
							
							<li class="section"><a role="menuitem" id="sub-menu-13_82" href="http://shop.coles.com.au/online/national/household/picnic-party" title="Picnic &amp; Party sub category">Picnic &amp; Party</a></li>
							
							
								<li><a role="menuitem" id="sub-menu-13_83" href="http://shop.coles.com.au/online/national/household/picnic-party/candles" title="Candles">Candles</a></li>
							
								<li><a role="menuitem" id="sub-menu-13_84" href="http://shop.coles.com.au/online/national/household/picnic-party/cups-glasses" title="Cups &amp; Glasses">Cups &amp; Glasses</a></li>
							
								<li><a role="menuitem" id="sub-menu-13_85" href="http://shop.coles.com.au/online/national/household/picnic-party/decorations" title="Decorations">Decorations</a></li>
							
								<li><a role="menuitem" id="sub-menu-13_86" href="http://shop.coles.com.au/online/national/household/picnic-party/picnic-plates-bowls" title="Disposable Plates &amp; Bowls">Disposable Plates &amp; Bowls</a></li>
							
								<li><a role="menuitem" id="sub-menu-13_87" href="http://shop.coles.com.au/online/national/household/picnic-party/gift-wrap-bags" title="Gift Wrap &amp; Bags">Gift Wrap &amp; Bags</a></li>
							
								<li><a role="menuitem" id="sub-menu-13_88" href="http://shop.coles.com.au/online/national/household/picnic-party/paper-plastic-cutlery" title="Paper/Plastic Cutlery">Paper/Plastic Cutlery</a></li>
							
								<li><a role="menuitem" id="sub-menu-13_89" href="http://shop.coles.com.au/online/national/household/picnic-party/serviettes-tablecloths" title="Serviettes &amp; Tablecloths">Serviettes &amp; Tablecloths</a></li>
							
							<li class="section"><a role="menuitem" id="sub-menu-13_90" href="http://shop.coles.com.au/online/national/household/charity-donations" title="Charity Donations sub category">Charity Donations</a></li>
							
							
								<li><a role="menuitem" id="sub-menu-13_91" href="http://shop.coles.com.au/online/national/household/charity-donations/donation" title="Donations">Donations</a></li>
							
					</ul>
				</div>							
											
			</li>									
		
			
			<li>
				
							
					<a role="menuitem" id="aisleMenu_14" aria-haspopup="true" href="http://shop.coles.com.au/online/national/personal-care-chemist" class="aisle" title="Browse the Health &amp; Beauty aisle">
						Health &amp; Beauty <span>→</span>
					</a>
					
					<div id="menu-14" class="column-list clearfix" data-rows="22" role="navigation">
						<h2>
							<a role="menuitem" id="sub-menu-14_0" class="subCatHeader" title="Health &amp; Beauty Category" href="http://shop.coles.com.au/online/national/personal-care-chemist">
								Health &amp; Beauty
							</a>
							<span class="aisle-search">&nbsp;
								<a role="menuitem" id="sub-menu-14_1" class="browseAllSubCategory" href="http://shop.coles.com.au/online/national/personal-care-chemist/personal-care-chemist" title="Browse all items">
								 Browse all items<span>→</span>
								</a>
							</span>
						</h2>
						
						
					<ul role="menu" id="sub-menu-14" data-col-items="menu-14" class="hidden">
						
							<li class="section"><a role="menuitem" id="sub-menu-14_2" href="http://shop.coles.com.au/online/national/personal-care-chemist/cosmetics" title="Cosmetics sub category">Cosmetics</a></li>
							
							
								<li><a role="menuitem" id="sub-menu-14_3" href="http://shop.coles.com.au/online/national/personal-care-chemist/cosmetics/blush" title="Blush">Blush</a></li>
							
								<li><a role="menuitem" id="sub-menu-14_4" href="http://shop.coles.com.au/online/national/personal-care-chemist/cosmetics/concealer" title="Concealer">Concealer</a></li>
							
								<li><a role="menuitem" id="sub-menu-14_5" href="http://shop.coles.com.au/online/national/personal-care-chemist/cosmetics/eye-liner--shadow--mascara" title="Eye Liner, Shadow &amp; Mascara">Eye Liner, Shadow &amp; Mascara</a></li>
							
								<li><a role="menuitem" id="sub-menu-14_6" href="http://shop.coles.com.au/online/national/personal-care-chemist/cosmetics/foundations-powders" title="Foundations &amp; Powders">Foundations &amp; Powders</a></li>
							
								<li><a role="menuitem" id="sub-menu-14_7" href="http://shop.coles.com.au/online/national/personal-care-chemist/cosmetics/lip-balm" title="Lip Balm">Lip Balm</a></li>
							
								<li><a role="menuitem" id="sub-menu-14_8" href="http://shop.coles.com.au/online/national/personal-care-chemist/cosmetics/lipstick-lip-gloss" title="Lipstick &amp; Lip Gloss">Lipstick &amp; Lip Gloss</a></li>
							
								<li><a role="menuitem" id="sub-menu-14_9" href="http://shop.coles.com.au/online/national/personal-care-chemist/cosmetics/nails" title="Nails">Nails</a></li>
							
							<li class="section"><a role="menuitem" id="sub-menu-14_10" href="http://shop.coles.com.au/online/national/personal-care-chemist/dental" title="Dental sub category">Dental</a></li>
							
							
								<li><a role="menuitem" id="sub-menu-14_11" href="http://shop.coles.com.au/online/national/personal-care-chemist/dental/dental-floss-tape" title="Dental Floss &amp; Tape">Dental Floss &amp; Tape</a></li>
							
								<li><a role="menuitem" id="sub-menu-14_12" href="http://shop.coles.com.au/online/national/personal-care-chemist/dental/denture-care" title="Denture Care">Denture Care</a></li>
							
								<li><a role="menuitem" id="sub-menu-14_13" href="http://shop.coles.com.au/online/national/personal-care-chemist/dental/mouthwash" title="Mouthwash">Mouthwash</a></li>
							
								<li><a role="menuitem" id="sub-menu-14_14" href="http://shop.coles.com.au/online/national/personal-care-chemist/dental/toothbrushes" title="Toothbrushes">Toothbrushes</a></li>
							
								<li><a role="menuitem" id="sub-menu-14_15" href="http://shop.coles.com.au/online/national/personal-care-chemist/dental/toothpaste" title="Toothpaste">Toothpaste</a></li>
							
							<li class="section"><a role="menuitem" id="sub-menu-14_16" href="http://shop.coles.com.au/online/national/personal-care-chemist/first-aid" title="First Aid sub category">First Aid</a></li>
							
							
								<li><a role="menuitem" id="sub-menu-14_17" href="http://shop.coles.com.au/online/national/personal-care-chemist/first-aid/bandages-strapping" title="Bandages &amp; Strapping">Bandages &amp; Strapping</a></li>
							
								<li><a role="menuitem" id="sub-menu-14_18" href="http://shop.coles.com.au/online/national/personal-care-chemist/first-aid/bandaids" title="Bandaids">Bandaids</a></li>
							
								<li><a role="menuitem" id="sub-menu-14_19" href="http://shop.coles.com.au/online/national/personal-care-chemist/first-aid/gauze-tape" title="Gauze &amp; Tape">Gauze &amp; Tape</a></li>
							
								<li><a role="menuitem" id="sub-menu-14_20" href="http://shop.coles.com.au/online/national/personal-care-chemist/first-aid/sports-first-aid" title="Sports First Aid">Sports First Aid</a></li>
							
							<li class="section"><a role="menuitem" id="sub-menu-14_21" href="http://shop.coles.com.au/online/national/personal-care-chemist/hair-accessories" title="Hair Accessories sub category">Hair Accessories</a></li>
							
							
								<li><a role="menuitem" id="sub-menu-14_22" href="http://shop.coles.com.au/online/national/personal-care-chemist/hair-accessories/hair-brushes" title="Hair Brushes">Hair Brushes</a></li>
							
								<li><a role="menuitem" id="sub-menu-14_23" href="http://shop.coles.com.au/online/national/personal-care-chemist/hair-accessories/hair-fasteners" title="Hair Fasteners">Hair Fasteners</a></li>
							
							<li class="section"><a role="menuitem" id="sub-menu-14_24" href="http://shop.coles.com.au/online/national/personal-care-chemist/hair-care" title="Hair Care sub category">Hair Care</a></li>
							
							
								<li><a role="menuitem" id="sub-menu-14_25" href="http://shop.coles.com.au/online/national/personal-care-chemist/hair-care/colouring" title="Colouring">Colouring</a></li>
							
								<li><a role="menuitem" id="sub-menu-14_26" href="http://shop.coles.com.au/online/national/personal-care-chemist/hair-care/conditioner" title="Conditioner">Conditioner</a></li>
							
								<li><a role="menuitem" id="sub-menu-14_27" href="http://shop.coles.com.au/online/national/personal-care-chemist/hair-care/gel--mousse-styling" title="Gel, Mousse &amp; Styling">Gel, Mousse &amp; Styling</a></li>
							
								<li><a role="menuitem" id="sub-menu-14_28" href="http://shop.coles.com.au/online/national/personal-care-chemist/hair-care/hair-treatments" title="Hair Treatments">Hair Treatments</a></li>
							
								<li><a role="menuitem" id="sub-menu-14_29" href="http://shop.coles.com.au/online/national/personal-care-chemist/hair-care/shampoo" title="Shampoo">Shampoo</a></li>
							
							<li class="section"><a role="menuitem" id="sub-menu-14_30" href="http://shop.coles.com.au/online/national/personal-care-chemist/hair-removal" title="Hair Removal sub category">Hair Removal</a></li>
							
							
								<li><a role="menuitem" id="sub-menu-14_31" href="http://shop.coles.com.au/online/national/personal-care-chemist/hair-removal/after-shave-care" title="After Shave Care">After Shave Care</a></li>
							
								<li><a role="menuitem" id="sub-menu-14_32" href="http://shop.coles.com.au/online/national/personal-care-chemist/hair-removal/razors-blades" title="Razors &amp; Blades">Razors &amp; Blades</a></li>
							
								<li><a role="menuitem" id="sub-menu-14_33" href="http://shop.coles.com.au/online/national/personal-care-chemist/hair-removal/shave-gel-foam" title="Shave Gel &amp; Foam">Shave Gel &amp; Foam</a></li>
							
								<li><a role="menuitem" id="sub-menu-14_34" href="http://shop.coles.com.au/online/national/personal-care-chemist/hair-removal/wax--cream--bleach" title="Wax, Cream, Bleach">Wax, Cream, Bleach</a></li>
							
							<li class="section"><a role="menuitem" id="sub-menu-14_35" href="http://shop.coles.com.au/online/national/personal-care-chemist/medicinal" title="Medicinal sub category">Medicinal</a></li>
							
							
								<li><a role="menuitem" id="sub-menu-14_36" href="http://shop.coles.com.au/online/national/personal-care-chemist/medicinal/antacid-indigestion" title="Antacid &amp; Indigestion">Antacid &amp; Indigestion</a></li>
							
								<li><a role="menuitem" id="sub-menu-14_37" href="http://shop.coles.com.au/online/national/personal-care-chemist/medicinal/antiseptic" title="Antiseptic">Antiseptic</a></li>
							
								<li><a role="menuitem" id="sub-menu-14_38" href="http://shop.coles.com.au/online/national/personal-care-chemist/medicinal/cold-allergy" title="Cold &amp; Allergy">Cold &amp; Allergy</a></li>
							
								<li><a role="menuitem" id="sub-menu-14_39" href="http://shop.coles.com.au/online/national/personal-care-chemist/medicinal/cotton-wool" title="Cotton Wool">Cotton Wool</a></li>
							
								<li><a role="menuitem" id="sub-menu-14_40" href="http://shop.coles.com.au/online/national/personal-care-chemist/medicinal/eye-care" title="Eye Care">Eye Care</a></li>
							
								<li><a role="menuitem" id="sub-menu-14_41" href="http://shop.coles.com.au/online/national/personal-care-chemist/medicinal/medicinal-oils-ointments" title="Medicinal Oils &amp; Ointments">Medicinal Oils &amp; Ointments</a></li>
							
								<li><a role="menuitem" id="sub-menu-14_42" href="http://shop.coles.com.au/online/national/personal-care-chemist/medicinal/pain-relief" title="Pain Relief">Pain Relief</a></li>
							
								<li><a role="menuitem" id="sub-menu-14_43" href="http://shop.coles.com.au/online/national/personal-care-chemist/medicinal/skincare" title="Skincare">Skincare</a></li>
							
								<li><a role="menuitem" id="sub-menu-14_44" href="http://shop.coles.com.au/online/national/personal-care-chemist/medicinal/vitamins" title="Vitamins">Vitamins</a></li>
							
							<li class="section"><a role="menuitem" id="sub-menu-14_45" href="http://shop.coles.com.au/online/national/personal-care-chemist/personal-care-hygiene" title="Personal Care &amp; Hygiene sub category">Personal Care &amp; Hygiene</a></li>
							
							
								<li><a role="menuitem" id="sub-menu-14_46" href="http://shop.coles.com.au/online/national/personal-care-chemist/personal-care-hygiene/deodorants" title="Deodorants">Deodorants</a></li>
							
								<li><a role="menuitem" id="sub-menu-14_47" href="http://shop.coles.com.au/online/national/personal-care-chemist/personal-care-hygiene/deodorants-for-men" title="Deodorants for Men">Deodorants for Men</a></li>
							
								<li><a role="menuitem" id="sub-menu-14_48" href="http://shop.coles.com.au/online/national/personal-care-chemist/personal-care-hygiene/deodorants-for-women" title="Deodorants for Women">Deodorants for Women</a></li>
							
								<li><a role="menuitem" id="sub-menu-14_49" href="http://shop.coles.com.au/online/national/personal-care-chemist/personal-care-hygiene/feminine-care" title="Feminine Care">Feminine Care</a></li>
							
								<li><a role="menuitem" id="sub-menu-14_50" href="http://shop.coles.com.au/online/national/personal-care-chemist/personal-care-hygiene/footcare" title="Footcare">Footcare</a></li>
							
								<li><a role="menuitem" id="sub-menu-14_51" href="http://shop.coles.com.au/online/national/personal-care-chemist/personal-care-hygiene/incontinence-needs" title="Incontinence Needs">Incontinence Needs</a></li>
							
								<li><a role="menuitem" id="sub-menu-14_52" href="http://shop.coles.com.au/online/national/personal-care-chemist/personal-care-hygiene/nail-care" title="Nail Care">Nail Care</a></li>
							
								<li><a role="menuitem" id="sub-menu-14_53" href="http://shop.coles.com.au/online/national/personal-care-chemist/personal-care-hygiene/skincare-wipes" title="Skincare Wipes">Skincare Wipes</a></li>
							
								<li><a role="menuitem" id="sub-menu-14_54" href="http://shop.coles.com.au/online/national/personal-care-chemist/personal-care-hygiene/sports-supplements" title="Sports Supplements">Sports Supplements</a></li>
							
								<li><a role="menuitem" id="sub-menu-14_55" href="http://shop.coles.com.au/online/national/personal-care-chemist/personal-care-hygiene/tissues" title="Tissues">Tissues</a></li>
							
								<li><a role="menuitem" id="sub-menu-14_56" href="http://shop.coles.com.au/online/national/personal-care-chemist/personal-care-hygiene/toilet-paper" title="Toilet Paper">Toilet Paper</a></li>
							
								<li><a role="menuitem" id="sub-menu-14_57" href="http://shop.coles.com.au/online/national/personal-care-chemist/personal-care-hygiene/weight-loss" title="Weight Loss">Weight Loss</a></li>
							
								<li><a role="menuitem" id="sub-menu-14_58" href="http://shop.coles.com.au/online/national/personal-care-chemist/personal-care-hygiene/help-quit-smoking" title="Help Quit Smoking">Help Quit Smoking</a></li>
							
								<li><a role="menuitem" id="sub-menu-14_59" href="http://shop.coles.com.au/online/national/personal-care-chemist/personal-care-hygiene/contraception-sexual-health" title="Contraception &amp; Sexual Health">Contraception &amp; Sexual Health</a></li>
							
								<li><a role="menuitem" id="sub-menu-14_60" href="http://shop.coles.com.au/online/national/personal-care-chemist/personal-care-hygiene/pregnancy-tests" title="Pregnancy Tests">Pregnancy Tests</a></li>
							
							<li class="section"><a role="menuitem" id="sub-menu-14_61" href="http://shop.coles.com.au/online/national/personal-care-chemist/shower-bath-care" title="Shower &amp; Bath Care sub category">Shower &amp; Bath Care</a></li>
							
							
								<li><a role="menuitem" id="sub-menu-14_62" href="http://shop.coles.com.au/online/national/personal-care-chemist/shower-bath-care/bath-accessories" title="Bath Accessories">Bath Accessories</a></li>
							
								<li><a role="menuitem" id="sub-menu-14_63" href="http://shop.coles.com.au/online/national/personal-care-chemist/shower-bath-care/body-lotion" title="Body Lotion">Body Lotion</a></li>
							
								<li><a role="menuitem" id="sub-menu-14_64" href="http://shop.coles.com.au/online/national/personal-care-chemist/shower-bath-care/body-wash" title="Body Wash">Body Wash</a></li>
							
								<li><a role="menuitem" id="sub-menu-14_65" href="http://shop.coles.com.au/online/national/personal-care-chemist/shower-bath-care/bubble-bath-salts" title="Bubble Bath &amp; Salts">Bubble Bath &amp; Salts</a></li>
							
								<li><a role="menuitem" id="sub-menu-14_66" href="http://shop.coles.com.au/online/national/personal-care-chemist/shower-bath-care/soap" title="Soap and Hand Wash">Soap and Hand Wash</a></li>
							
							<li class="section"><a role="menuitem" id="sub-menu-14_67" href="http://shop.coles.com.au/online/national/personal-care-chemist/skin-care" title="Skin Care sub category">Skin Care</a></li>
							
							
								<li><a role="menuitem" id="sub-menu-14_68" href="http://shop.coles.com.au/online/national/personal-care-chemist/skin-care/aftershave-care" title="Aftershave Care">Aftershave Care</a></li>
							
								<li><a role="menuitem" id="sub-menu-14_69" href="http://shop.coles.com.au/online/national/personal-care-chemist/skin-care/body-moisturizer" title="Body Moisturiser">Body Moisturiser</a></li>
							
								<li><a role="menuitem" id="sub-menu-14_70" href="http://shop.coles.com.au/online/national/personal-care-chemist/skin-care/face-moisturizer" title="Face Moisturiser">Face Moisturiser</a></li>
							
								<li><a role="menuitem" id="sub-menu-14_71" href="http://shop.coles.com.au/online/national/personal-care-chemist/skin-care/cleansers-skin-care-wipes" title="Cleansers &amp; Skin Care Wipes">Cleansers &amp; Skin Care Wipes</a></li>
							
								<li><a role="menuitem" id="sub-menu-14_72" href="http://shop.coles.com.au/online/national/personal-care-chemist/skin-care/hand-moisturizer" title="Hand Moisturiser">Hand Moisturiser</a></li>
							
								<li><a role="menuitem" id="sub-menu-14_73" href="http://shop.coles.com.au/online/national/personal-care-chemist/skin-care/lip-care" title="Lip Care">Lip Care</a></li>
							
								<li><a role="menuitem" id="sub-menu-14_74" href="http://shop.coles.com.au/online/national/personal-care-chemist/skin-care/self-tanning" title="Self-Tanning">Self-Tanning</a></li>
							
								<li><a role="menuitem" id="sub-menu-14_75" href="http://shop.coles.com.au/online/national/personal-care-chemist/skin-care/sunscreen" title="Sunscreen">Sunscreen</a></li>
							
					</ul>
				</div>							
											
			</li>									
		
			
			<li>
				
							
					<a role="menuitem" id="aisleMenu_15" aria-haspopup="true" href="http://shop.coles.com.au/online/national/baby" class="aisle" title="Browse the Baby aisle">
						Baby <span>→</span>
					</a>
					
					<div id="menu-15" class="column-list clearfix" data-rows="22" role="navigation">
						<h2>
							<a role="menuitem" id="sub-menu-15_0" class="subCatHeader" title="Baby Category" href="http://shop.coles.com.au/online/national/baby">
								Baby
							</a>
							<span class="aisle-search">&nbsp;
								<a role="menuitem" id="sub-menu-15_1" class="browseAllSubCategory" href="http://shop.coles.com.au/online/national/baby/baby" title="Browse all items">
								 Browse all items<span>→</span>
								</a>
							</span>
						</h2>
						
						
					<ul role="menu" id="sub-menu-15" data-col-items="menu-15" class="hidden">
						
							<li class="section"><a role="menuitem" id="sub-menu-15_2" href="http://shop.coles.com.au/online/national/baby/nappies-changing" title="Nappies &amp; Changing sub category">Nappies &amp; Changing</a></li>
							
							
								<li><a role="menuitem" id="sub-menu-15_3" href="http://shop.coles.com.au/online/national/baby/nappies-changing/all-nappies" title="All Nappies">All Nappies</a></li>
							
								<li><a role="menuitem" id="sub-menu-15_4" href="http://shop.coles.com.au/online/national/baby/nappies-changing/nappies-newborn-%283-to-5kg%29" title="Nappies Newborn (3 to 5kg)">Nappies Newborn (3 to 5kg)</a></li>
							
								<li><a role="menuitem" id="sub-menu-15_5" href="http://shop.coles.com.au/online/national/baby/nappies-changing/nappies-3-6-months-%285-to-7kg%29" title="Nappies 3-6 months (5 to 7kg)">Nappies 3-6 months (5 to 7kg)</a></li>
							
								<li><a role="menuitem" id="sub-menu-15_6" href="http://shop.coles.com.au/online/national/baby/nappies-changing/nappies-6-12-months-%287-to-10kg%29" title="Nappies 6-12 months (7 to 10kg)">Nappies 6-12 months (7 to 10kg)</a></li>
							
								<li><a role="menuitem" id="sub-menu-15_7" href="http://shop.coles.com.au/online/national/baby/nappies-changing/nappies-12-18-months-%289-to-12kg%29" title="Nappies 12-18 months (9 to 12kg)">Nappies 12-18 months (9 to 12kg)</a></li>
							
								<li><a role="menuitem" id="sub-menu-15_8" href="http://shop.coles.com.au/online/national/baby/nappies-changing/nappies-18-months-%2810kg-plus%29" title="Nappies 18 months+ (10kg plus)">Nappies 18 months+ (10kg plus)</a></li>
							
								<li><a role="menuitem" id="sub-menu-15_9" href="http://shop.coles.com.au/online/national/baby/nappies-changing/baby-wipe" title="Baby Wipes">Baby Wipes</a></li>
							
								<li><a role="menuitem" id="sub-menu-15_10" href="http://shop.coles.com.au/online/national/baby/nappies-changing/nappy-changing" title="Nappy Changing">Nappy Changing</a></li>
							
							<li class="section"><a role="menuitem" id="sub-menu-15_11" href="http://shop.coles.com.au/online/national/baby/baby-toddler" title="Baby Accessories sub category">Baby Accessories</a></li>
							
							
								<li><a role="menuitem" id="sub-menu-15_12" href="http://shop.coles.com.au/online/national/baby/baby-toddler/bottles-baby-feeding" title="Bottles &amp; Baby Feeding">Bottles &amp; Baby Feeding</a></li>
							
								<li><a role="menuitem" id="sub-menu-15_13" href="http://shop.coles.com.au/online/national/baby/baby-toddler/teething" title="Teething">Teething</a></li>
							
								<li><a role="menuitem" id="sub-menu-15_14" href="http://shop.coles.com.au/online/national/baby/baby-toddler/bath-skincare" title="Bath &amp; Skincare">Bath &amp; Skincare</a></li>
							
								<li><a role="menuitem" id="sub-menu-15_15" href="http://shop.coles.com.au/online/national/baby/baby-toddler/baby-toddler-clothing" title="Baby &amp; Toddler Clothing">Baby &amp; Toddler Clothing</a></li>
							
								<li><a role="menuitem" id="sub-menu-15_16" href="http://shop.coles.com.au/online/national/baby/baby-toddler/baby-health-safety" title="Baby Health &amp; Safety">Baby Health &amp; Safety</a></li>
							
							<li class="section"><a role="menuitem" id="sub-menu-15_17" href="http://shop.coles.com.au/online/national/baby/food" title="Food sub category">Food</a></li>
							
							
								<li><a role="menuitem" id="sub-menu-15_18" href="http://shop.coles.com.au/online/national/baby/food/all-food" title="All Food">All Food</a></li>
							
								<li><a role="menuitem" id="sub-menu-15_19" href="http://shop.coles.com.au/online/national/baby/food/4-to-6-months" title="4 to 6 months">4 to 6 months</a></li>
							
								<li><a role="menuitem" id="sub-menu-15_20" href="http://shop.coles.com.au/online/national/baby/food/6-to-9-months" title="6 to 9 months">6 to 9 months</a></li>
							
								<li><a role="menuitem" id="sub-menu-15_21" href="http://shop.coles.com.au/online/national/baby/food/9--months" title="9 + months">9 + months</a></li>
							
								<li><a role="menuitem" id="sub-menu-15_22" href="http://shop.coles.com.au/online/national/baby/food/1-year-to-3-years" title="1 year to 3 years">1 year to 3 years</a></li>
							
								<li><a role="menuitem" id="sub-menu-15_23" href="http://shop.coles.com.au/online/national/baby/food/infant-drinks" title="Infant Drinks">Infant Drinks</a></li>
							
							<li class="section"><a role="menuitem" id="sub-menu-15_24" href="http://shop.coles.com.au/online/national/baby/formula" title="Formula sub category">Formula</a></li>
							
							
								<li><a role="menuitem" id="sub-menu-15_25" href="http://shop.coles.com.au/online/national/baby/formula/newborn" title="Newborn">Newborn</a></li>
							
								<li><a role="menuitem" id="sub-menu-15_26" href="http://shop.coles.com.au/online/national/baby/formula/infant" title="Infant">Infant</a></li>
							
								<li><a role="menuitem" id="sub-menu-15_27" href="http://shop.coles.com.au/online/national/baby/formula/specialty" title="Specialty">Specialty</a></li>
							
								<li><a role="menuitem" id="sub-menu-15_28" href="http://shop.coles.com.au/online/national/baby/formula/toddler" title="Toddler">Toddler</a></li>
							
					</ul>
				</div>							
											
			</li>									
		
			
			<li>
				
							
					<a role="menuitem" id="aisleMenu_16" aria-haspopup="true" href="http://shop.coles.com.au/online/national/pet" class="aisle" title="Browse the Pet aisle">
						Pet <span>→</span>
					</a>
					
					<div id="menu-16" class="column-list clearfix" data-rows="22" role="navigation">
						<h2>
							<a role="menuitem" id="sub-menu-16_0" class="subCatHeader" title="Pet Category" href="http://shop.coles.com.au/online/national/pet">
								Pet
							</a>
							<span class="aisle-search">&nbsp;
								<a role="menuitem" id="sub-menu-16_1" class="browseAllSubCategory" href="http://shop.coles.com.au/online/national/pet/pet" title="Browse all items">
								 Browse all items<span>→</span>
								</a>
							</span>
						</h2>
						
						
					<ul role="menu" id="sub-menu-16" data-col-items="menu-16" class="hidden">
						
							<li class="section"><a role="menuitem" id="sub-menu-16_2" href="http://shop.coles.com.au/online/national/pet/cat-kitten" title="Cat &amp; Kitten sub category">Cat &amp; Kitten</a></li>
							
							
								<li><a role="menuitem" id="sub-menu-16_3" href="http://shop.coles.com.au/online/national/pet/cat-kitten/dry-cat-food" title="Dry Cat Food">Dry Cat Food</a></li>
							
								<li><a role="menuitem" id="sub-menu-16_4" href="http://shop.coles.com.au/online/national/pet/cat-kitten/chilled-cat-food" title="Chilled Cat Food">Chilled Cat Food</a></li>
							
								<li><a role="menuitem" id="sub-menu-16_5" href="http://shop.coles.com.au/online/national/pet/cat-kitten/trays-cans-cat-food" title="Trays &amp; Cans Cat Food">Trays &amp; Cans Cat Food</a></li>
							
								<li><a role="menuitem" id="sub-menu-16_6" href="http://shop.coles.com.au/online/national/pet/cat-kitten/cat-accessories" title="Cat Accessories">Cat Accessories</a></li>
							
								<li><a role="menuitem" id="sub-menu-16_7" href="http://shop.coles.com.au/online/national/pet/cat-kitten/cat-grooming" title="Cat Grooming">Cat Grooming</a></li>
							
								<li><a role="menuitem" id="sub-menu-16_8" href="http://shop.coles.com.au/online/national/pet/cat-kitten/cat-healthcare" title="Cat Healthcare">Cat Healthcare</a></li>
							
								<li><a role="menuitem" id="sub-menu-16_9" href="http://shop.coles.com.au/online/national/pet/cat-kitten/cat-litter" title="Cat Litter">Cat Litter</a></li>
							
								<li><a role="menuitem" id="sub-menu-16_10" href="http://shop.coles.com.au/online/national/pet/cat-kitten/cat-toys" title="Cat Toys">Cat Toys</a></li>
							
								<li><a role="menuitem" id="sub-menu-16_11" href="http://shop.coles.com.au/online/national/pet/cat-kitten/cat-treats-milk" title="Cat Treats &amp; Milk">Cat Treats &amp; Milk</a></li>
							
							<li class="section"><a role="menuitem" id="sub-menu-16_12" href="http://shop.coles.com.au/online/national/pet/dog-puppy" title="Dog &amp; Puppy sub category">Dog &amp; Puppy</a></li>
							
							
								<li><a role="menuitem" id="sub-menu-16_13" href="http://shop.coles.com.au/online/national/pet/dog-puppy/dry-dog-food" title="Dry Dog Food">Dry Dog Food</a></li>
							
								<li><a role="menuitem" id="sub-menu-16_14" href="http://shop.coles.com.au/online/national/pet/dog-puppy/chilled-dog-food" title="Chilled Dog Food">Chilled Dog Food</a></li>
							
								<li><a role="menuitem" id="sub-menu-16_15" href="http://shop.coles.com.au/online/national/pet/dog-puppy/trays-cans-dog-food" title="Trays &amp; Cans Dog Food">Trays &amp; Cans Dog Food</a></li>
							
								<li><a role="menuitem" id="sub-menu-16_16" href="http://shop.coles.com.au/online/national/pet/dog-puppy/dog-accessories" title="Dog Accessories">Dog Accessories</a></li>
							
								<li><a role="menuitem" id="sub-menu-16_17" href="http://shop.coles.com.au/online/national/pet/dog-puppy/dog-collars-leads" title="Dog Collars &amp; Leads">Dog Collars &amp; Leads</a></li>
							
								<li><a role="menuitem" id="sub-menu-16_18" href="http://shop.coles.com.au/online/national/pet/dog-puppy/dog-grooming" title="Dog Grooming">Dog Grooming</a></li>
							
								<li><a role="menuitem" id="sub-menu-16_19" href="http://shop.coles.com.au/online/national/pet/dog-puppy/dog-healthcare" title="Dog Healthcare">Dog Healthcare</a></li>
							
								<li><a role="menuitem" id="sub-menu-16_20" href="http://shop.coles.com.au/online/national/pet/dog-puppy/dog-treats-milk" title="Dog Treats &amp; Milk">Dog Treats &amp; Milk</a></li>
							
							<li class="section"><a role="menuitem" id="sub-menu-16_21" href="http://shop.coles.com.au/online/national/pet/birds" title="Birds sub category">Birds</a></li>
							
							
								<li><a role="menuitem" id="sub-menu-16_22" href="http://shop.coles.com.au/online/national/pet/birds/bird-food" title="Bird Food">Bird Food</a></li>
							
								<li><a role="menuitem" id="sub-menu-16_23" href="http://shop.coles.com.au/online/national/pet/birds/bird-treats" title="Bird Treats">Bird Treats</a></li>
							
							<li class="section"><a role="menuitem" id="sub-menu-16_24" href="http://shop.coles.com.au/online/national/pet/fish-1074626" title="Fish sub category">Fish</a></li>
							
							
								<li><a role="menuitem" id="sub-menu-16_25" href="http://shop.coles.com.au/online/national/pet/fish-1074626/fish-food" title="Fish Food">Fish Food</a></li>
							
							<li class="section"><a role="menuitem" id="sub-menu-16_26" href="http://shop.coles.com.au/online/national/pet/small-pets" title="Small Pets sub category">Small Pets</a></li>
							
							
								<li><a role="menuitem" id="sub-menu-16_27" href="http://shop.coles.com.au/online/national/pet/small-pets/small-pets-food" title="Small Pets Food">Small Pets Food</a></li>
							
					</ul>
				</div>							
											
			</li>									
		
			
			<li>
				
							
					<a role="menuitem" id="aisleMenu_17" aria-haspopup="true" href="http://shop.coles.com.au/online/national/business-orders" class="aisle" title="Browse the Business Orders aisle">
						Business Orders <span>→</span>
					</a>
					
					<div id="menu-17" class="column-list clearfix" data-rows="22" role="navigation">
						<h2>
							<a role="menuitem" id="sub-menu-17_0" class="subCatHeader" title="Business Orders Category" href="http://shop.coles.com.au/online/national/business-orders">
								Business Orders
							</a>
							<span class="aisle-search">&nbsp;
								<a role="menuitem" id="sub-menu-17_1" class="browseAllSubCategory" href="http://shop.coles.com.au/online/national/business-orders/business-orders" title="Browse all items">
								 Browse all items<span>→</span>
								</a>
							</span>
						</h2>
						
						
					<ul role="menu" id="sub-menu-17" data-col-items="menu-17" class="hidden">
						
							<li class="section"><a role="menuitem" id="sub-menu-17_2" href="http://shop.coles.com.au/online/national/business-orders/all-businesses" title="All Businesses sub category">All Businesses</a></li>
							
							
								<li><a role="menuitem" id="sub-menu-17_3" href="http://shop.coles.com.au/online/national/business-orders/all-businesses/childcare" title="Childcare">Childcare</a></li>
							
								<li><a role="menuitem" id="sub-menu-17_4" href="http://shop.coles.com.au/online/national/business-orders/all-businesses/disability-aged-care" title="Disability &amp; Aged Care">Disability &amp; Aged Care</a></li>
							
								<li><a role="menuitem" id="sub-menu-17_5" href="http://shop.coles.com.au/online/national/business-orders/all-businesses/offices" title="Offices">Offices</a></li>
							
								<li><a role="menuitem" id="sub-menu-17_6" href="http://shop.coles.com.au/online/national/business-orders/all-businesses/schools" title="Schools">Schools</a></li>
							
					</ul>
				</div>							
											
			</li>									
		
			
			<li>
				
							
					<a role="menuitem" id="aisleMenu_18" aria-haspopup="true" href="http://shop.coles.com.au/online/national/stationery-media" class="aisle" title="Browse the Stationery &amp; Media aisle">
						Stationery &amp; Media <span>→</span>
					</a>
					
					<div id="menu-18" class="column-list clearfix" data-rows="22" role="navigation">
						<h2>
							<a role="menuitem" id="sub-menu-18_0" class="subCatHeader" title="Stationery &amp; Media Category" href="http://shop.coles.com.au/online/national/stationery-media">
								Stationery &amp; Media
							</a>
							<span class="aisle-search">&nbsp;
								<a role="menuitem" id="sub-menu-18_1" class="browseAllSubCategory" href="http://shop.coles.com.au/online/national/stationery-media/stationery-media" title="Browse all items">
								 Browse all items<span>→</span>
								</a>
							</span>
						</h2>
						
						
					<ul role="menu" id="sub-menu-18" data-col-items="menu-18" class="hidden">
						
							<li class="section"><a role="menuitem" id="sub-menu-18_2" href="http://shop.coles.com.au/online/national/stationery-media/books-section" title="Books sub category">Books</a></li>
							
							
								<li><a role="menuitem" id="sub-menu-18_3" href="http://shop.coles.com.au/online/national/stationery-media/books-section/childrens-books" title="Childrens Books">Childrens Books</a></li>
							
								<li><a role="menuitem" id="sub-menu-18_4" href="http://shop.coles.com.au/online/national/stationery-media/books-section/fiction-books" title="Fiction Books">Fiction Books</a></li>
							
								<li><a role="menuitem" id="sub-menu-18_5" href="http://shop.coles.com.au/online/national/stationery-media/books-section/non-fiction-books" title="Non-fiction Books">Non-fiction Books</a></li>
							
							<li class="section"><a role="menuitem" id="sub-menu-18_6" href="http://shop.coles.com.au/online/national/stationery-media/tv-shows-movies-section" title="Cds, Dvds &amp; Blu Rays sub category">Cds, Dvds &amp; Blu Rays</a></li>
							
							
								<li><a role="menuitem" id="sub-menu-18_7" href="http://shop.coles.com.au/online/national/stationery-media/tv-shows-movies-section/blu-rays" title="Blu Rays">Blu Rays</a></li>
							
								<li><a role="menuitem" id="sub-menu-18_8" href="http://shop.coles.com.au/online/national/stationery-media/tv-shows-movies-section/cds-music-dvds" title="CDs &amp; Music Dvds">CDs &amp; Music Dvds</a></li>
							
								<li><a role="menuitem" id="sub-menu-18_9" href="http://shop.coles.com.au/online/national/stationery-media/tv-shows-movies-section/childrens-tv-movies" title="Childrens TV &amp; Movies">Childrens TV &amp; Movies</a></li>
							
								<li><a role="menuitem" id="sub-menu-18_10" href="http://shop.coles.com.au/online/national/stationery-media/tv-shows-movies-section/family-child" title="Family &amp; Child">Family &amp; Child</a></li>
							
								<li><a role="menuitem" id="sub-menu-18_11" href="http://shop.coles.com.au/online/national/stationery-media/tv-shows-movies-section/feature-films-section" title="Feature Films">Feature Films</a></li>
							
								<li><a role="menuitem" id="sub-menu-18_12" href="http://shop.coles.com.au/online/national/stationery-media/tv-shows-movies-section/tv-shows-movies" title="TV Shows &amp; Movies">TV Shows &amp; Movies</a></li>
							
							<li class="section"><a role="menuitem" id="sub-menu-18_13" href="http://shop.coles.com.au/online/national/stationery-media/computer-photo" title="Computer &amp; Photo sub category">Computer &amp; Photo</a></li>
							
							
								<li><a role="menuitem" id="sub-menu-18_14" href="http://shop.coles.com.au/online/national/stationery-media/computer-photo/accessories" title="Accessories">Accessories</a></li>
							
								<li><a role="menuitem" id="sub-menu-18_15" href="http://shop.coles.com.au/online/national/stationery-media/computer-photo/paper" title="Paper">Paper</a></li>
							
								<li><a role="menuitem" id="sub-menu-18_16" href="http://shop.coles.com.au/online/national/stationery-media/computer-photo/recordable-media" title="Recordable Media">Recordable Media</a></li>
							
							<li class="section"><a role="menuitem" id="sub-menu-18_17" href="http://shop.coles.com.au/online/national/stationery-media/magazines-section" title="Magazines sub category">Magazines</a></li>
							
							
								<li><a role="menuitem" id="sub-menu-18_18" href="http://shop.coles.com.au/online/national/stationery-media/magazines-section/childrens-teens" title="Childrens &amp; Teens">Childrens &amp; Teens</a></li>
							
								<li><a role="menuitem" id="sub-menu-18_19" href="http://shop.coles.com.au/online/national/stationery-media/magazines-section/computers" title="Computers">Computers</a></li>
							
								<li><a role="menuitem" id="sub-menu-18_20" href="http://shop.coles.com.au/online/national/stationery-media/magazines-section/cooking-magazines" title="Cooking Magazines">Cooking Magazines</a></li>
							
								<li><a role="menuitem" id="sub-menu-18_21" href="http://shop.coles.com.au/online/national/stationery-media/magazines-section/crafts-hobbies" title="Crafts &amp; Hobbies">Crafts &amp; Hobbies</a></li>
							
								<li><a role="menuitem" id="sub-menu-18_22" href="http://shop.coles.com.au/online/national/stationery-media/magazines-section/fashion-lifestyle" title="Fashion &amp; Lifestyle">Fashion &amp; Lifestyle</a></li>
							
								<li><a role="menuitem" id="sub-menu-18_23" href="http://shop.coles.com.au/online/national/stationery-media/magazines-section/fashion-lifestyle-magazines" title="Fashion &amp; Lifestyle Magazines">Fashion &amp; Lifestyle Magazines</a></li>
							
								<li><a role="menuitem" id="sub-menu-18_24" href="http://shop.coles.com.au/online/national/stationery-media/magazines-section/general-interest" title="General Interest">General Interest</a></li>
							
								<li><a role="menuitem" id="sub-menu-18_25" href="http://shop.coles.com.au/online/national/stationery-media/magazines-section/general-interest-magazines" title="General Interest Magazines">General Interest Magazines</a></li>
							
								<li><a role="menuitem" id="sub-menu-18_26" href="http://shop.coles.com.au/online/national/stationery-media/magazines-section/home-magazines" title="Home Magazines">Home Magazines</a></li>
							
								<li><a role="menuitem" id="sub-menu-18_27" href="http://shop.coles.com.au/online/national/stationery-media/magazines-section/motoring-magazines" title="Motoring Magazines">Motoring Magazines</a></li>
							
								<li><a role="menuitem" id="sub-menu-18_28" href="http://shop.coles.com.au/online/national/stationery-media/magazines-section/sport" title="Sport">Sport</a></li>
							
								<li><a role="menuitem" id="sub-menu-18_29" href="http://shop.coles.com.au/online/national/stationery-media/magazines-section/sports-magazines" title="Sports Magazines">Sports Magazines</a></li>
							
								<li><a role="menuitem" id="sub-menu-18_30" href="http://shop.coles.com.au/online/national/stationery-media/magazines-section/tv-magazines" title="TV Magazines">TV Magazines</a></li>
							
							<li class="section"><a role="menuitem" id="sub-menu-18_31" href="http://shop.coles.com.au/online/national/stationery-media/stationery" title="Stationery sub category">Stationery</a></li>
							
							
								<li><a role="menuitem" id="sub-menu-18_32" href="http://shop.coles.com.au/online/national/stationery-media/stationery/backpack" title="Backpack">Backpack</a></li>
							
								<li><a role="menuitem" id="sub-menu-18_33" href="http://shop.coles.com.au/online/national/stationery-media/stationery/cards" title="Cards">Cards</a></li>
							
								<li><a role="menuitem" id="sub-menu-18_34" href="http://shop.coles.com.au/online/national/stationery-media/stationery/diaries-notebooks" title="Diaries &amp; Notebooks">Diaries &amp; Notebooks</a></li>
							
								<li><a role="menuitem" id="sub-menu-18_35" href="http://shop.coles.com.au/online/national/stationery-media/stationery/folders-binders" title="Folders &amp; Binders">Folders &amp; Binders</a></li>
							
								<li><a role="menuitem" id="sub-menu-18_36" href="http://shop.coles.com.au/online/national/stationery-media/stationery/paper-books" title="Paper &amp; Books">Paper &amp; Books</a></li>
							
								<li><a role="menuitem" id="sub-menu-18_37" href="http://shop.coles.com.au/online/national/stationery-media/stationery/pencil-cases" title="Pencil Cases">Pencil Cases</a></li>
							
								<li><a role="menuitem" id="sub-menu-18_38" href="http://shop.coles.com.au/online/national/stationery-media/stationery/refills" title="Refills">Refills</a></li>
							
								<li><a role="menuitem" id="sub-menu-18_39" href="http://shop.coles.com.au/online/national/stationery-media/stationery/rulers-calculators" title="Rulers &amp; Calculators">Rulers &amp; Calculators</a></li>
							
								<li><a role="menuitem" id="sub-menu-18_40" href="http://shop.coles.com.au/online/national/stationery-media/stationery/writing" title="Writing">Writing</a></li>
							
							<li class="section"><a role="menuitem" id="sub-menu-18_41" href="http://shop.coles.com.au/online/national/stationery-media/toys-games-section" title="Toys &amp; Games sub category">Toys &amp; Games</a></li>
							
							
								<li><a role="menuitem" id="sub-menu-18_42" href="http://shop.coles.com.au/online/national/stationery-media/toys-games-section/games-section" title="Games">Games</a></li>
							
								<li><a role="menuitem" id="sub-menu-18_43" href="http://shop.coles.com.au/online/national/stationery-media/toys-games-section/sports-outdoors-section" title="Sports &amp; Outdoors">Sports &amp; Outdoors</a></li>
							
								<li><a role="menuitem" id="sub-menu-18_44" href="http://shop.coles.com.au/online/national/stationery-media/toys-games-section/toys-section" title="Toys">Toys</a></li>
							
					</ul>
				</div>							
											
			</li>									
		
			
			<li>
				
							
					<a role="menuitem" id="aisleMenu_19" aria-haspopup="true" href="http://shop.coles.com.au/online/national/clothing" class="aisle" title="Browse the Clothing aisle">
						Clothing <span>→</span>
					</a>
					
					<div id="menu-19" class="column-list clearfix" data-rows="22" role="navigation">
						<h2>
							<a role="menuitem" id="sub-menu-19_0" class="subCatHeader" title="Clothing Category" href="http://shop.coles.com.au/online/national/clothing">
								Clothing
							</a>
							<span class="aisle-search">&nbsp;
								<a role="menuitem" id="sub-menu-19_1" class="browseAllSubCategory" href="http://shop.coles.com.au/online/national/clothing/clothing" title="Browse all items">
								 Browse all items<span>→</span>
								</a>
							</span>
						</h2>
						
						
					<ul role="menu" id="sub-menu-19" data-col-items="menu-19" class="hidden">
						
							<li class="section"><a role="menuitem" id="sub-menu-19_2" href="http://shop.coles.com.au/online/national/clothing/baby-stuff" title="Baby &amp; Child sub category">Baby &amp; Child</a></li>
							
							
								<li><a role="menuitem" id="sub-menu-19_3" href="http://shop.coles.com.au/online/national/clothing/baby-stuff/baby-socks" title="Baby Socks">Baby Socks</a></li>
							
								<li><a role="menuitem" id="sub-menu-19_4" href="http://shop.coles.com.au/online/national/clothing/baby-stuff/bibs" title="Bibs &amp; Accessories">Bibs &amp; Accessories</a></li>
							
								<li><a role="menuitem" id="sub-menu-19_5" href="http://shop.coles.com.au/online/national/clothing/baby-stuff/boys-girls-socks" title="Boys &amp; Girls Socks">Boys &amp; Girls Socks</a></li>
							
								<li><a role="menuitem" id="sub-menu-19_6" href="http://shop.coles.com.au/online/national/clothing/baby-stuff/boys-girls-underwear" title="Boys &amp; Girls Underwear">Boys &amp; Girls Underwear</a></li>
							
							<li class="section"><a role="menuitem" id="sub-menu-19_7" href="http://shop.coles.com.au/online/national/clothing/footwear" title="Footwear sub category">Footwear</a></li>
							
							
								<li><a role="menuitem" id="sub-menu-19_8" href="http://shop.coles.com.au/online/national/clothing/footwear/brushes-accessories" title="Brushes &amp; Accessories">Brushes &amp; Accessories</a></li>
							
								<li><a role="menuitem" id="sub-menu-19_9" href="http://shop.coles.com.au/online/national/clothing/footwear/insoles" title="Insoles">Insoles</a></li>
							
								<li><a role="menuitem" id="sub-menu-19_10" href="http://shop.coles.com.au/online/national/clothing/footwear/odour-control" title="Odour Control">Odour Control</a></li>
							
								<li><a role="menuitem" id="sub-menu-19_11" href="http://shop.coles.com.au/online/national/clothing/footwear/shoe-laces" title="Shoe Laces">Shoe Laces</a></li>
							
								<li><a role="menuitem" id="sub-menu-19_12" href="http://shop.coles.com.au/online/national/clothing/footwear/shoe-polish" title="Shoe Polish">Shoe Polish</a></li>
							
							<li class="section"><a role="menuitem" id="sub-menu-19_13" href="http://shop.coles.com.au/online/national/clothing/hosiery" title="Hosiery sub category">Hosiery</a></li>
							
							
								<li><a role="menuitem" id="sub-menu-19_14" href="http://shop.coles.com.au/online/national/clothing/hosiery/anklets" title="Anklets">Anklets</a></li>
							
								<li><a role="menuitem" id="sub-menu-19_15" href="http://shop.coles.com.au/online/national/clothing/hosiery/knee-highs" title="Knee Highs">Knee Highs</a></li>
							
								<li><a role="menuitem" id="sub-menu-19_16" href="http://shop.coles.com.au/online/national/clothing/hosiery/opaques-tights" title="Opaques &amp; Tights">Opaques &amp; Tights</a></li>
							
								<li><a role="menuitem" id="sub-menu-19_17" href="http://shop.coles.com.au/online/national/clothing/hosiery/pantyhose" title="Pantyhose">Pantyhose</a></li>
							
							<li class="section"><a role="menuitem" id="sub-menu-19_18" href="http://shop.coles.com.au/online/national/clothing/mens" title="Mens sub category">Mens</a></li>
							
							
								<li><a role="menuitem" id="sub-menu-19_19" href="http://shop.coles.com.au/online/national/clothing/mens/mens-socks" title="Men's Socks">Men's Socks</a></li>
							
								<li><a role="menuitem" id="sub-menu-19_20" href="http://shop.coles.com.au/online/national/clothing/mens/mens-underwear" title="Men's Underwear">Men's Underwear</a></li>
							
							<li class="section"><a role="menuitem" id="sub-menu-19_21" href="http://shop.coles.com.au/online/national/clothing/womens" title="Womens sub category">Womens</a></li>
							
							
								<li><a role="menuitem" id="sub-menu-19_22" href="http://shop.coles.com.au/online/national/clothing/womens/womens-accessories" title="Women's Accessories">Women's Accessories</a></li>
							
								<li><a role="menuitem" id="sub-menu-19_23" href="http://shop.coles.com.au/online/national/clothing/womens/womens-briefs" title="Women's Briefs">Women's Briefs</a></li>
							
								<li><a role="menuitem" id="sub-menu-19_24" href="http://shop.coles.com.au/online/national/clothing/womens/hoisery" title="Women's Hosiery">Women's Hosiery</a></li>
							
								<li><a role="menuitem" id="sub-menu-19_25" href="http://shop.coles.com.au/online/national/clothing/womens/womens-socks" title="Women's Socks">Women's Socks</a></li>
							
					</ul>
				</div>							
											
			</li>									
		
			
			<li>
				
							
					<a role="menuitem" id="aisleMenu_20" aria-haspopup="true" href="http://shop.coles.com.au/online/national/tobacco" class="aisle" title="Browse the Tobacco aisle">
						Tobacco <span>→</span>
					</a>
					
					<div id="menu-20" class="column-list clearfix" data-rows="22" role="navigation">
						<h2>
							<a role="menuitem" id="sub-menu-20_0" class="subCatHeader" title="Tobacco Category" href="http://shop.coles.com.au/online/national/tobacco">
								Tobacco
							</a>
							<span class="aisle-search">&nbsp;
								<a role="menuitem" id="sub-menu-20_1" class="browseAllSubCategory" href="http://shop.coles.com.au/online/national/tobacco/tobacco" title="Browse all items">
								 Browse all items<span>→</span>
								</a>
							</span>
						</h2>
						
						
					<ul role="menu" id="sub-menu-20" data-col-items="menu-20" class="hidden">
						
							<li class="section"><a role="menuitem" id="sub-menu-20_2" href="http://shop.coles.com.au/online/national/tobacco/tobacco--cigarettes-cigars" title="Tobacco, Cigarettes &amp; Cigars sub category">Tobacco, Cigarettes &amp; Cigars</a></li>
							
							
								<li><a role="menuitem" id="sub-menu-20_3" href="http://shop.coles.com.au/online/national/tobacco/tobacco--cigarettes-cigars/cigarettes" title="Cigarettes">Cigarettes</a></li>
							
								<li><a role="menuitem" id="sub-menu-20_4" href="http://shop.coles.com.au/online/national/tobacco/tobacco--cigarettes-cigars/papers-filters" title="Papers &amp; Filters">Papers &amp; Filters</a></li>
							
								<li><a role="menuitem" id="sub-menu-20_5" href="http://shop.coles.com.au/online/national/tobacco/tobacco--cigarettes-cigars/cigars" title="Cigars">Cigars</a></li>
							
								<li><a role="menuitem" id="sub-menu-20_6" href="http://shop.coles.com.au/online/national/tobacco/tobacco--cigarettes-cigars/loose-tobacco" title="Loose Tobacco">Loose Tobacco</a></li>
							
								<li><a role="menuitem" id="sub-menu-20_7" href="http://shop.coles.com.au/online/national/tobacco/tobacco--cigarettes-cigars/quit-smoking" title="Quit Smoking">Quit Smoking</a></li>
							
								<li><a role="menuitem" id="sub-menu-20_8" href="http://shop.coles.com.au/online/national/tobacco/tobacco--cigarettes-cigars/lighters-matches" title="Lighters &amp; Matches">Lighters &amp; Matches</a></li>
							
					</ul>
				</div>							
											
			</li>									
		
	</ul>
</div>

		<form id="search" name="search" action="http://shop.coles.com.au/online/SearchDisplay?pageView=image&amp;catalogId=10576&amp;beginIndex=0&amp;langId=-1&amp;storeId=10601" method="get" role="search">
			<input type="hidden" name="storeId" value="10601" id="WC_CachedHeaderDisplay_FormInput_storeId_In_CatalogSearchForm_1">
			<input type="hidden" name="catalogId" value="10576" id="WC_CachedHeaderDisplay_FormInput_catalogId_In_CatalogSearchForm_1">
			<input type="hidden" name="langId" value="-1" id="WC_CachedHeaderDisplay_FormInput_langId_In_CatalogSearchForm_1">
			<input type="hidden" name="beginIndex" value="0" id="WC_CachedHeaderDisplay_FormInput_beginIndex_In_CatalogSearchForm_1">
			<input type="hidden" name="browseView" value="false" id="WC_CachedHeaderDisplay_FormInput_browseView_In_CatalogSearchForm_1">
			<input type="hidden" name="searchSource" value="Q" id="WC_CachedHeaderDisplay_FormInput_searchSource_In_CatalogSearchForm_1">
			<input type="hidden" name="sType" value="SimpleSearch" id="WC_CachedHeaderDisplay_FormInput_sType_In_CatalogSearchForm_1">
			<input type="hidden" name="resultCatEntryType" value="2" id="WC_CachedHeaderDisplay_FormInput_resultType_In_CatalogSearchForm_1">
			<input type="hidden" name="showResultsPage" value="true" id="WC_CachedHeaderDisplay_input_1">
			<input type="hidden" name="pageView" value="image" id="WC_CachedHeaderDisplay_input_2">
			<fieldset>
				<legend class="off-left">Search products form</legend>
				<div class="inputContainer" id="inputContainer" data-suggestionsview="" data-searchurl="http://shop.coles.com.au/online/SearchDisplay?pageView=image&amp;catalogId=10576&amp;beginIndex=0&amp;langId=-1&amp;storeId=10601" data-corename="MC_10001_CatalogEntry_en_US" data-serverurl="http://solrprd.cmltd.net.au:27920/solr/MC_10001_CatalogEntry_en_US" data-catalogid="10576" data-storeid="10601" data-langid="-1">
					<div class="v-holder">
						<label for="searchTerm" class="off-left">Search</label>
						<input id="searchTerm" class="keyword pred-search rounded" type="text" placeholder="Search for..." name="searchTerm" value="" size="40" maxlength="65" autocomplete="off"><div class="pred-menu hidden" aria-hidden="true"><ul></ul></div>
					</div>
				</div>
				<input class="btn-search btn-grey pred-search btn-disabled" type="submit" role="button" title="Search" value="Search" disabled="disabled">
			</fieldset>
		</form>
		

<div id="myAccount">
	
			<button href="#register" role="button" class="btn-grey popup-launch action-register" title="Register">Register</button>
			<button href="#logIn" role="button" class="btn-grey popup-launch action-login" title="Log in">Log in</button>
		
</div>

	</div>
</div>	

<form method="post" name="SubHeaderData" id="SubHeaderData" class="hidden" aria-hidden="true">
		
	<input type="hidden" name="suburb" value="">	
	<input type="hidden" name="postcode" value="">
	<input type="hidden" name="state" value="">	
	
</form>



<div id="statusBarContainer">
	<ul id="statusBar" class="rounded grad-aqua1">
		
		
						<li id="statusGuest">
							<p><a role="button" href="#localisation" class="btn-grey-dbl popup-launch action-localise" title="Tell us your location and get started!">Tell us your location and get started!</a></p>
						</li>
					

<li id="statusItems" class="grad-aqua2" data-refresh="{refreshNode:'statusBar',refreshId:'miniShopCart',storeId:'10601',urlLangId:'-1',catalogId:'10576', orderId:''}">
    
    <div id="statusItemsContent">
		
				<div class="title">No items:</div>
				<div class="statusItemsIcon"></div>
				<p>Your trolley is empty</p>
				
				<input id="lpCartQuantity" type="hidden" value="0">
				
	</div>
	<p>
		
	    <a href="#" id="viewTrolley" class="arrow action-show-viewTrolley" title="View trolley">View trolley</a>
	    
	</p>
</li>
<li id="statusItemsAdding" class="hidden" aria-hidden="true" data-refresh="{refreshNode:'statusBar',refreshId:'miniShopCart',storeId:'10601',urlLangId:'-1',catalogId:'10576',orderId:''}">
	<div class="statusItemsIcon"></div>
	<div class="loader">
		<div class="title">Adding to trolley</div>
	</div>
</li>
<li id="statusTotal" class="grad-aqua3" data-refresh="{refreshNode:'statusBar',refreshId:'miniShopCart',storeId:'10601',urlLangId:'-1',catalogId:'10576',orderId:''}" aria-live="polite">
	<div class="title">Total:</div>
	
			<p id="price" class="currency">
				<span>$</span>0.00
			</p>
			
			<input id="lpCartTotal" type="hidden" value="0">	
			
</li>
<li id="statusCheckout" class="rounded grad-aqua3" data-refresh="{refreshNode:'statusBar',refreshId:'miniShopCart',storeId:'10601',urlLangId:'-1',catalogId:'10576',orderId:''}">
	<p>
		<a role="button" href="http://shop.coles.com.au/online/TraditionalAjaxShippingDetailsURL?cmdStoreId=10401&amp;channel=BeginDesktopCheckout&amp;calculationUsageId=-1&amp;calculationUsageId=-7&amp;updatePrices=1&amp;catalogId=10576&amp;errorViewName=TraditionalAjaxShippingDetailsURL&amp;orderId=&amp;langId=-1&amp;storeId=10601&amp;flow=BeginCheckout&amp;doPrice=N&amp;URL=TraditionalAjaxShippingDetailsURL" class="btn-grey-dbl" id="ribbonCheckout" title=""><span>Go to checkout</span></a>
	</p>
	<div class="clear"></div>
</li>

<li id="LiStatusItemsMU" class="hidden" data-refresh="{refreshNode:'statusBar',refreshId:'miniShopCart',storeId:'10601',urlLangId:'-1',catalogId:'10576',orderId:''}">
	<div id="statusItemsMU">
		
	</div>
</li>

<li id="rightHandSideTrolley" class="accessibility" data-refresh="{refreshNode:'statusBar',refreshId:'miniShopCart',storeId:'10601',urlLangId:'-1',catalogId:'10576',orderId:''}">
	<!-- TODO: The value to be given by business -->


 
    <div role="presentation" aria-hidden="true" class="trolleyTab">
		<a role="button" href="#" id="viewTrolleyTab" tabindex="-1" class="action-show-viewTrolley">
			trolley
		</a>		
	</div>
</li>

	</ul>
</div>

	</div>
    <div class="headerBottom"><div class="pageBottom"><div></div></div></div>
</div>

		<div id="MessageArea" class="globalMessageArea" data-urls="{contactUsURL: 'http://shop.coles.com.au/online/national/contact-us', startShoppingURL: 'http://shop.coles.com.au/online/national', clickAndCollectURL: 'http://shop.coles.com.au/online/national/info/click-collect-locations'}">
			
		</div>
	
<div id="compare" class="panel" tabindex="-1" aria-hidden="true" style="height: 7px; min-height: 219px; top: 0px; ">
	<div class="compareZone clearfix" style="display: block; ">
		

<div data-refresh="{refreshId: 'compareZone', catalogId: '10576', storeId: '10601', langId: '-1'}" aria-live="polite">
	

	<div class="compareContent" style="max-height: none; ">
		<div class="close"><a href="#" class="linotype" title="Return to shopping">Close</a></div>
		
	</div>
</div>

	</div>
	<div class="compareShadow"></div>
	<a href="#" class="panelTab grad-aqua1 unopenable" title="Show/hide the product comparison panel"><span>Compare items <span class="counter">0</span></span></a>
</div>

				<div id="contentPane" class="clearfix" role="main">
					 

<div id="searchDisplay" class="" data-refresh="{refreshId:'searchView', productView:'list', orderBy:'10601_6', beginIndex:'4000', pageSize:'100', storeId:'10601', catalogId:'10576', categoryId:'25573',topcategoryId:'',browseView:'true'}">
	
	<div id="pageHead" class="clearfix">
		

<div class="floatLeft">
<ul class="breadcrumb">
    
    <li><a href="http://shop.coles.com.au/online/national" title="Navigate to the homepage">Home</a> <span>→</span></li>
    
                                                <li>Pantry</li>
                                            
</ul>
</div>
<div class="clear"></div>

		<div class="floatLeft">
			<h1 id="page-heading">
    			Pantry

			</h1>
		</div>
	
			<div class="floatRight pageInfoRight">
				<label for="orderBy" class="label">Sort by:</label>
				<div class="sortOrder rounded">
					<select id="orderBy" title="Product sort order" name="orderBy">
						<option selected="selected" value="10601_6">Top products</option>
						<option value="10601_5">Specials first</option>
						<option value="10601_3">Lowest price first</option>
						<option value="10601_4">Lowest unit price first</option>
						<option value="1">A-Z (Brand)</option>
						<option value="2">A-Z (Product Name)</option>
					</select>
				</div>
				
                 
				<ul id="productView">
					<li class="grid viewSwitcher" data-view="grid">
						<a href="#" title="Display products in grid view">
							<span class="viewInfo ir">Switch to grid view</span>
						</a>
					</li>
					<li class="list viewSwitcher" data-view="list">
						<a href="#" title="Display products in list view" class="selected">
							<span class="viewInfo ir">Switch to list view</span>
						</a>
					</li>
					<li class="text viewSwitcher" data-view="text">
						<a href="#" title="Display products in text view">
							<span class="viewInfo ir">Switch to text view</span>
						</a>
					</li>
				</ul>
			</div>
		
	</div>

	<div class="messageArea"></div>
	
	
	<div class="localisation-disclaimer msg-warning">
		Prices and range may differ from region to region. <a href="#localisation" class="popup-launch" title="Tell us your location to see your local prices">Tell us your location to see your local prices</a>	
	</div>
	
			<div class="layout-20-80 clearfix">
				<div class="column-1">
					
<div class="plain-box">
	
	
	<h2 class="keywords">Narrow your search:</h2>
	<ul id="keywords" role="presentation">
		<li><a href="http://shop.coles.com.au/online/SearchDisplay?multiSearch=&amp;showResultsPage=true&amp;langId=-1&amp;beginIndex=4000&amp;sType=SimpleSearch&amp;browseView=true&amp;pageSize=100&amp;resultCatEntryType=&amp;catalogId=10576&amp;pageView=image&amp;urlLangId=-1&amp;categoryId=25573&amp;storeId=10601" title="Reset all">Reset all</a></li>
		<li>
			<ul role="presentation">
			
		<li role="presentation">
			<h3>Category</h3>
			
					<a class="1" href="http://shop.coles.com.au/online/SearchDisplay?multiSearch=&amp;showResultsPage=true&amp;langId=-1&amp;beginIndex=4000&amp;sType=SimpleSearch&amp;browseView=true&amp;pageSize=100&amp;resultCatEntryType=&amp;catalogId=10576&amp;pageView=image&amp;urlLangId=-1&amp;categoryId=25573&amp;storeId=10601" name="type-Category" title=""><span class="cat-facet">Show all</span>&nbsp;<span role="presentation" aria-hidden="true" class="cat-count">(6288)</span><span class="cat-count accessibility">(6288items)</span></a>
				
  			<ul>
	     		
							<li>
								
										<a href="http://shop.coles.com.au/online/SearchDisplay?searchTermScope=&amp;multiSearch=&amp;searchType=2&amp;maxPrice=&amp;showResultsPage=true&amp;langId=-1&amp;beginIndex=0&amp;sType=SimpleSearch&amp;browseView=true&amp;metaData=&amp;manufacturer=&amp;resultCatEntryType=&amp;catalogId=10576&amp;pageView=&amp;minPrice=&amp;urlLangId=-1&amp;categoryId=1257051&amp;storeId=10601" name="type-Category" title=""><span class="cat-facet">Local Foods</span>&nbsp;<span role="presentation" aria-hidden="true" class="cat-count">(17)</span><span class="cat-count accessibility">(17items)</span></a>
									
							</li>
			     		
							<li>
								
										<a href="http://shop.coles.com.au/online/SearchDisplay?searchTermScope=&amp;multiSearch=&amp;searchType=2&amp;maxPrice=&amp;showResultsPage=true&amp;langId=-1&amp;beginIndex=0&amp;sType=SimpleSearch&amp;browseView=true&amp;metaData=&amp;manufacturer=&amp;resultCatEntryType=&amp;catalogId=10576&amp;pageView=&amp;minPrice=&amp;urlLangId=-1&amp;categoryId=1257065&amp;storeId=10601" name="type-Category" title=""><span class="cat-facet">Cereal &amp; Health Foods</span>&nbsp;<span role="presentation" aria-hidden="true" class="cat-count">(5)</span><span class="cat-count accessibility">(5items)</span></a>
									
							</li>
			     		
							<li>
								
										<a href="http://shop.coles.com.au/online/SearchDisplay?searchTermScope=&amp;multiSearch=&amp;searchType=2&amp;maxPrice=&amp;showResultsPage=true&amp;langId=-1&amp;beginIndex=0&amp;sType=SimpleSearch&amp;browseView=true&amp;metaData=&amp;manufacturer=&amp;resultCatEntryType=&amp;catalogId=10576&amp;pageView=&amp;minPrice=&amp;urlLangId=-1&amp;categoryId=1257101&amp;storeId=10601" name="type-Category" title=""><span class="cat-facet">Pantry Local Foods</span>&nbsp;<span role="presentation" aria-hidden="true" class="cat-count">(7)</span><span class="cat-count accessibility">(7items)</span></a>
									
							</li>
			     		
							<li>
								
										<a href="http://shop.coles.com.au/online/SearchDisplay?searchTermScope=&amp;multiSearch=&amp;searchType=2&amp;maxPrice=&amp;showResultsPage=true&amp;langId=-1&amp;beginIndex=0&amp;sType=SimpleSearch&amp;browseView=true&amp;metaData=&amp;manufacturer=&amp;resultCatEntryType=&amp;catalogId=10576&amp;pageView=&amp;minPrice=&amp;urlLangId=-1&amp;categoryId=1257115&amp;storeId=10601" name="type-Category" title=""><span class="cat-facet">Local Snacks &amp; Drinks</span>&nbsp;<span role="presentation" aria-hidden="true" class="cat-count">(5)</span><span class="cat-count accessibility">(5items)</span></a>
									
							</li>
			     		
							<li>
								
										<a href="http://shop.coles.com.au/online/SearchDisplay?searchTermScope=&amp;multiSearch=&amp;searchType=2&amp;maxPrice=&amp;showResultsPage=true&amp;langId=-1&amp;beginIndex=0&amp;sType=SimpleSearch&amp;browseView=true&amp;metaData=&amp;manufacturer=&amp;resultCatEntryType=&amp;catalogId=10576&amp;pageView=&amp;minPrice=&amp;urlLangId=-1&amp;categoryId=1553563&amp;storeId=10601" name="type-Category" title=""><span class="cat-facet">Recipe &amp; Meal Bases</span>&nbsp;<span role="presentation" aria-hidden="true" class="cat-count">(237)</span><span class="cat-count accessibility">(237items)</span></a>
									
							</li>
			     		
							<li>
								
										<a href="http://shop.coles.com.au/online/SearchDisplay?searchTermScope=&amp;multiSearch=&amp;searchType=2&amp;maxPrice=&amp;showResultsPage=true&amp;langId=-1&amp;beginIndex=0&amp;sType=SimpleSearch&amp;browseView=true&amp;metaData=&amp;manufacturer=&amp;resultCatEntryType=&amp;catalogId=10576&amp;pageView=&amp;minPrice=&amp;urlLangId=-1&amp;categoryId=1553575&amp;storeId=10601" name="type-Category" title=""><span class="cat-facet">Mustard</span>&nbsp;<span role="presentation" aria-hidden="true" class="cat-count">(20)</span><span class="cat-count accessibility">(20items)</span></a>
									
							</li>
			     		
							<li>
								
										<a href="http://shop.coles.com.au/online/SearchDisplay?searchTermScope=&amp;multiSearch=&amp;searchType=2&amp;maxPrice=&amp;showResultsPage=true&amp;langId=-1&amp;beginIndex=0&amp;sType=SimpleSearch&amp;browseView=true&amp;metaData=&amp;manufacturer=&amp;resultCatEntryType=&amp;catalogId=10576&amp;pageView=&amp;minPrice=&amp;urlLangId=-1&amp;categoryId=241525&amp;storeId=10601" name="type-Category" title=""><span class="cat-facet">Medicated Lozenges</span>&nbsp;<span role="presentation" aria-hidden="true" class="cat-count">(32)</span><span class="cat-count accessibility">(32items)</span></a>
									
							</li>
			     		
							<li>
								
										<a href="http://shop.coles.com.au/online/SearchDisplay?searchTermScope=&amp;multiSearch=&amp;searchType=2&amp;maxPrice=&amp;showResultsPage=true&amp;langId=-1&amp;beginIndex=0&amp;sType=SimpleSearch&amp;browseView=true&amp;metaData=&amp;manufacturer=&amp;resultCatEntryType=&amp;catalogId=10576&amp;pageView=&amp;minPrice=&amp;urlLangId=-1&amp;categoryId=25835&amp;storeId=10601" name="type-Category" title=""><span class="cat-facet">Breakfast</span>&nbsp;<span role="presentation" aria-hidden="true" class="cat-count">(369)</span><span class="cat-count accessibility">(369items)</span></a>
									
							</li>
			     		
							<li>
								
										<a href="http://shop.coles.com.au/online/SearchDisplay?searchTermScope=&amp;multiSearch=&amp;searchType=2&amp;maxPrice=&amp;showResultsPage=true&amp;langId=-1&amp;beginIndex=0&amp;sType=SimpleSearch&amp;browseView=true&amp;metaData=&amp;manufacturer=&amp;resultCatEntryType=&amp;catalogId=10576&amp;pageView=&amp;minPrice=&amp;urlLangId=-1&amp;categoryId=25857&amp;storeId=10601" name="type-Category" title=""><span class="cat-facet">Oils &amp; Vinegars</span>&nbsp;<span role="presentation" aria-hidden="true" class="cat-count">(138)</span><span class="cat-count accessibility">(138items)</span></a>
									
							</li>
			     		
							<li>
								
										<a href="http://shop.coles.com.au/online/SearchDisplay?searchTermScope=&amp;multiSearch=&amp;searchType=2&amp;maxPrice=&amp;showResultsPage=true&amp;langId=-1&amp;beginIndex=0&amp;sType=SimpleSearch&amp;browseView=true&amp;metaData=&amp;manufacturer=&amp;resultCatEntryType=&amp;catalogId=10576&amp;pageView=&amp;minPrice=&amp;urlLangId=-1&amp;categoryId=25927&amp;storeId=10601" name="type-Category" title=""><span class="cat-facet">Sauces</span>&nbsp;<span role="presentation" aria-hidden="true" class="cat-count">(621)</span><span class="cat-count accessibility">(621items)</span></a>
									
							</li>
			     		
				<li><a href="#" class="more" data-hidden-facets="{&quot;type&quot;:&quot;Category&quot;,&quot;facets&quot;:[{&quot;url&quot;:&quot;http://shop.coles.com.au/online/SearchDisplay?searchTermScope=&amp;multiSearch=&amp;searchType=2&amp;maxPrice=&amp;showResultsPage=true&amp;langId=-1&amp;beginIndex=0&amp;sType=SimpleSearch&amp;browseView=true&amp;metaData=&amp;manufacturer=&amp;resultCatEntryType=&amp;catalogId=10576&amp;pageView=&amp;minPrice=&amp;urlLangId=-1&amp;categoryId=25953&amp;storeId=10601&quot;,&quot;name&quot;:&quot;Canned Foods, Soups &amp; Noodles&quot;,&quot;count&quot;:&quot;942&quot;,&quot;className&quot;:&quot;&quot;},{&quot;url&quot;:&quot;http://shop.coles.com.au/online/SearchDisplay?searchTermScope=&amp;multiSearch=&amp;searchType=2&amp;maxPrice=&amp;showResultsPage=true&amp;langId=-1&amp;beginIndex=0&amp;sType=SimpleSearch&amp;browseView=true&amp;metaData=&amp;manufacturer=&amp;resultCatEntryType=&amp;catalogId=10576&amp;pageView=&amp;minPrice=&amp;urlLangId=-1&amp;categoryId=25954&amp;storeId=10601&quot;,&quot;name&quot;:&quot;Tea &amp; Coffee&quot;,&quot;count&quot;:&quot;469&quot;,&quot;className&quot;:&quot;&quot;},{&quot;url&quot;:&quot;http://shop.coles.com.au/online/SearchDisplay?searchTermScope=&amp;multiSearch=&amp;searchType=2&amp;maxPrice=&amp;showResultsPage=true&amp;langId=-1&amp;beginIndex=0&amp;sType=SimpleSearch&amp;browseView=true&amp;metaData=&amp;manufacturer=&amp;resultCatEntryType=&amp;catalogId=10576&amp;pageView=&amp;minPrice=&amp;urlLangId=-1&amp;categoryId=25975&amp;storeId=10601&quot;,&quot;name&quot;:&quot;Pasta, Rice, Grains&quot;,&quot;count&quot;:&quot;360&quot;,&quot;className&quot;:&quot;&quot;},{&quot;url&quot;:&quot;http://shop.coles.com.au/online/SearchDisplay?searchTermScope=&amp;multiSearch=&amp;searchType=2&amp;maxPrice=&amp;showResultsPage=true&amp;langId=-1&amp;beginIndex=0&amp;sType=SimpleSearch&amp;browseView=true&amp;metaData=&amp;manufacturer=&amp;resultCatEntryType=&amp;catalogId=10576&amp;pageView=&amp;minPrice=&amp;urlLangId=-1&amp;categoryId=25980&amp;storeId=10601&quot;,&quot;name&quot;:&quot;Confectionery&quot;,&quot;count&quot;:&quot;619&quot;,&quot;className&quot;:&quot;&quot;},{&quot;url&quot;:&quot;http://shop.coles.com.au/online/SearchDisplay?searchTermScope=&amp;multiSearch=&amp;searchType=2&amp;maxPrice=&amp;showResultsPage=true&amp;langId=-1&amp;beginIndex=0&amp;sType=SimpleSearch&amp;browseView=true&amp;metaData=&amp;manufacturer=&amp;resultCatEntryType=&amp;catalogId=10576&amp;pageView=&amp;minPrice=&amp;urlLangId=-1&amp;categoryId=25982&amp;storeId=10601&quot;,&quot;name&quot;:&quot;Condiments&quot;,&quot;count&quot;:&quot;560&quot;,&quot;className&quot;:&quot;&quot;},{&quot;url&quot;:&quot;http://shop.coles.com.au/online/SearchDisplay?searchTermScope=&amp;multiSearch=&amp;searchType=2&amp;maxPrice=&amp;showResultsPage=true&amp;langId=-1&amp;beginIndex=0&amp;sType=SimpleSearch&amp;browseView=true&amp;metaData=&amp;manufacturer=&amp;resultCatEntryType=&amp;catalogId=10576&amp;pageView=&amp;minPrice=&amp;urlLangId=-1&amp;categoryId=25987&amp;storeId=10601&quot;,&quot;name&quot;:&quot;Baking&quot;,&quot;count&quot;:&quot;614&quot;,&quot;className&quot;:&quot;&quot;},{&quot;url&quot;:&quot;http://shop.coles.com.au/online/SearchDisplay?searchTermScope=&amp;multiSearch=&amp;searchType=2&amp;maxPrice=&amp;showResultsPage=true&amp;langId=-1&amp;beginIndex=0&amp;sType=SimpleSearch&amp;browseView=true&amp;metaData=&amp;manufacturer=&amp;resultCatEntryType=&amp;catalogId=10576&amp;pageView=&amp;minPrice=&amp;urlLangId=-1&amp;categoryId=25990&amp;storeId=10601&quot;,&quot;name&quot;:&quot;Stocks &amp; Gravy&quot;,&quot;count&quot;:&quot;113&quot;,&quot;className&quot;:&quot;&quot;},{&quot;url&quot;:&quot;http://shop.coles.com.au/online/SearchDisplay?searchTermScope=&amp;multiSearch=&amp;searchType=2&amp;maxPrice=&amp;showResultsPage=true&amp;langId=-1&amp;beginIndex=0&amp;sType=SimpleSearch&amp;browseView=true&amp;metaData=&amp;manufacturer=&amp;resultCatEntryType=&amp;catalogId=10576&amp;pageView=&amp;minPrice=&amp;urlLangId=-1&amp;categoryId=25991&amp;storeId=10601&quot;,&quot;name&quot;:&quot;Snacks&quot;,&quot;count&quot;:&quot;1176&quot;,&quot;className&quot;:&quot;&quot;},{&quot;url&quot;:&quot;http://shop.coles.com.au/online/SearchDisplay?searchTermScope=&amp;multiSearch=&amp;searchType=2&amp;maxPrice=&amp;showResultsPage=true&amp;langId=-1&amp;beginIndex=0&amp;sType=SimpleSearch&amp;browseView=true&amp;metaData=&amp;manufacturer=&amp;resultCatEntryType=&amp;catalogId=10576&amp;pageView=&amp;minPrice=&amp;urlLangId=-1&amp;categoryId=25992&amp;storeId=10601&quot;,&quot;name&quot;:&quot;Herbs &amp; Spices&quot;,&quot;count&quot;:&quot;528&quot;,&quot;className&quot;:&quot;&quot;},{&quot;url&quot;:&quot;http://shop.coles.com.au/online/SearchDisplay?searchTermScope=&amp;multiSearch=&amp;searchType=2&amp;maxPrice=&amp;showResultsPage=true&amp;langId=-1&amp;beginIndex=0&amp;sType=SimpleSearch&amp;browseView=true&amp;metaData=&amp;manufacturer=&amp;resultCatEntryType=&amp;catalogId=10576&amp;pageView=&amp;minPrice=&amp;urlLangId=-1&amp;categoryId=26685&amp;storeId=10601&quot;,&quot;name&quot;:&quot;Fish/Seafood&quot;,&quot;count&quot;:&quot;197&quot;,&quot;className&quot;:&quot;&quot;},{&quot;url&quot;:&quot;http://shop.coles.com.au/online/SearchDisplay?searchTermScope=&amp;multiSearch=&amp;searchType=2&amp;maxPrice=&amp;showResultsPage=true&amp;langId=-1&amp;beginIndex=0&amp;sType=SimpleSearch&amp;browseView=true&amp;metaData=&amp;manufacturer=&amp;resultCatEntryType=&amp;catalogId=10576&amp;pageView=&amp;minPrice=&amp;urlLangId=-1&amp;categoryId=27329&amp;storeId=10601&quot;,&quot;name&quot;:&quot;Jelly&quot;,&quot;count&quot;:&quot;40&quot;,&quot;className&quot;:&quot;&quot;},{&quot;url&quot;:&quot;http://shop.coles.com.au/online/SearchDisplay?searchTermScope=&amp;multiSearch=&amp;searchType=2&amp;maxPrice=&amp;showResultsPage=true&amp;langId=-1&amp;beginIndex=0&amp;sType=SimpleSearch&amp;browseView=true&amp;metaData=&amp;manufacturer=&amp;resultCatEntryType=&amp;catalogId=10576&amp;pageView=&amp;minPrice=&amp;urlLangId=-1&amp;categoryId=27385&amp;storeId=10601&quot;,&quot;name&quot;:&quot;Flour&quot;,&quot;count&quot;:&quot;118&quot;,&quot;className&quot;:&quot;&quot;},{&quot;url&quot;:&quot;http://shop.coles.com.au/online/SearchDisplay?searchTermScope=&amp;multiSearch=&amp;searchType=2&amp;maxPrice=&amp;showResultsPage=true&amp;langId=-1&amp;beginIndex=0&amp;sType=SimpleSearch&amp;browseView=true&amp;metaData=&amp;manufacturer=&amp;resultCatEntryType=&amp;catalogId=10576&amp;pageView=&amp;minPrice=&amp;urlLangId=-1&amp;categoryId=27440&amp;storeId=10601&quot;,&quot;name&quot;:&quot;Jams &amp; Spreads&quot;,&quot;count&quot;:&quot;223&quot;,&quot;className&quot;:&quot;&quot;},{&quot;url&quot;:&quot;http://shop.coles.com.au/online/SearchDisplay?searchTermScope=&amp;multiSearch=&amp;searchType=2&amp;maxPrice=&amp;showResultsPage=true&amp;langId=-1&amp;beginIndex=0&amp;sType=SimpleSearch&amp;browseView=true&amp;metaData=&amp;manufacturer=&amp;resultCatEntryType=&amp;catalogId=10576&amp;pageView=&amp;minPrice=&amp;urlLangId=-1&amp;categoryId=27489&amp;storeId=10601&quot;,&quot;name&quot;:&quot;Canned Beans &amp; Legumes&quot;,&quot;count&quot;:&quot;34&quot;,&quot;className&quot;:&quot;&quot;},{&quot;url&quot;:&quot;http://shop.coles.com.au/online/SearchDisplay?searchTermScope=&amp;multiSearch=&amp;searchType=2&amp;maxPrice=&amp;showResultsPage=true&amp;langId=-1&amp;beginIndex=0&amp;sType=SimpleSearch&amp;browseView=true&amp;metaData=&amp;manufacturer=&amp;resultCatEntryType=&amp;catalogId=10576&amp;pageView=&amp;minPrice=&amp;urlLangId=-1&amp;categoryId=27642&amp;storeId=10601&quot;,&quot;name&quot;:&quot;Cereals&quot;,&quot;count&quot;:&quot;360&quot;,&quot;className&quot;:&quot;&quot;},{&quot;url&quot;:&quot;http://shop.coles.com.au/online/SearchDisplay?searchTermScope=&amp;multiSearch=&amp;searchType=2&amp;maxPrice=&amp;showResultsPage=true&amp;langId=-1&amp;beginIndex=0&amp;sType=SimpleSearch&amp;browseView=true&amp;metaData=&amp;manufacturer=&amp;resultCatEntryType=&amp;catalogId=10576&amp;pageView=&amp;minPrice=&amp;urlLangId=-1&amp;categoryId=27660&amp;storeId=10601&quot;,&quot;name&quot;:&quot;Muesli &amp; Snack Bars&quot;,&quot;count&quot;:&quot;405&quot;,&quot;className&quot;:&quot;&quot;},{&quot;url&quot;:&quot;http://shop.coles.com.au/online/SearchDisplay?searchTermScope=&amp;multiSearch=&amp;searchType=2&amp;maxPrice=&amp;showResultsPage=true&amp;langId=-1&amp;beginIndex=0&amp;sType=SimpleSearch&amp;browseView=true&amp;metaData=&amp;manufacturer=&amp;resultCatEntryType=&amp;catalogId=10576&amp;pageView=&amp;minPrice=&amp;urlLangId=-1&amp;categoryId=27665&amp;storeId=10601&quot;,&quot;name&quot;:&quot;Rice &amp; Corn Snacks&quot;,&quot;count&quot;:&quot;74&quot;,&quot;className&quot;:&quot;&quot;},{&quot;url&quot;:&quot;http://shop.coles.com.au/online/SearchDisplay?searchTermScope=&amp;multiSearch=&amp;searchType=2&amp;maxPrice=&amp;showResultsPage=true&amp;langId=-1&amp;beginIndex=0&amp;sType=SimpleSearch&amp;browseView=true&amp;metaData=&amp;manufacturer=&amp;resultCatEntryType=&amp;catalogId=10576&amp;pageView=&amp;minPrice=&amp;urlLangId=-1&amp;categoryId=27682&amp;storeId=10601&quot;,&quot;name&quot;:&quot;Dry Stock&quot;,&quot;count&quot;:&quot;17&quot;,&quot;className&quot;:&quot;&quot;},{&quot;url&quot;:&quot;http://shop.coles.com.au/online/SearchDisplay?searchTermScope=&amp;multiSearch=&amp;searchType=2&amp;maxPrice=&amp;showResultsPage=true&amp;langId=-1&amp;beginIndex=0&amp;sType=SimpleSearch&amp;browseView=true&amp;metaData=&amp;manufacturer=&amp;resultCatEntryType=&amp;catalogId=10576&amp;pageView=&amp;minPrice=&amp;urlLangId=-1&amp;categoryId=27727&amp;storeId=10601&quot;,&quot;name&quot;:&quot;Tea&quot;,&quot;count&quot;:&quot;234&quot;,&quot;className&quot;:&quot;&quot;},{&quot;url&quot;:&quot;http://shop.coles.com.au/online/SearchDisplay?searchTermScope=&amp;multiSearch=&amp;searchType=2&amp;maxPrice=&amp;showResultsPage=true&amp;langId=-1&amp;beginIndex=0&amp;sType=SimpleSearch&amp;browseView=true&amp;metaData=&amp;manufacturer=&amp;resultCatEntryType=&amp;catalogId=10576&amp;pageView=&amp;minPrice=&amp;urlLangId=-1&amp;categoryId=27895&amp;storeId=10601&quot;,&quot;name&quot;:&quot;Corn Chips &amp; Salsa&quot;,&quot;count&quot;:&quot;22&quot;,&quot;className&quot;:&quot;&quot;},{&quot;url&quot;:&quot;http://shop.coles.com.au/online/SearchDisplay?searchTermScope=&amp;multiSearch=&amp;searchType=2&amp;maxPrice=&amp;showResultsPage=true&amp;langId=-1&amp;beginIndex=0&amp;sType=SimpleSearch&amp;browseView=true&amp;metaData=&amp;manufacturer=&amp;resultCatEntryType=&amp;catalogId=10576&amp;pageView=&amp;minPrice=&amp;urlLangId=-1&amp;categoryId=27897&amp;storeId=10601&quot;,&quot;name&quot;:&quot;Pretzels &amp; Other Snacks&quot;,&quot;count&quot;:&quot;54&quot;,&quot;className&quot;:&quot;&quot;},{&quot;url&quot;:&quot;http://shop.coles.com.au/online/SearchDisplay?searchTermScope=&amp;multiSearch=&amp;searchType=2&amp;maxPrice=&amp;showResultsPage=true&amp;langId=-1&amp;beginIndex=0&amp;sType=SimpleSearch&amp;browseView=true&amp;metaData=&amp;manufacturer=&amp;resultCatEntryType=&amp;catalogId=10576&amp;pageView=&amp;minPrice=&amp;urlLangId=-1&amp;categoryId=27898&amp;storeId=10601&quot;,&quot;name&quot;:&quot;Nuts &amp; Trail Mix&quot;,&quot;count&quot;:&quot;102&quot;,&quot;className&quot;:&quot;&quot;},{&quot;url&quot;:&quot;http://shop.coles.com.au/online/SearchDisplay?searchTermScope=&amp;multiSearch=&amp;searchType=2&amp;maxPrice=&amp;showResultsPage=true&amp;langId=-1&amp;beginIndex=0&amp;sType=SimpleSearch&amp;browseView=true&amp;metaData=&amp;manufacturer=&amp;resultCatEntryType=&amp;catalogId=10576&amp;pageView=&amp;minPrice=&amp;urlLangId=-1&amp;categoryId=27913&amp;storeId=10601&quot;,&quot;name&quot;:&quot;Cake &amp; Bread Mixes&quot;,&quot;count&quot;:&quot;112&quot;,&quot;className&quot;:&quot;&quot;},{&quot;url&quot;:&quot;http://shop.coles.com.au/online/SearchDisplay?searchTermScope=&amp;multiSearch=&amp;searchType=2&amp;maxPrice=&amp;showResultsPage=true&amp;langId=-1&amp;beginIndex=0&amp;sType=SimpleSearch&amp;browseView=true&amp;metaData=&amp;manufacturer=&amp;resultCatEntryType=&amp;catalogId=10576&amp;pageView=&amp;minPrice=&amp;urlLangId=-1&amp;categoryId=27914&amp;storeId=10601&quot;,&quot;name&quot;:&quot;Mayonnaise&quot;,&quot;count&quot;:&quot;44&quot;,&quot;className&quot;:&quot;&quot;},{&quot;url&quot;:&quot;http://shop.coles.com.au/online/SearchDisplay?searchTermScope=&amp;multiSearch=&amp;searchType=2&amp;maxPrice=&amp;showResultsPage=true&amp;langId=-1&amp;beginIndex=0&amp;sType=SimpleSearch&amp;browseView=true&amp;metaData=&amp;manufacturer=&amp;resultCatEntryType=&amp;catalogId=10576&amp;pageView=&amp;minPrice=&amp;urlLangId=-1&amp;categoryId=27917&amp;storeId=10601&quot;,&quot;name&quot;:&quot;Honey&quot;,&quot;count&quot;:&quot;34&quot;,&quot;className&quot;:&quot;&quot;},{&quot;url&quot;:&quot;http://shop.coles.com.au/online/SearchDisplay?searchTermScope=&amp;multiSearch=&amp;searchType=2&amp;maxPrice=&amp;showResultsPage=true&amp;langId=-1&amp;beginIndex=0&amp;sType=SimpleSearch&amp;browseView=true&amp;metaData=&amp;manufacturer=&amp;resultCatEntryType=&amp;catalogId=10576&amp;pageView=&amp;minPrice=&amp;urlLangId=-1&amp;categoryId=27918&amp;storeId=10601&quot;,&quot;name&quot;:&quot;Tomato &amp; BBQ&quot;,&quot;count&quot;:&quot;44&quot;,&quot;className&quot;:&quot;&quot;},{&quot;url&quot;:&quot;http://shop.coles.com.au/online/SearchDisplay?searchTermScope=&amp;multiSearch=&amp;searchType=2&amp;maxPrice=&amp;showResultsPage=true&amp;langId=-1&amp;beginIndex=0&amp;sType=SimpleSearch&amp;browseView=true&amp;metaData=&amp;manufacturer=&amp;resultCatEntryType=&amp;catalogId=10576&amp;pageView=&amp;minPrice=&amp;urlLangId=-1&amp;categoryId=27922&amp;storeId=10601&quot;,&quot;name&quot;:&quot;Rice&quot;,&quot;count&quot;:&quot;112&quot;,&quot;className&quot;:&quot;&quot;},{&quot;url&quot;:&quot;http://shop.coles.com.au/online/SearchDisplay?searchTermScope=&amp;multiSearch=&amp;searchType=2&amp;maxPrice=&amp;showResultsPage=true&amp;langId=-1&amp;beginIndex=0&amp;sType=SimpleSearch&amp;browseView=true&amp;metaData=&amp;manufacturer=&amp;resultCatEntryType=&amp;catalogId=10576&amp;pageView=&amp;minPrice=&amp;urlLangId=-1&amp;categoryId=27925&amp;storeId=10601&quot;,&quot;name&quot;:&quot;Beans &amp; Legumes&quot;,&quot;count&quot;:&quot;34&quot;,&quot;className&quot;:&quot;&quot;},{&quot;url&quot;:&quot;http://shop.coles.com.au/online/SearchDisplay?searchTermScope=&amp;multiSearch=&amp;searchType=2&amp;maxPrice=&amp;showResultsPage=true&amp;langId=-1&amp;beginIndex=0&amp;sType=SimpleSearch&amp;browseView=true&amp;metaData=&amp;manufacturer=&amp;resultCatEntryType=&amp;catalogId=10576&amp;pageView=&amp;minPrice=&amp;urlLangId=-1&amp;categoryId=27982&amp;storeId=10601&quot;,&quot;name&quot;:&quot;Soups&quot;,&quot;count&quot;:&quot;200&quot;,&quot;className&quot;:&quot;&quot;},{&quot;url&quot;:&quot;http://shop.coles.com.au/online/SearchDisplay?searchTermScope=&amp;multiSearch=&amp;searchType=2&amp;maxPrice=&amp;showResultsPage=true&amp;langId=-1&amp;beginIndex=0&amp;sType=SimpleSearch&amp;browseView=true&amp;metaData=&amp;manufacturer=&amp;resultCatEntryType=&amp;catalogId=10576&amp;pageView=&amp;minPrice=&amp;urlLangId=-1&amp;categoryId=27984&amp;storeId=10601&quot;,&quot;name&quot;:&quot;Filters &amp; Accessories&quot;,&quot;count&quot;:&quot;3&quot;,&quot;className&quot;:&quot;&quot;},{&quot;url&quot;:&quot;http://shop.coles.com.au/online/SearchDisplay?searchTermScope=&amp;multiSearch=&amp;searchType=2&amp;maxPrice=&amp;showResultsPage=true&amp;langId=-1&amp;beginIndex=0&amp;sType=SimpleSearch&amp;browseView=true&amp;metaData=&amp;manufacturer=&amp;resultCatEntryType=&amp;catalogId=10576&amp;pageView=&amp;minPrice=&amp;urlLangId=-1&amp;categoryId=28074&amp;storeId=10601&quot;,&quot;name&quot;:&quot;Coffee&quot;,&quot;count&quot;:&quot;235&quot;,&quot;className&quot;:&quot;&quot;},{&quot;url&quot;:&quot;http://shop.coles.com.au/online/SearchDisplay?searchTermScope=&amp;multiSearch=&amp;searchType=2&amp;maxPrice=&amp;showResultsPage=true&amp;langId=-1&amp;beginIndex=0&amp;sType=SimpleSearch&amp;browseView=true&amp;metaData=&amp;manufacturer=&amp;resultCatEntryType=&amp;catalogId=10576&amp;pageView=&amp;minPrice=&amp;urlLangId=-1&amp;categoryId=28100&amp;storeId=10601&quot;,&quot;name&quot;:&quot;Instant Meals &amp; Sides&quot;,&quot;count&quot;:&quot;109&quot;,&quot;className&quot;:&quot;&quot;},{&quot;url&quot;:&quot;http://shop.coles.com.au/online/SearchDisplay?searchTermScope=&amp;multiSearch=&amp;searchType=2&amp;maxPrice=&amp;showResultsPage=true&amp;langId=-1&amp;beginIndex=0&amp;sType=SimpleSearch&amp;browseView=true&amp;metaData=&amp;manufacturer=&amp;resultCatEntryType=&amp;catalogId=10576&amp;pageView=&amp;minPrice=&amp;urlLangId=-1&amp;categoryId=28101&amp;storeId=10601&quot;,&quot;name&quot;:&quot;Baked Beans &amp; Spaghetti&quot;,&quot;count&quot;:&quot;60&quot;,&quot;className&quot;:&quot;&quot;},{&quot;url&quot;:&quot;http://shop.coles.com.au/online/SearchDisplay?searchTermScope=&amp;multiSearch=&amp;searchType=2&amp;maxPrice=&amp;showResultsPage=true&amp;langId=-1&amp;beginIndex=0&amp;sType=SimpleSearch&amp;browseView=true&amp;metaData=&amp;manufacturer=&amp;resultCatEntryType=&amp;catalogId=10576&amp;pageView=&amp;minPrice=&amp;urlLangId=-1&amp;categoryId=28172&amp;storeId=10601&quot;,&quot;name&quot;:&quot;Ice-cream Cones &amp; Toppings&quot;,&quot;count&quot;:&quot;9&quot;,&quot;className&quot;:&quot;&quot;},{&quot;url&quot;:&quot;http://shop.coles.com.au/online/SearchDisplay?searchTermScope=&amp;multiSearch=&amp;searchType=2&amp;maxPrice=&amp;showResultsPage=true&amp;langId=-1&amp;beginIndex=0&amp;sType=SimpleSearch&amp;browseView=true&amp;metaData=&amp;manufacturer=&amp;resultCatEntryType=&amp;catalogId=10576&amp;pageView=&amp;minPrice=&amp;urlLangId=-1&amp;categoryId=28174&amp;storeId=10601&quot;,&quot;name&quot;:&quot;Dried Herbs&quot;,&quot;count&quot;:&quot;96&quot;,&quot;className&quot;:&quot;&quot;},{&quot;url&quot;:&quot;http://shop.coles.com.au/online/SearchDisplay?searchTermScope=&amp;multiSearch=&amp;searchType=2&amp;maxPrice=&amp;showResultsPage=true&amp;langId=-1&amp;beginIndex=0&amp;sType=SimpleSearch&amp;browseView=true&amp;metaData=&amp;manufacturer=&amp;resultCatEntryType=&amp;catalogId=10576&amp;pageView=&amp;minPrice=&amp;urlLangId=-1&amp;categoryId=28176&amp;storeId=10601&quot;,&quot;name&quot;:&quot;Yeast &amp; Baking Agents&quot;,&quot;count&quot;:&quot;38&quot;,&quot;className&quot;:&quot;&quot;},{&quot;url&quot;:&quot;http://shop.coles.com.au/online/SearchDisplay?searchTermScope=&amp;multiSearch=&amp;searchType=2&amp;maxPrice=&amp;showResultsPage=true&amp;langId=-1&amp;beginIndex=0&amp;sType=SimpleSearch&amp;browseView=true&amp;metaData=&amp;manufacturer=&amp;resultCatEntryType=&amp;catalogId=10576&amp;pageView=&amp;minPrice=&amp;urlLangId=-1&amp;categoryId=28177&amp;storeId=10601&quot;,&quot;name&quot;:&quot;Dried Fruits &amp; Fillings&quot;,&quot;count&quot;:&quot;121&quot;,&quot;className&quot;:&quot;&quot;},{&quot;url&quot;:&quot;http://shop.coles.com.au/online/SearchDisplay?searchTermScope=&amp;multiSearch=&amp;searchType=2&amp;maxPrice=&amp;showResultsPage=true&amp;langId=-1&amp;beginIndex=0&amp;sType=SimpleSearch&amp;browseView=true&amp;metaData=&amp;manufacturer=&amp;resultCatEntryType=&amp;catalogId=10576&amp;pageView=&amp;minPrice=&amp;urlLangId=-1&amp;categoryId=28178&amp;storeId=10601&quot;,&quot;name&quot;:&quot;Cooking Chocolate &amp; Cocoa&quot;,&quot;count&quot;:&quot;33&quot;,&quot;className&quot;:&quot;&quot;},{&quot;url&quot;:&quot;http://shop.coles.com.au/online/SearchDisplay?searchTermScope=&amp;multiSearch=&amp;searchType=2&amp;maxPrice=&amp;showResultsPage=true&amp;langId=-1&amp;beginIndex=0&amp;sType=SimpleSearch&amp;browseView=true&amp;metaData=&amp;manufacturer=&amp;resultCatEntryType=&amp;catalogId=10576&amp;pageView=&amp;minPrice=&amp;urlLangId=-1&amp;categoryId=28184&amp;storeId=10601&quot;,&quot;name&quot;:&quot;Pizza &amp; Pasta&quot;,&quot;count&quot;:&quot;136&quot;,&quot;className&quot;:&quot;&quot;},{&quot;url&quot;:&quot;http://shop.coles.com.au/online/SearchDisplay?searchTermScope=&amp;multiSearch=&amp;searchType=2&amp;maxPrice=&amp;showResultsPage=true&amp;langId=-1&amp;beginIndex=0&amp;sType=SimpleSearch&amp;browseView=true&amp;metaData=&amp;manufacturer=&amp;resultCatEntryType=&amp;catalogId=10576&amp;pageView=&amp;minPrice=&amp;urlLangId=-1&amp;categoryId=28185&amp;storeId=10601&quot;,&quot;name&quot;:&quot;Sweet Chilli &amp; Hot&quot;,&quot;count&quot;:&quot;23&quot;,&quot;className&quot;:&quot;&quot;},{&quot;url&quot;:&quot;http://shop.coles.com.au/online/SearchDisplay?searchTermScope=&amp;multiSearch=&amp;searchType=2&amp;maxPrice=&amp;showResultsPage=true&amp;langId=-1&amp;beginIndex=0&amp;sType=SimpleSearch&amp;browseView=true&amp;metaData=&amp;manufacturer=&amp;resultCatEntryType=&amp;catalogId=10576&amp;pageView=&amp;minPrice=&amp;urlLangId=-1&amp;categoryId=28187&amp;storeId=10601&quot;,&quot;name&quot;:&quot;Noodles&quot;,&quot;count&quot;:&quot;50&quot;,&quot;className&quot;:&quot;&quot;},{&quot;url&quot;:&quot;http://shop.coles.com.au/online/SearchDisplay?searchTermScope=&amp;multiSearch=&amp;searchType=2&amp;maxPrice=&amp;showResultsPage=true&amp;langId=-1&amp;beginIndex=0&amp;sType=SimpleSearch&amp;browseView=true&amp;metaData=&amp;manufacturer=&amp;resultCatEntryType=&amp;catalogId=10576&amp;pageView=&amp;minPrice=&amp;urlLangId=-1&amp;categoryId=28189&amp;storeId=10601&quot;,&quot;name&quot;:&quot;Canned Vegetables&quot;,&quot;count&quot;:&quot;151&quot;,&quot;className&quot;:&quot;&quot;},{&quot;url&quot;:&quot;http://shop.coles.com.au/online/SearchDisplay?searchTermScope=&amp;multiSearch=&amp;searchType=2&amp;maxPrice=&amp;showResultsPage=true&amp;langId=-1&amp;beginIndex=0&amp;sType=SimpleSearch&amp;browseView=true&amp;metaData=&amp;manufacturer=&amp;resultCatEntryType=&amp;catalogId=10576&amp;pageView=&amp;minPrice=&amp;urlLangId=-1&amp;categoryId=28218&amp;storeId=10601&quot;,&quot;name&quot;:&quot;Potato Chips&quot;,&quot;count&quot;:&quot;125&quot;,&quot;className&quot;:&quot;&quot;},{&quot;url&quot;:&quot;http://shop.coles.com.au/online/SearchDisplay?searchTermScope=&amp;multiSearch=&amp;searchType=2&amp;maxPrice=&amp;showResultsPage=true&amp;langId=-1&amp;beginIndex=0&amp;sType=SimpleSearch&amp;browseView=true&amp;metaData=&amp;manufacturer=&amp;resultCatEntryType=&amp;catalogId=10576&amp;pageView=&amp;minPrice=&amp;urlLangId=-1&amp;categoryId=28220&amp;storeId=10601&quot;,&quot;name&quot;:&quot;Dairy Snacks&quot;,&quot;count&quot;:&quot;42&quot;,&quot;className&quot;:&quot;&quot;},{&quot;url&quot;:&quot;http://shop.coles.com.au/online/SearchDisplay?searchTermScope=&amp;multiSearch=&amp;searchType=2&amp;maxPrice=&amp;showResultsPage=true&amp;langId=-1&amp;beginIndex=0&amp;sType=SimpleSearch&amp;browseView=true&amp;metaData=&amp;manufacturer=&amp;resultCatEntryType=&amp;catalogId=10576&amp;pageView=&amp;minPrice=&amp;urlLangId=-1&amp;categoryId=28228&amp;storeId=10601&quot;,&quot;name&quot;:&quot;Pancake &amp; Dessert Mixes&quot;,&quot;count&quot;:&quot;34&quot;,&quot;className&quot;:&quot;&quot;},{&quot;url&quot;:&quot;http://shop.coles.com.au/online/SearchDisplay?searchTermScope=&amp;multiSearch=&amp;searchType=2&amp;maxPrice=&amp;showResultsPage=true&amp;langId=-1&amp;beginIndex=0&amp;sType=SimpleSearch&amp;browseView=true&amp;metaData=&amp;manufacturer=&amp;resultCatEntryType=&amp;catalogId=10576&amp;pageView=&amp;minPrice=&amp;urlLangId=-1&amp;categoryId=28230&amp;storeId=10601&quot;,&quot;name&quot;:&quot;Soy &amp; Asian&quot;,&quot;count&quot;:&quot;75&quot;,&quot;className&quot;:&quot;&quot;},{&quot;url&quot;:&quot;http://shop.coles.com.au/online/SearchDisplay?searchTermScope=&amp;multiSearch=&amp;searchType=2&amp;maxPrice=&amp;showResultsPage=true&amp;langId=-1&amp;beginIndex=0&amp;sType=SimpleSearch&amp;browseView=true&amp;metaData=&amp;manufacturer=&amp;resultCatEntryType=&amp;catalogId=10576&amp;pageView=&amp;minPrice=&amp;urlLangId=-1&amp;categoryId=28231&amp;storeId=10601&quot;,&quot;name&quot;:&quot;Stir-fry and Curries&quot;,&quot;count&quot;:&quot;151&quot;,&quot;className&quot;:&quot;&quot;},{&quot;url&quot;:&quot;http://shop.coles.com.au/online/SearchDisplay?searchTermScope=&amp;multiSearch=&amp;searchType=2&amp;maxPrice=&amp;showResultsPage=true&amp;langId=-1&amp;beginIndex=0&amp;sType=SimpleSearch&amp;browseView=true&amp;metaData=&amp;manufacturer=&amp;resultCatEntryType=&amp;catalogId=10576&amp;pageView=&amp;minPrice=&amp;urlLangId=-1&amp;categoryId=28247&amp;storeId=10601&quot;,&quot;name&quot;:&quot;Popcorn&quot;,&quot;count&quot;:&quot;18&quot;,&quot;className&quot;:&quot;&quot;},{&quot;url&quot;:&quot;http://shop.coles.com.au/online/SearchDisplay?searchTermScope=&amp;multiSearch=&amp;searchType=2&amp;maxPrice=&amp;showResultsPage=true&amp;langId=-1&amp;beginIndex=0&amp;sType=SimpleSearch&amp;browseView=true&amp;metaData=&amp;manufacturer=&amp;resultCatEntryType=&amp;catalogId=10576&amp;pageView=&amp;minPrice=&amp;urlLangId=-1&amp;categoryId=28248&amp;storeId=10601&quot;,&quot;name&quot;:&quot;Fruit Snacks&quot;,&quot;count&quot;:&quot;26&quot;,&quot;className&quot;:&quot;&quot;},{&quot;url&quot;:&quot;http://shop.coles.com.au/online/SearchDisplay?searchTermScope=&amp;multiSearch=&amp;searchType=2&amp;maxPrice=&amp;showResultsPage=true&amp;langId=-1&amp;beginIndex=0&amp;sType=SimpleSearch&amp;browseView=true&amp;metaData=&amp;manufacturer=&amp;resultCatEntryType=&amp;catalogId=10576&amp;pageView=&amp;minPrice=&amp;urlLangId=-1&amp;categoryId=28249&amp;storeId=10601&quot;,&quot;name&quot;:&quot;Gum &amp; Mints&quot;,&quot;count&quot;:&quot;79&quot;,&quot;className&quot;:&quot;&quot;},{&quot;url&quot;:&quot;http://shop.coles.com.au/online/SearchDisplay?searchTermScope=&amp;multiSearch=&amp;searchType=2&amp;maxPrice=&amp;showResultsPage=true&amp;langId=-1&amp;beginIndex=0&amp;sType=SimpleSearch&amp;browseView=true&amp;metaData=&amp;manufacturer=&amp;resultCatEntryType=&amp;catalogId=10576&amp;pageView=&amp;minPrice=&amp;urlLangId=-1&amp;categoryId=28251&amp;storeId=10601&quot;,&quot;name&quot;:&quot;Breadcrumbs &amp; Stuffing&quot;,&quot;count&quot;:&quot;21&quot;,&quot;className&quot;:&quot;&quot;},{&quot;url&quot;:&quot;http://shop.coles.com.au/online/SearchDisplay?searchTermScope=&amp;multiSearch=&amp;searchType=2&amp;maxPrice=&amp;showResultsPage=true&amp;langId=-1&amp;beginIndex=0&amp;sType=SimpleSearch&amp;browseView=true&amp;metaData=&amp;manufacturer=&amp;resultCatEntryType=&amp;catalogId=10576&amp;pageView=&amp;minPrice=&amp;urlLangId=-1&amp;categoryId=28252&amp;storeId=10601&quot;,&quot;name&quot;:&quot;Essence &amp; Food Colouring&quot;,&quot;count&quot;:&quot;23&quot;,&quot;className&quot;:&quot;&quot;},{&quot;url&quot;:&quot;http://shop.coles.com.au/online/SearchDisplay?searchTermScope=&amp;multiSearch=&amp;searchType=2&amp;maxPrice=&amp;showResultsPage=true&amp;langId=-1&amp;beginIndex=0&amp;sType=SimpleSearch&amp;browseView=true&amp;metaData=&amp;manufacturer=&amp;resultCatEntryType=&amp;catalogId=10576&amp;pageView=&amp;minPrice=&amp;urlLangId=-1&amp;categoryId=28253&amp;storeId=10601&quot;,&quot;name&quot;:&quot;Salad Dressings&quot;,&quot;count&quot;:&quot;72&quot;,&quot;className&quot;:&quot;&quot;},{&quot;url&quot;:&quot;http://shop.coles.com.au/online/SearchDisplay?searchTermScope=&amp;multiSearch=&amp;searchType=2&amp;maxPrice=&amp;showResultsPage=true&amp;langId=-1&amp;beginIndex=0&amp;sType=SimpleSearch&amp;browseView=true&amp;metaData=&amp;manufacturer=&amp;resultCatEntryType=&amp;catalogId=10576&amp;pageView=&amp;minPrice=&amp;urlLangId=-1&amp;categoryId=28254&amp;storeId=10601&quot;,&quot;name&quot;:&quot;Syrups &amp; Toppings&quot;,&quot;count&quot;:&quot;19&quot;,&quot;className&quot;:&quot;&quot;},{&quot;url&quot;:&quot;http://shop.coles.com.au/online/SearchDisplay?searchTermScope=&amp;multiSearch=&amp;searchType=2&amp;maxPrice=&amp;showResultsPage=true&amp;langId=-1&amp;beginIndex=0&amp;sType=SimpleSearch&amp;browseView=true&amp;metaData=&amp;manufacturer=&amp;resultCatEntryType=&amp;catalogId=10576&amp;pageView=&amp;minPrice=&amp;urlLangId=-1&amp;categoryId=28255&amp;storeId=10601&quot;,&quot;name&quot;:&quot;Dried Pasta&quot;,&quot;count&quot;:&quot;170&quot;,&quot;className&quot;:&quot;&quot;},{&quot;url&quot;:&quot;http://shop.coles.com.au/online/SearchDisplay?searchTermScope=&amp;multiSearch=&amp;searchType=2&amp;maxPrice=&amp;showResultsPage=true&amp;langId=-1&amp;beginIndex=0&amp;sType=SimpleSearch&amp;browseView=true&amp;metaData=&amp;manufacturer=&amp;resultCatEntryType=&amp;catalogId=10576&amp;pageView=&amp;minPrice=&amp;urlLangId=-1&amp;categoryId=28272&amp;storeId=10601&quot;,&quot;name&quot;:&quot;Biscuits &amp; Cookies&quot;,&quot;count&quot;:&quot;204&quot;,&quot;className&quot;:&quot;&quot;},{&quot;url&quot;:&quot;http://shop.coles.com.au/online/SearchDisplay?searchTermScope=&amp;multiSearch=&amp;searchType=2&amp;maxPrice=&amp;showResultsPage=true&amp;langId=-1&amp;beginIndex=0&amp;sType=SimpleSearch&amp;browseView=true&amp;metaData=&amp;manufacturer=&amp;resultCatEntryType=&amp;catalogId=10576&amp;pageView=&amp;minPrice=&amp;urlLangId=-1&amp;categoryId=28273&amp;storeId=10601&quot;,&quot;name&quot;:&quot;Lollies&quot;,&quot;count&quot;:&quot;308&quot;,&quot;className&quot;:&quot;&quot;},{&quot;url&quot;:&quot;http://shop.coles.com.au/online/SearchDisplay?searchTermScope=&amp;multiSearch=&amp;searchType=2&amp;maxPrice=&amp;showResultsPage=true&amp;langId=-1&amp;beginIndex=0&amp;sType=SimpleSearch&amp;browseView=true&amp;metaData=&amp;manufacturer=&amp;resultCatEntryType=&amp;catalogId=10576&amp;pageView=&amp;minPrice=&amp;urlLangId=-1&amp;categoryId=28275&amp;storeId=10601&quot;,&quot;name&quot;:&quot;Salt, Pepper &amp; Spices&quot;,&quot;count&quot;:&quot;261&quot;,&quot;className&quot;:&quot;&quot;},{&quot;url&quot;:&quot;http://shop.coles.com.au/online/SearchDisplay?searchTermScope=&amp;multiSearch=&amp;searchType=2&amp;maxPrice=&amp;showResultsPage=true&amp;langId=-1&amp;beginIndex=0&amp;sType=SimpleSearch&amp;browseView=true&amp;metaData=&amp;manufacturer=&amp;resultCatEntryType=&amp;catalogId=10576&amp;pageView=&amp;minPrice=&amp;urlLangId=-1&amp;categoryId=28276&amp;storeId=10601&quot;,&quot;name&quot;:&quot;Liquid Stock&quot;,&quot;count&quot;:&quot;36&quot;,&quot;className&quot;:&quot;&quot;},{&quot;url&quot;:&quot;http://shop.coles.com.au/online/SearchDisplay?searchTermScope=&amp;multiSearch=&amp;searchType=2&amp;maxPrice=&amp;showResultsPage=true&amp;langId=-1&amp;beginIndex=0&amp;sType=SimpleSearch&amp;browseView=true&amp;metaData=&amp;manufacturer=&amp;resultCatEntryType=&amp;catalogId=10576&amp;pageView=&amp;minPrice=&amp;urlLangId=-1&amp;categoryId=28277&amp;storeId=10601&quot;,&quot;name&quot;:&quot;Gravy&quot;,&quot;count&quot;:&quot;60&quot;,&quot;className&quot;:&quot;&quot;},{&quot;url&quot;:&quot;http://shop.coles.com.au/online/SearchDisplay?searchTermScope=&amp;multiSearch=&amp;searchType=2&amp;maxPrice=&amp;showResultsPage=true&amp;langId=-1&amp;beginIndex=0&amp;sType=SimpleSearch&amp;browseView=true&amp;metaData=&amp;manufacturer=&amp;resultCatEntryType=&amp;catalogId=10576&amp;pageView=&amp;minPrice=&amp;urlLangId=-1&amp;categoryId=28278&amp;storeId=10601&quot;,&quot;name&quot;:&quot;Cake Decorating&quot;,&quot;count&quot;:&quot;65&quot;,&quot;className&quot;:&quot;&quot;},{&quot;url&quot;:&quot;http://shop.coles.com.au/online/SearchDisplay?searchTermScope=&amp;multiSearch=&amp;searchType=2&amp;maxPrice=&amp;showResultsPage=true&amp;langId=-1&amp;beginIndex=0&amp;sType=SimpleSearch&amp;browseView=true&amp;metaData=&amp;manufacturer=&amp;resultCatEntryType=&amp;catalogId=10576&amp;pageView=&amp;minPrice=&amp;urlLangId=-1&amp;categoryId=28279&amp;storeId=10601&quot;,&quot;name&quot;:&quot;Fresh Pasta&quot;,&quot;count&quot;:&quot;37&quot;,&quot;className&quot;:&quot;&quot;},{&quot;url&quot;:&quot;http://shop.coles.com.au/online/SearchDisplay?searchTermScope=&amp;multiSearch=&amp;searchType=2&amp;maxPrice=&amp;showResultsPage=true&amp;langId=-1&amp;beginIndex=0&amp;sType=SimpleSearch&amp;browseView=true&amp;metaData=&amp;manufacturer=&amp;resultCatEntryType=&amp;catalogId=10576&amp;pageView=&amp;minPrice=&amp;urlLangId=-1&amp;categoryId=28280&amp;storeId=10601&quot;,&quot;name&quot;:&quot;Canned Meat&quot;,&quot;count&quot;:&quot;59&quot;,&quot;className&quot;:&quot;&quot;},{&quot;url&quot;:&quot;http://shop.coles.com.au/online/SearchDisplay?searchTermScope=&amp;multiSearch=&amp;searchType=2&amp;maxPrice=&amp;showResultsPage=true&amp;langId=-1&amp;beginIndex=0&amp;sType=SimpleSearch&amp;browseView=true&amp;metaData=&amp;manufacturer=&amp;resultCatEntryType=&amp;catalogId=10576&amp;pageView=&amp;minPrice=&amp;urlLangId=-1&amp;categoryId=28293&amp;storeId=10601&quot;,&quot;name&quot;:&quot;Breakfast Drinks&quot;,&quot;count&quot;:&quot;33&quot;,&quot;className&quot;:&quot;&quot;},{&quot;url&quot;:&quot;http://shop.coles.com.au/online/SearchDisplay?searchTermScope=&amp;multiSearch=&amp;searchType=2&amp;maxPrice=&amp;showResultsPage=true&amp;langId=-1&amp;beginIndex=0&amp;sType=SimpleSearch&amp;browseView=true&amp;metaData=&amp;manufacturer=&amp;resultCatEntryType=&amp;catalogId=10576&amp;pageView=&amp;minPrice=&amp;urlLangId=-1&amp;categoryId=28294&amp;storeId=10601&quot;,&quot;name&quot;:&quot;Crackers &amp; Crispbreads&quot;,&quot;count&quot;:&quot;138&quot;,&quot;className&quot;:&quot;&quot;},{&quot;url&quot;:&quot;http://shop.coles.com.au/online/SearchDisplay?searchTermScope=&amp;multiSearch=&amp;searchType=2&amp;maxPrice=&amp;showResultsPage=true&amp;langId=-1&amp;beginIndex=0&amp;sType=SimpleSearch&amp;browseView=true&amp;metaData=&amp;manufacturer=&amp;resultCatEntryType=&amp;catalogId=10576&amp;pageView=&amp;minPrice=&amp;urlLangId=-1&amp;categoryId=28295&amp;storeId=10601&quot;,&quot;name&quot;:&quot;Chocolates&quot;,&quot;count&quot;:&quot;208&quot;,&quot;className&quot;:&quot;&quot;},{&quot;url&quot;:&quot;http://shop.coles.com.au/online/SearchDisplay?searchTermScope=&amp;multiSearch=&amp;searchType=2&amp;maxPrice=&amp;showResultsPage=true&amp;langId=-1&amp;beginIndex=0&amp;sType=SimpleSearch&amp;browseView=true&amp;metaData=&amp;manufacturer=&amp;resultCatEntryType=&amp;catalogId=10576&amp;pageView=&amp;minPrice=&amp;urlLangId=-1&amp;categoryId=28296&amp;storeId=10601&quot;,&quot;name&quot;:&quot;Marinades &amp; Seasonings&quot;,&quot;count&quot;:&quot;201&quot;,&quot;className&quot;:&quot;&quot;},{&quot;url&quot;:&quot;http://shop.coles.com.au/online/SearchDisplay?searchTermScope=&amp;multiSearch=&amp;searchType=2&amp;maxPrice=&amp;showResultsPage=true&amp;langId=-1&amp;beginIndex=0&amp;sType=SimpleSearch&amp;browseView=true&amp;metaData=&amp;manufacturer=&amp;resultCatEntryType=&amp;catalogId=10576&amp;pageView=&amp;minPrice=&amp;urlLangId=-1&amp;categoryId=28297&amp;storeId=10601&quot;,&quot;name&quot;:&quot;Sugar &amp; Sweeteners&quot;,&quot;count&quot;:&quot;71&quot;,&quot;className&quot;:&quot;&quot;},{&quot;url&quot;:&quot;http://shop.coles.com.au/online/SearchDisplay?searchTermScope=&amp;multiSearch=&amp;searchType=2&amp;maxPrice=&amp;showResultsPage=true&amp;langId=-1&amp;beginIndex=0&amp;sType=SimpleSearch&amp;browseView=true&amp;metaData=&amp;manufacturer=&amp;resultCatEntryType=&amp;catalogId=10576&amp;pageView=&amp;minPrice=&amp;urlLangId=-1&amp;categoryId=28298&amp;storeId=10601&quot;,&quot;name&quot;:&quot;Pickles, Chutney &amp; Relish&quot;,&quot;count&quot;:&quot;198&quot;,&quot;className&quot;:&quot;&quot;},{&quot;url&quot;:&quot;http://shop.coles.com.au/online/SearchDisplay?searchTermScope=&amp;multiSearch=&amp;searchType=2&amp;maxPrice=&amp;showResultsPage=true&amp;langId=-1&amp;beginIndex=0&amp;sType=SimpleSearch&amp;browseView=true&amp;metaData=&amp;manufacturer=&amp;resultCatEntryType=&amp;catalogId=10576&amp;pageView=&amp;minPrice=&amp;urlLangId=-1&amp;categoryId=28299&amp;storeId=10601&quot;,&quot;name&quot;:&quot;Vinegar&quot;,&quot;count&quot;:&quot;36&quot;,&quot;className&quot;:&quot;&quot;},{&quot;url&quot;:&quot;http://shop.coles.com.au/online/SearchDisplay?searchTermScope=&amp;multiSearch=&amp;searchType=2&amp;maxPrice=&amp;showResultsPage=true&amp;langId=-1&amp;beginIndex=0&amp;sType=SimpleSearch&amp;browseView=true&amp;metaData=&amp;manufacturer=&amp;resultCatEntryType=&amp;catalogId=10576&amp;pageView=&amp;minPrice=&amp;urlLangId=-1&amp;categoryId=28300&amp;storeId=10601&quot;,&quot;name&quot;:&quot;Oil&quot;,&quot;count&quot;:&quot;102&quot;,&quot;className&quot;:&quot;&quot;},{&quot;url&quot;:&quot;http://shop.coles.com.au/online/SearchDisplay?searchTermScope=&amp;multiSearch=&amp;searchType=2&amp;maxPrice=&amp;showResultsPage=true&amp;langId=-1&amp;beginIndex=0&amp;sType=SimpleSearch&amp;browseView=true&amp;metaData=&amp;manufacturer=&amp;resultCatEntryType=&amp;catalogId=10576&amp;pageView=&amp;minPrice=&amp;urlLangId=-1&amp;categoryId=28301&amp;storeId=10601&quot;,&quot;name&quot;:&quot;Canned Fruit&quot;,&quot;count&quot;:&quot;114&quot;,&quot;className&quot;:&quot;&quot;},{&quot;url&quot;:&quot;http://shop.coles.com.au/online/SearchDisplay?searchTermScope=&amp;multiSearch=&amp;searchType=2&amp;maxPrice=&amp;showResultsPage=true&amp;langId=-1&amp;beginIndex=0&amp;sType=SimpleSearch&amp;browseView=true&amp;metaData=&amp;manufacturer=&amp;resultCatEntryType=&amp;catalogId=10576&amp;pageView=&amp;minPrice=&amp;urlLangId=-1&amp;categoryId=28302&amp;storeId=10601&quot;,&quot;name&quot;:&quot;Condensed &amp; Evaporated Milk&quot;,&quot;count&quot;:&quot;9&quot;,&quot;className&quot;:&quot;&quot;},{&quot;url&quot;:&quot;http://shop.coles.com.au/online/SearchDisplay?searchTermScope=&amp;multiSearch=&amp;searchType=2&amp;maxPrice=&amp;showResultsPage=true&amp;langId=-1&amp;beginIndex=0&amp;sType=SimpleSearch&amp;browseView=true&amp;metaData=&amp;manufacturer=&amp;resultCatEntryType=&amp;catalogId=10576&amp;pageView=&amp;minPrice=&amp;urlLangId=-1&amp;categoryId=30240&amp;storeId=10601&quot;,&quot;name&quot;:&quot;Polenta &amp; Other Grains&quot;,&quot;count&quot;:&quot;7&quot;,&quot;className&quot;:&quot;&quot;},{&quot;url&quot;:&quot;http://shop.coles.com.au/online/SearchDisplay?searchTermScope=&amp;multiSearch=&amp;searchType=2&amp;maxPrice=&amp;showResultsPage=true&amp;langId=-1&amp;beginIndex=0&amp;sType=SimpleSearch&amp;browseView=true&amp;metaData=&amp;manufacturer=&amp;resultCatEntryType=&amp;catalogId=10576&amp;pageView=&amp;minPrice=&amp;urlLangId=-1&amp;categoryId=344039&amp;storeId=10601&quot;,&quot;name&quot;:&quot;Health Foods&quot;,&quot;count&quot;:&quot;15&quot;,&quot;className&quot;:&quot;&quot;},{&quot;url&quot;:&quot;http://shop.coles.com.au/online/SearchDisplay?searchTermScope=&amp;multiSearch=&amp;searchType=2&amp;maxPrice=&amp;showResultsPage=true&amp;langId=-1&amp;beginIndex=0&amp;sType=SimpleSearch&amp;browseView=true&amp;metaData=&amp;manufacturer=&amp;resultCatEntryType=&amp;catalogId=10576&amp;pageView=&amp;minPrice=&amp;urlLangId=-1&amp;categoryId=344125&amp;storeId=10601&quot;,&quot;name&quot;:&quot;Cooking&quot;,&quot;count&quot;:&quot;15&quot;,&quot;className&quot;:&quot;&quot;},{&quot;url&quot;:&quot;http://shop.coles.com.au/online/SearchDisplay?searchTermScope=&amp;multiSearch=&amp;searchType=2&amp;maxPrice=&amp;showResultsPage=true&amp;langId=-1&amp;beginIndex=0&amp;sType=SimpleSearch&amp;browseView=true&amp;metaData=&amp;manufacturer=&amp;resultCatEntryType=&amp;catalogId=10576&amp;pageView=&amp;minPrice=&amp;urlLangId=-1&amp;categoryId=366011&amp;storeId=10601&quot;,&quot;name&quot;:&quot;Party Packs&quot;,&quot;count&quot;:&quot;1&quot;,&quot;className&quot;:&quot;&quot;},{&quot;url&quot;:&quot;http://shop.coles.com.au/online/SearchDisplay?searchTermScope=&amp;multiSearch=&amp;searchType=2&amp;maxPrice=&amp;showResultsPage=true&amp;langId=-1&amp;beginIndex=0&amp;sType=SimpleSearch&amp;browseView=true&amp;metaData=&amp;manufacturer=&amp;resultCatEntryType=&amp;catalogId=10576&amp;pageView=&amp;minPrice=&amp;urlLangId=-1&amp;categoryId=664076&amp;storeId=10601&quot;,&quot;name&quot;:&quot;Easter Confectionery&quot;,&quot;count&quot;:&quot;23&quot;,&quot;className&quot;:&quot;&quot;},{&quot;url&quot;:&quot;http://shop.coles.com.au/online/SearchDisplay?searchTermScope=&amp;multiSearch=&amp;searchType=2&amp;maxPrice=&amp;showResultsPage=true&amp;langId=-1&amp;beginIndex=0&amp;sType=SimpleSearch&amp;browseView=true&amp;metaData=&amp;manufacturer=&amp;resultCatEntryType=&amp;catalogId=10576&amp;pageView=&amp;minPrice=&amp;urlLangId=-1&amp;categoryId=664140&amp;storeId=10601&quot;,&quot;name&quot;:&quot;Easter Egg Sharepacks&quot;,&quot;count&quot;:&quot;18&quot;,&quot;className&quot;:&quot;&quot;},{&quot;url&quot;:&quot;http://shop.coles.com.au/online/SearchDisplay?searchTermScope=&amp;multiSearch=&amp;searchType=2&amp;maxPrice=&amp;showResultsPage=true&amp;langId=-1&amp;beginIndex=0&amp;sType=SimpleSearch&amp;browseView=true&amp;metaData=&amp;manufacturer=&amp;resultCatEntryType=&amp;catalogId=10576&amp;pageView=&amp;minPrice=&amp;urlLangId=-1&amp;categoryId=664153&amp;storeId=10601&quot;,&quot;name&quot;:&quot;Easter Eggs&quot;,&quot;count&quot;:&quot;17&quot;,&quot;className&quot;:&quot;&quot;},{&quot;url&quot;:&quot;http://shop.coles.com.au/online/SearchDisplay?searchTermScope=&amp;multiSearch=&amp;searchType=2&amp;maxPrice=&amp;showResultsPage=true&amp;langId=-1&amp;beginIndex=0&amp;sType=SimpleSearch&amp;browseView=true&amp;metaData=&amp;manufacturer=&amp;resultCatEntryType=&amp;catalogId=10576&amp;pageView=&amp;minPrice=&amp;urlLangId=-1&amp;categoryId=664156&amp;storeId=10601&quot;,&quot;name&quot;:&quot;Easter Bunnies&quot;,&quot;count&quot;:&quot;6&quot;,&quot;className&quot;:&quot;&quot;}]}" title="View other types">+  view 81 other types</a></li>
	     		
    		</ul>
		</li>
		
		<li role="presentation">
			<h3>Brand</h3>
			
					<a class="2" href="http://shop.coles.com.au/online/SearchDisplay?multiSearch=&amp;showResultsPage=true&amp;langId=-1&amp;beginIndex=4000&amp;sType=SimpleSearch&amp;browseView=true&amp;pageSize=100&amp;resultCatEntryType=&amp;catalogId=10576&amp;pageView=image&amp;urlLangId=-1&amp;categoryId=25573&amp;storeId=10601" name="type-Brand" title=""><span class="cat-facet">Show all</span>&nbsp;<span role="presentation" aria-hidden="true" class="cat-count">(6288)</span><span class="cat-count accessibility">(6288items)</span></a>
				
  			<ul>
	     		
							<li>
								
										<a href="http://shop.coles.com.au/online/SearchDisplay?searchTermScope=&amp;multiSearch=&amp;searchType=2&amp;maxPrice=&amp;showResultsPage=true&amp;langId=-1&amp;beginIndex=0&amp;sType=SimpleSearch&amp;metaData=&amp;browseView=true&amp;manufacturer=&amp;resultCatEntryType=&amp;catalogId=10576&amp;pageView=&amp;facet=mfName_ntk_cs%253A247&amp;minPrice=&amp;categoryId=25573&amp;storeId=10601" name="type-Brand" title=""><span class="cat-facet">247</span>&nbsp;<span role="presentation" aria-hidden="true" class="cat-count">(22)</span><span class="cat-count accessibility">(22items)</span></a>
									
							</li>
			     		
							<li>
								
										<a href="http://shop.coles.com.au/online/SearchDisplay?searchTermScope=&amp;multiSearch=&amp;searchType=2&amp;maxPrice=&amp;showResultsPage=true&amp;langId=-1&amp;beginIndex=0&amp;sType=SimpleSearch&amp;metaData=&amp;browseView=true&amp;manufacturer=&amp;resultCatEntryType=&amp;catalogId=10576&amp;pageView=&amp;facet=mfName_ntk_cs%253A247%2BHigh%2BProtein%2BBar%2BWhte&amp;minPrice=&amp;categoryId=25573&amp;storeId=10601" name="type-Brand" title=""><span class="cat-facet">247 High Protein Bar Whte</span>&nbsp;<span role="presentation" aria-hidden="true" class="cat-count">(1)</span><span class="cat-count accessibility">(1items)</span></a>
									
							</li>
			     		
							<li>
								
										<a href="http://shop.coles.com.au/online/SearchDisplay?searchTermScope=&amp;multiSearch=&amp;searchType=2&amp;maxPrice=&amp;showResultsPage=true&amp;langId=-1&amp;beginIndex=0&amp;sType=SimpleSearch&amp;metaData=&amp;browseView=true&amp;manufacturer=&amp;resultCatEntryType=&amp;catalogId=10576&amp;pageView=&amp;facet=mfName_ntk_cs%253AA%2BVogel&amp;minPrice=&amp;categoryId=25573&amp;storeId=10601" name="type-Brand" title=""><span class="cat-facet">A Vogel</span>&nbsp;<span role="presentation" aria-hidden="true" class="cat-count">(1)</span><span class="cat-count accessibility">(1items)</span></a>
									
							</li>
			     		
							<li>
								
										<a href="http://shop.coles.com.au/online/SearchDisplay?searchTermScope=&amp;multiSearch=&amp;searchType=2&amp;maxPrice=&amp;showResultsPage=true&amp;langId=-1&amp;beginIndex=0&amp;sType=SimpleSearch&amp;metaData=&amp;browseView=true&amp;manufacturer=&amp;resultCatEntryType=&amp;catalogId=10576&amp;pageView=&amp;facet=mfName_ntk_cs%253AABC&amp;minPrice=&amp;categoryId=25573&amp;storeId=10601" name="type-Brand" title=""><span class="cat-facet">ABC</span>&nbsp;<span role="presentation" aria-hidden="true" class="cat-count">(4)</span><span class="cat-count accessibility">(4items)</span></a>
									
							</li>
			     		
							<li>
								
										<a href="http://shop.coles.com.au/online/SearchDisplay?searchTermScope=&amp;multiSearch=&amp;searchType=2&amp;maxPrice=&amp;showResultsPage=true&amp;langId=-1&amp;beginIndex=0&amp;sType=SimpleSearch&amp;metaData=&amp;browseView=true&amp;manufacturer=&amp;resultCatEntryType=&amp;catalogId=10576&amp;pageView=&amp;facet=mfName_ntk_cs%253AAFL&amp;minPrice=&amp;categoryId=25573&amp;storeId=10601" name="type-Brand" title=""><span class="cat-facet">AFL</span>&nbsp;<span role="presentation" aria-hidden="true" class="cat-count">(14)</span><span class="cat-count accessibility">(14items)</span></a>
									
							</li>
			     		
							<li>
								
										<a href="http://shop.coles.com.au/online/SearchDisplay?searchTermScope=&amp;multiSearch=&amp;searchType=2&amp;maxPrice=&amp;showResultsPage=true&amp;langId=-1&amp;beginIndex=0&amp;sType=SimpleSearch&amp;metaData=&amp;browseView=true&amp;manufacturer=&amp;resultCatEntryType=&amp;catalogId=10576&amp;pageView=&amp;facet=mfName_ntk_cs%253AAbe%2527s%2BBagel%2BCrisps&amp;minPrice=&amp;categoryId=25573&amp;storeId=10601" name="type-Brand" title=""><span class="cat-facet">Abe's Bagel Crisps</span>&nbsp;<span role="presentation" aria-hidden="true" class="cat-count">(2)</span><span class="cat-count accessibility">(2items)</span></a>
									
							</li>
			     		
							<li>
								
										<a href="http://shop.coles.com.au/online/SearchDisplay?searchTermScope=&amp;multiSearch=&amp;searchType=2&amp;maxPrice=&amp;showResultsPage=true&amp;langId=-1&amp;beginIndex=0&amp;sType=SimpleSearch&amp;metaData=&amp;browseView=true&amp;manufacturer=&amp;resultCatEntryType=&amp;catalogId=10576&amp;pageView=&amp;facet=mfName_ntk_cs%253AAbundant%2BEarth&amp;minPrice=&amp;categoryId=25573&amp;storeId=10601" name="type-Brand" title=""><span class="cat-facet">Abundant Earth</span>&nbsp;<span role="presentation" aria-hidden="true" class="cat-count">(3)</span><span class="cat-count accessibility">(3items)</span></a>
									
							</li>
			     		
							<li>
								
										<a href="http://shop.coles.com.au/online/SearchDisplay?searchTermScope=&amp;multiSearch=&amp;searchType=2&amp;maxPrice=&amp;showResultsPage=true&amp;langId=-1&amp;beginIndex=0&amp;sType=SimpleSearch&amp;metaData=&amp;browseView=true&amp;manufacturer=&amp;resultCatEntryType=&amp;catalogId=10576&amp;pageView=&amp;facet=mfName_ntk_cs%253AAdmiral&amp;minPrice=&amp;categoryId=25573&amp;storeId=10601" name="type-Brand" title=""><span class="cat-facet">Admiral</span>&nbsp;<span role="presentation" aria-hidden="true" class="cat-count">(1)</span><span class="cat-count accessibility">(1items)</span></a>
									
							</li>
			     		
							<li>
								
										<a href="http://shop.coles.com.au/online/SearchDisplay?searchTermScope=&amp;multiSearch=&amp;searchType=2&amp;maxPrice=&amp;showResultsPage=true&amp;langId=-1&amp;beginIndex=0&amp;sType=SimpleSearch&amp;metaData=&amp;browseView=true&amp;manufacturer=&amp;resultCatEntryType=&amp;catalogId=10576&amp;pageView=&amp;facet=mfName_ntk_cs%253AAdriano%2BZumbo&amp;minPrice=&amp;categoryId=25573&amp;storeId=10601" name="type-Brand" title=""><span class="cat-facet">Adriano Zumbo</span>&nbsp;<span role="presentation" aria-hidden="true" class="cat-count">(4)</span><span class="cat-count accessibility">(4items)</span></a>
									
							</li>
			     		
							<li>
								
										<a href="http://shop.coles.com.au/online/SearchDisplay?searchTermScope=&amp;multiSearch=&amp;searchType=2&amp;maxPrice=&amp;showResultsPage=true&amp;langId=-1&amp;beginIndex=0&amp;sType=SimpleSearch&amp;metaData=&amp;browseView=true&amp;manufacturer=&amp;resultCatEntryType=&amp;catalogId=10576&amp;pageView=&amp;facet=mfName_ntk_cs%253AAeroplane&amp;minPrice=&amp;categoryId=25573&amp;storeId=10601" name="type-Brand" title=""><span class="cat-facet">Aeroplane</span>&nbsp;<span role="presentation" aria-hidden="true" class="cat-count">(44)</span><span class="cat-count accessibility">(44items)</span></a>
									
							</li>
			     		
				<li><a href="#" class="more" data-hidden-facets="{&quot;type&quot;:&quot;Brand&quot;,&quot;facets&quot;:[{&quot;url&quot;:&quot;http://shop.coles.com.au/online/SearchDisplay?searchTermScope=&amp;multiSearch=&amp;searchType=2&amp;maxPrice=&amp;showResultsPage=true&amp;langId=-1&amp;beginIndex=0&amp;sType=SimpleSearch&amp;metaData=&amp;browseView=true&amp;manufacturer=&amp;resultCatEntryType=&amp;catalogId=10576&amp;pageView=&amp;facet=mfName_ntk_cs%253AAinsley%2BHarriott&amp;minPrice=&amp;categoryId=25573&amp;storeId=10601&quot;,&quot;name&quot;:&quot;Ainsley Harriott&quot;,&quot;count&quot;:&quot;7&quot;,&quot;className&quot;:&quot;&quot;},{&quot;url&quot;:&quot;http://shop.coles.com.au/online/SearchDisplay?searchTermScope=&amp;multiSearch=&amp;searchType=2&amp;maxPrice=&amp;showResultsPage=true&amp;langId=-1&amp;beginIndex=0&amp;sType=SimpleSearch&amp;metaData=&amp;browseView=true&amp;manufacturer=&amp;resultCatEntryType=&amp;catalogId=10576&amp;pageView=&amp;facet=mfName_ntk_cs%253AAjishima&amp;minPrice=&amp;categoryId=25573&amp;storeId=10601&quot;,&quot;name&quot;:&quot;Ajishima&quot;,&quot;count&quot;:&quot;4&quot;,&quot;className&quot;:&quot;&quot;},{&quot;url&quot;:&quot;http://shop.coles.com.au/online/SearchDisplay?searchTermScope=&amp;multiSearch=&amp;searchType=2&amp;maxPrice=&amp;showResultsPage=true&amp;langId=-1&amp;beginIndex=0&amp;sType=SimpleSearch&amp;metaData=&amp;browseView=true&amp;manufacturer=&amp;resultCatEntryType=&amp;catalogId=10576&amp;pageView=&amp;facet=mfName_ntk_cs%253AAl%2BWazah&amp;minPrice=&amp;categoryId=25573&amp;storeId=10601&quot;,&quot;name&quot;:&quot;Al Wazah&quot;,&quot;count&quot;:&quot;1&quot;,&quot;className&quot;:&quot;&quot;},{&quot;url&quot;:&quot;http://shop.coles.com.au/online/SearchDisplay?searchTermScope=&amp;multiSearch=&amp;searchType=2&amp;maxPrice=&amp;showResultsPage=true&amp;langId=-1&amp;beginIndex=0&amp;sType=SimpleSearch&amp;metaData=&amp;browseView=true&amp;manufacturer=&amp;resultCatEntryType=&amp;catalogId=10576&amp;pageView=&amp;facet=mfName_ntk_cs%253AAlana%2527s%2BPantry&amp;minPrice=&amp;categoryId=25573&amp;storeId=10601&quot;,&quot;name&quot;:&quot;Alana's Pantry&quot;,&quot;count&quot;:&quot;3&quot;,&quot;className&quot;:&quot;&quot;},{&quot;url&quot;:&quot;http://shop.coles.com.au/online/SearchDisplay?searchTermScope=&amp;multiSearch=&amp;searchType=2&amp;maxPrice=&amp;showResultsPage=true&amp;langId=-1&amp;beginIndex=0&amp;sType=SimpleSearch&amp;metaData=&amp;browseView=true&amp;manufacturer=&amp;resultCatEntryType=&amp;catalogId=10576&amp;pageView=&amp;facet=mfName_ntk_cs%253AAlbatross&amp;minPrice=&amp;categoryId=25573&amp;storeId=10601&quot;,&quot;name&quot;:&quot;Albatross&quot;,&quot;count&quot;:&quot;1&quot;,&quot;className&quot;:&quot;&quot;},{&quot;url&quot;:&quot;http://shop.coles.com.au/online/SearchDisplay?searchTermScope=&amp;multiSearch=&amp;searchType=2&amp;maxPrice=&amp;showResultsPage=true&amp;langId=-1&amp;beginIndex=0&amp;sType=SimpleSearch&amp;metaData=&amp;browseView=true&amp;manufacturer=&amp;resultCatEntryType=&amp;catalogId=10576&amp;pageView=&amp;facet=mfName_ntk_cs%253AAlfa%2BOne&amp;minPrice=&amp;categoryId=25573&amp;storeId=10601&quot;,&quot;name&quot;:&quot;Alfa One&quot;,&quot;count&quot;:&quot;4&quot;,&quot;className&quot;:&quot;&quot;},{&quot;url&quot;:&quot;http://shop.coles.com.au/online/SearchDisplay?searchTermScope=&amp;multiSearch=&amp;searchType=2&amp;maxPrice=&amp;showResultsPage=true&amp;langId=-1&amp;beginIndex=0&amp;sType=SimpleSearch&amp;metaData=&amp;browseView=true&amp;manufacturer=&amp;resultCatEntryType=&amp;catalogId=10576&amp;pageView=&amp;facet=mfName_ntk_cs%253AAll%2BNatural%2BBakery&amp;minPrice=&amp;categoryId=25573&amp;storeId=10601&quot;,&quot;name&quot;:&quot;All Natural Bakery&quot;,&quot;count&quot;:&quot;2&quot;,&quot;className&quot;:&quot;&quot;},{&quot;url&quot;:&quot;http://shop.coles.com.au/online/SearchDisplay?searchTermScope=&amp;multiSearch=&amp;searchType=2&amp;maxPrice=&amp;showResultsPage=true&amp;langId=-1&amp;beginIndex=0&amp;sType=SimpleSearch&amp;metaData=&amp;browseView=true&amp;manufacturer=&amp;resultCatEntryType=&amp;catalogId=10576&amp;pageView=&amp;facet=mfName_ntk_cs%253AAllen%2527s&amp;minPrice=&amp;categoryId=25573&amp;storeId=10601&quot;,&quot;name&quot;:&quot;Allen's&quot;,&quot;count&quot;:&quot;19&quot;,&quot;className&quot;:&quot;&quot;},{&quot;url&quot;:&quot;http://shop.coles.com.au/online/SearchDisplay?searchTermScope=&amp;multiSearch=&amp;searchType=2&amp;maxPrice=&amp;showResultsPage=true&amp;langId=-1&amp;beginIndex=0&amp;sType=SimpleSearch&amp;metaData=&amp;browseView=true&amp;manufacturer=&amp;resultCatEntryType=&amp;catalogId=10576&amp;pageView=&amp;facet=mfName_ntk_cs%253AAllens&amp;minPrice=&amp;categoryId=25573&amp;storeId=10601&quot;,&quot;name&quot;:&quot;Allens&quot;,&quot;count&quot;:&quot;1&quot;,&quot;className&quot;:&quot;&quot;},{&quot;url&quot;:&quot;http://shop.coles.com.au/online/SearchDisplay?searchTermScope=&amp;multiSearch=&amp;searchType=2&amp;maxPrice=&amp;showResultsPage=true&amp;langId=-1&amp;beginIndex=0&amp;sType=SimpleSearch&amp;metaData=&amp;browseView=true&amp;manufacturer=&amp;resultCatEntryType=&amp;catalogId=10576&amp;pageView=&amp;facet=mfName_ntk_cs%253AAllens%2BMini%2BBags&amp;minPrice=&amp;categoryId=25573&amp;storeId=10601&quot;,&quot;name&quot;:&quot;Allens Mini Bags&quot;,&quot;count&quot;:&quot;1&quot;,&quot;className&quot;:&quot;&quot;},{&quot;url&quot;:&quot;http://shop.coles.com.au/online/SearchDisplay?searchTermScope=&amp;multiSearch=&amp;searchType=2&amp;maxPrice=&amp;showResultsPage=true&amp;langId=-1&amp;beginIndex=0&amp;sType=SimpleSearch&amp;metaData=&amp;browseView=true&amp;manufacturer=&amp;resultCatEntryType=&amp;catalogId=10576&amp;pageView=&amp;facet=mfName_ntk_cs%253AAllowrie&amp;minPrice=&amp;categoryId=25573&amp;storeId=10601&quot;,&quot;name&quot;:&quot;Allowrie&quot;,&quot;count&quot;:&quot;2&quot;,&quot;className&quot;:&quot;&quot;},{&quot;url&quot;:&quot;http://shop.coles.com.au/online/SearchDisplay?searchTermScope=&amp;multiSearch=&amp;searchType=2&amp;maxPrice=&amp;showResultsPage=true&amp;langId=-1&amp;beginIndex=0&amp;sType=SimpleSearch&amp;metaData=&amp;browseView=true&amp;manufacturer=&amp;resultCatEntryType=&amp;catalogId=10576&amp;pageView=&amp;facet=mfName_ntk_cs%253AAlly&amp;minPrice=&amp;categoryId=25573&amp;storeId=10601&quot;,&quot;name&quot;:&quot;Ally&quot;,&quot;count&quot;:&quot;2&quot;,&quot;className&quot;:&quot;&quot;},{&quot;url&quot;:&quot;http://shop.coles.com.au/online/SearchDisplay?searchTermScope=&amp;multiSearch=&amp;searchType=2&amp;maxPrice=&amp;showResultsPage=true&amp;langId=-1&amp;beginIndex=0&amp;sType=SimpleSearch&amp;metaData=&amp;browseView=true&amp;manufacturer=&amp;resultCatEntryType=&amp;catalogId=10576&amp;pageView=&amp;facet=mfName_ntk_cs%253AAlo%2BAlore%2BVera&amp;minPrice=&amp;categoryId=25573&amp;storeId=10601&quot;,&quot;name&quot;:&quot;Alo Alore Vera&quot;,&quot;count&quot;:&quot;2&quot;,&quot;className&quot;:&quot;&quot;},{&quot;url&quot;:&quot;http://shop.coles.com.au/online/SearchDisplay?searchTermScope=&amp;multiSearch=&amp;searchType=2&amp;maxPrice=&amp;showResultsPage=true&amp;langId=-1&amp;beginIndex=0&amp;sType=SimpleSearch&amp;metaData=&amp;browseView=true&amp;manufacturer=&amp;resultCatEntryType=&amp;catalogId=10576&amp;pageView=&amp;facet=mfName_ntk_cs%253AAlways%2BFresh&amp;minPrice=&amp;categoryId=25573&amp;storeId=10601&quot;,&quot;name&quot;:&quot;Always Fresh&quot;,&quot;count&quot;:&quot;53&quot;,&quot;className&quot;:&quot;&quot;},{&quot;url&quot;:&quot;http://shop.coles.com.au/online/SearchDisplay?searchTermScope=&amp;multiSearch=&amp;searchType=2&amp;maxPrice=&amp;showResultsPage=true&amp;langId=-1&amp;beginIndex=0&amp;sType=SimpleSearch&amp;metaData=&amp;browseView=true&amp;manufacturer=&amp;resultCatEntryType=&amp;catalogId=10576&amp;pageView=&amp;facet=mfName_ntk_cs%253AAmber%2BLyn&amp;minPrice=&amp;categoryId=25573&amp;storeId=10601&quot;,&quot;name&quot;:&quot;Amber Lyn&quot;,&quot;count&quot;:&quot;1&quot;,&quot;className&quot;:&quot;&quot;},{&quot;url&quot;:&quot;http://shop.coles.com.au/online/SearchDisplay?searchTermScope=&amp;multiSearch=&amp;searchType=2&amp;maxPrice=&amp;showResultsPage=true&amp;langId=-1&amp;beginIndex=0&amp;sType=SimpleSearch&amp;metaData=&amp;browseView=true&amp;manufacturer=&amp;resultCatEntryType=&amp;catalogId=10576&amp;pageView=&amp;facet=mfName_ntk_cs%253AAnathoth&amp;minPrice=&amp;categoryId=25573&amp;storeId=10601&quot;,&quot;name&quot;:&quot;Anathoth&quot;,&quot;count&quot;:&quot;8&quot;,&quot;className&quot;:&quot;&quot;},{&quot;url&quot;:&quot;http://shop.coles.com.au/online/SearchDisplay?searchTermScope=&amp;multiSearch=&amp;searchType=2&amp;maxPrice=&amp;showResultsPage=true&amp;langId=-1&amp;beginIndex=0&amp;sType=SimpleSearch&amp;metaData=&amp;browseView=true&amp;manufacturer=&amp;resultCatEntryType=&amp;catalogId=10576&amp;pageView=&amp;facet=mfName_ntk_cs%253AAnchor&amp;minPrice=&amp;categoryId=25573&amp;storeId=10601&quot;,&quot;name&quot;:&quot;Anchor&quot;,&quot;count&quot;:&quot;4&quot;,&quot;className&quot;:&quot;&quot;},{&quot;url&quot;:&quot;http://shop.coles.com.au/online/SearchDisplay?searchTermScope=&amp;multiSearch=&amp;searchType=2&amp;maxPrice=&amp;showResultsPage=true&amp;langId=-1&amp;beginIndex=0&amp;sType=SimpleSearch&amp;metaData=&amp;browseView=true&amp;manufacturer=&amp;resultCatEntryType=&amp;catalogId=10576&amp;pageView=&amp;facet=mfName_ntk_cs%253AAnchor%2BLighthouse&amp;minPrice=&amp;categoryId=25573&amp;storeId=10601&quot;,&quot;name&quot;:&quot;Anchor Lighthouse&quot;,&quot;count&quot;:&quot;8&quot;,&quot;className&quot;:&quot;&quot;},{&quot;url&quot;:&quot;http://shop.coles.com.au/online/SearchDisplay?searchTermScope=&amp;multiSearch=&amp;searchType=2&amp;maxPrice=&amp;showResultsPage=true&amp;langId=-1&amp;beginIndex=0&amp;sType=SimpleSearch&amp;metaData=&amp;browseView=true&amp;manufacturer=&amp;resultCatEntryType=&amp;catalogId=10576&amp;pageView=&amp;facet=mfName_ntk_cs%253AAnchor%2BLion&amp;minPrice=&amp;categoryId=25573&amp;storeId=10601&quot;,&quot;name&quot;:&quot;Anchor Lion&quot;,&quot;count&quot;:&quot;3&quot;,&quot;className&quot;:&quot;&quot;},{&quot;url&quot;:&quot;http://shop.coles.com.au/online/SearchDisplay?searchTermScope=&amp;multiSearch=&amp;searchType=2&amp;maxPrice=&amp;showResultsPage=true&amp;langId=-1&amp;beginIndex=0&amp;sType=SimpleSearch&amp;metaData=&amp;browseView=true&amp;manufacturer=&amp;resultCatEntryType=&amp;catalogId=10576&amp;pageView=&amp;facet=mfName_ntk_cs%253AAngas%2BPark&amp;minPrice=&amp;categoryId=25573&amp;storeId=10601&quot;,&quot;name&quot;:&quot;Angas Park&quot;,&quot;count&quot;:&quot;20&quot;,&quot;className&quot;:&quot;&quot;},{&quot;url&quot;:&quot;http://shop.coles.com.au/online/SearchDisplay?searchTermScope=&amp;multiSearch=&amp;searchType=2&amp;maxPrice=&amp;showResultsPage=true&amp;langId=-1&amp;beginIndex=0&amp;sType=SimpleSearch&amp;metaData=&amp;browseView=true&amp;manufacturer=&amp;resultCatEntryType=&amp;catalogId=10576&amp;pageView=&amp;facet=mfName_ntk_cs%253AAnnalisa&amp;minPrice=&amp;categoryId=25573&amp;storeId=10601&quot;,&quot;name&quot;:&quot;Annalisa&quot;,&quot;count&quot;:&quot;8&quot;,&quot;className&quot;:&quot;&quot;},{&quot;url&quot;:&quot;http://shop.coles.com.au/online/SearchDisplay?searchTermScope=&amp;multiSearch=&amp;searchType=2&amp;maxPrice=&amp;showResultsPage=true&amp;langId=-1&amp;beginIndex=0&amp;sType=SimpleSearch&amp;metaData=&amp;browseView=true&amp;manufacturer=&amp;resultCatEntryType=&amp;catalogId=10576&amp;pageView=&amp;facet=mfName_ntk_cs%253AAnnies&amp;minPrice=&amp;categoryId=25573&amp;storeId=10601&quot;,&quot;name&quot;:&quot;Annies&quot;,&quot;count&quot;:&quot;2&quot;,&quot;className&quot;:&quot;&quot;},{&quot;url&quot;:&quot;http://shop.coles.com.au/online/SearchDisplay?searchTermScope=&amp;multiSearch=&amp;searchType=2&amp;maxPrice=&amp;showResultsPage=true&amp;langId=-1&amp;beginIndex=0&amp;sType=SimpleSearch&amp;metaData=&amp;browseView=true&amp;manufacturer=&amp;resultCatEntryType=&amp;catalogId=10576&amp;pageView=&amp;facet=mfName_ntk_cs%253AAnticol&amp;minPrice=&amp;categoryId=25573&amp;storeId=10601&quot;,&quot;name&quot;:&quot;Anticol&quot;,&quot;count&quot;:&quot;5&quot;,&quot;className&quot;:&quot;&quot;},{&quot;url&quot;:&quot;http://shop.coles.com.au/online/SearchDisplay?searchTermScope=&amp;multiSearch=&amp;searchType=2&amp;maxPrice=&amp;showResultsPage=true&amp;langId=-1&amp;beginIndex=0&amp;sType=SimpleSearch&amp;metaData=&amp;browseView=true&amp;manufacturer=&amp;resultCatEntryType=&amp;catalogId=10576&amp;pageView=&amp;facet=mfName_ntk_cs%253AArchibald%2527s&amp;minPrice=&amp;categoryId=25573&amp;storeId=10601&quot;,&quot;name&quot;:&quot;Archibald's&quot;,&quot;count&quot;:&quot;1&quot;,&quot;className&quot;:&quot;&quot;},{&quot;url&quot;:&quot;http://shop.coles.com.au/online/SearchDisplay?searchTermScope=&amp;multiSearch=&amp;searchType=2&amp;maxPrice=&amp;showResultsPage=true&amp;langId=-1&amp;beginIndex=0&amp;sType=SimpleSearch&amp;metaData=&amp;browseView=true&amp;manufacturer=&amp;resultCatEntryType=&amp;catalogId=10576&amp;pageView=&amp;facet=mfName_ntk_cs%253AArdmona&amp;minPrice=&amp;categoryId=25573&amp;storeId=10601&quot;,&quot;name&quot;:&quot;Ardmona&quot;,&quot;count&quot;:&quot;11&quot;,&quot;className&quot;:&quot;&quot;},{&quot;url&quot;:&quot;http://shop.coles.com.au/online/SearchDisplay?searchTermScope=&amp;multiSearch=&amp;searchType=2&amp;maxPrice=&amp;showResultsPage=true&amp;langId=-1&amp;beginIndex=0&amp;sType=SimpleSearch&amp;metaData=&amp;browseView=true&amp;manufacturer=&amp;resultCatEntryType=&amp;catalogId=10576&amp;pageView=&amp;facet=mfName_ntk_cs%253AAristocrat&amp;minPrice=&amp;categoryId=25573&amp;storeId=10601&quot;,&quot;name&quot;:&quot;Aristocrat&quot;,&quot;count&quot;:&quot;4&quot;,&quot;className&quot;:&quot;&quot;},{&quot;url&quot;:&quot;http://shop.coles.com.au/online/SearchDisplay?searchTermScope=&amp;multiSearch=&amp;searchType=2&amp;maxPrice=&amp;showResultsPage=true&amp;langId=-1&amp;beginIndex=0&amp;sType=SimpleSearch&amp;metaData=&amp;browseView=true&amp;manufacturer=&amp;resultCatEntryType=&amp;catalogId=10576&amp;pageView=&amp;facet=mfName_ntk_cs%253AArkadia&amp;minPrice=&amp;categoryId=25573&amp;storeId=10601&quot;,&quot;name&quot;:&quot;Arkadia&quot;,&quot;count&quot;:&quot;2&quot;,&quot;className&quot;:&quot;&quot;},{&quot;url&quot;:&quot;http://shop.coles.com.au/online/SearchDisplay?searchTermScope=&amp;multiSearch=&amp;searchType=2&amp;maxPrice=&amp;showResultsPage=true&amp;langId=-1&amp;beginIndex=0&amp;sType=SimpleSearch&amp;metaData=&amp;browseView=true&amp;manufacturer=&amp;resultCatEntryType=&amp;catalogId=10576&amp;pageView=&amp;facet=mfName_ntk_cs%253AArnott%2527s&amp;minPrice=&amp;categoryId=25573&amp;storeId=10601&quot;,&quot;name&quot;:&quot;Arnott's&quot;,&quot;count&quot;:&quot;112&quot;,&quot;className&quot;:&quot;&quot;},{&quot;url&quot;:&quot;http://shop.coles.com.au/online/SearchDisplay?searchTermScope=&amp;multiSearch=&amp;searchType=2&amp;maxPrice=&amp;showResultsPage=true&amp;langId=-1&amp;beginIndex=0&amp;sType=SimpleSearch&amp;metaData=&amp;browseView=true&amp;manufacturer=&amp;resultCatEntryType=&amp;catalogId=10576&amp;pageView=&amp;facet=mfName_ntk_cs%253AArnotts&amp;minPrice=&amp;categoryId=25573&amp;storeId=10601&quot;,&quot;name&quot;:&quot;Arnotts&quot;,&quot;count&quot;:&quot;2&quot;,&quot;className&quot;:&quot;&quot;},{&quot;url&quot;:&quot;http://shop.coles.com.au/online/SearchDisplay?searchTermScope=&amp;multiSearch=&amp;searchType=2&amp;maxPrice=&amp;showResultsPage=true&amp;langId=-1&amp;beginIndex=0&amp;sType=SimpleSearch&amp;metaData=&amp;browseView=true&amp;manufacturer=&amp;resultCatEntryType=&amp;catalogId=10576&amp;pageView=&amp;facet=mfName_ntk_cs%253AArtisse&amp;minPrice=&amp;categoryId=25573&amp;storeId=10601&quot;,&quot;name&quot;:&quot;Artisse&quot;,&quot;count&quot;:&quot;6&quot;,&quot;className&quot;:&quot;&quot;},{&quot;url&quot;:&quot;http://shop.coles.com.au/online/SearchDisplay?searchTermScope=&amp;multiSearch=&amp;searchType=2&amp;maxPrice=&amp;showResultsPage=true&amp;langId=-1&amp;beginIndex=0&amp;sType=SimpleSearch&amp;metaData=&amp;browseView=true&amp;manufacturer=&amp;resultCatEntryType=&amp;catalogId=10576&amp;pageView=&amp;facet=mfName_ntk_cs%253AAsian%2BHome%2BGourmet&amp;minPrice=&amp;categoryId=25573&amp;storeId=10601&quot;,&quot;name&quot;:&quot;Asian Home Gourmet&quot;,&quot;count&quot;:&quot;10&quot;,&quot;className&quot;:&quot;&quot;},{&quot;url&quot;:&quot;http://shop.coles.com.au/online/SearchDisplay?searchTermScope=&amp;multiSearch=&amp;searchType=2&amp;maxPrice=&amp;showResultsPage=true&amp;langId=-1&amp;beginIndex=0&amp;sType=SimpleSearch&amp;metaData=&amp;browseView=true&amp;manufacturer=&amp;resultCatEntryType=&amp;catalogId=10576&amp;pageView=&amp;facet=mfName_ntk_cs%253AAtkins&amp;minPrice=&amp;categoryId=25573&amp;storeId=10601&quot;,&quot;name&quot;:&quot;Atkins&quot;,&quot;count&quot;:&quot;14&quot;,&quot;className&quot;:&quot;&quot;},{&quot;url&quot;:&quot;http://shop.coles.com.au/online/SearchDisplay?searchTermScope=&amp;multiSearch=&amp;searchType=2&amp;maxPrice=&amp;showResultsPage=true&amp;langId=-1&amp;beginIndex=0&amp;sType=SimpleSearch&amp;metaData=&amp;browseView=true&amp;manufacturer=&amp;resultCatEntryType=&amp;catalogId=10576&amp;pageView=&amp;facet=mfName_ntk_cs%253AAunt%2BBetty%2527s&amp;minPrice=&amp;categoryId=25573&amp;storeId=10601&quot;,&quot;name&quot;:&quot;Aunt Betty's&quot;,&quot;count&quot;:&quot;6&quot;,&quot;className&quot;:&quot;&quot;},{&quot;url&quot;:&quot;http://shop.coles.com.au/online/SearchDisplay?searchTermScope=&amp;multiSearch=&amp;searchType=2&amp;maxPrice=&amp;showResultsPage=true&amp;langId=-1&amp;beginIndex=0&amp;sType=SimpleSearch&amp;metaData=&amp;browseView=true&amp;manufacturer=&amp;resultCatEntryType=&amp;catalogId=10576&amp;pageView=&amp;facet=mfName_ntk_cs%253AAurora&amp;minPrice=&amp;categoryId=25573&amp;storeId=10601&quot;,&quot;name&quot;:&quot;Aurora&quot;,&quot;count&quot;:&quot;4&quot;,&quot;className&quot;:&quot;&quot;},{&quot;url&quot;:&quot;http://shop.coles.com.au/online/SearchDisplay?searchTermScope=&amp;multiSearch=&amp;searchType=2&amp;maxPrice=&amp;showResultsPage=true&amp;langId=-1&amp;beginIndex=0&amp;sType=SimpleSearch&amp;metaData=&amp;browseView=true&amp;manufacturer=&amp;resultCatEntryType=&amp;catalogId=10576&amp;pageView=&amp;facet=mfName_ntk_cs%253AAussie%2BBodies&amp;minPrice=&amp;categoryId=25573&amp;storeId=10601&quot;,&quot;name&quot;:&quot;Aussie Bodies&quot;,&quot;count&quot;:&quot;15&quot;,&quot;className&quot;:&quot;&quot;},{&quot;url&quot;:&quot;http://shop.coles.com.au/online/SearchDisplay?searchTermScope=&amp;multiSearch=&amp;searchType=2&amp;maxPrice=&amp;showResultsPage=true&amp;langId=-1&amp;beginIndex=0&amp;sType=SimpleSearch&amp;metaData=&amp;browseView=true&amp;manufacturer=&amp;resultCatEntryType=&amp;catalogId=10576&amp;pageView=&amp;facet=mfName_ntk_cs%253AAussie%2BBodies%2BFx%2BLo%2BCarb&amp;minPrice=&amp;categoryId=25573&amp;storeId=10601&quot;,&quot;name&quot;:&quot;Aussie Bodies Fx Lo Carb&quot;,&quot;count&quot;:&quot;1&quot;,&quot;className&quot;:&quot;&quot;},{&quot;url&quot;:&quot;http://shop.coles.com.au/online/SearchDisplay?searchTermScope=&amp;multiSearch=&amp;searchType=2&amp;maxPrice=&amp;showResultsPage=true&amp;langId=-1&amp;beginIndex=0&amp;sType=SimpleSearch&amp;metaData=&amp;browseView=true&amp;manufacturer=&amp;resultCatEntryType=&amp;catalogId=10576&amp;pageView=&amp;facet=mfName_ntk_cs%253AAussie%2BBodies%2BH.p.l.c&amp;minPrice=&amp;categoryId=25573&amp;storeId=10601&quot;,&quot;name&quot;:&quot;Aussie Bodies H.p.l.c&quot;,&quot;count&quot;:&quot;1&quot;,&quot;className&quot;:&quot;&quot;},{&quot;url&quot;:&quot;http://shop.coles.com.au/online/SearchDisplay?searchTermScope=&amp;multiSearch=&amp;searchType=2&amp;maxPrice=&amp;showResultsPage=true&amp;langId=-1&amp;beginIndex=0&amp;sType=SimpleSearch&amp;metaData=&amp;browseView=true&amp;manufacturer=&amp;resultCatEntryType=&amp;catalogId=10576&amp;pageView=&amp;facet=mfName_ntk_cs%253AAussie%2BKitchen&amp;minPrice=&amp;categoryId=25573&amp;storeId=10601&quot;,&quot;name&quot;:&quot;Aussie Kitchen&quot;,&quot;count&quot;:&quot;1&quot;,&quot;className&quot;:&quot;&quot;},{&quot;url&quot;:&quot;http://shop.coles.com.au/online/SearchDisplay?searchTermScope=&amp;multiSearch=&amp;searchType=2&amp;maxPrice=&amp;showResultsPage=true&amp;langId=-1&amp;beginIndex=0&amp;sType=SimpleSearch&amp;metaData=&amp;browseView=true&amp;manufacturer=&amp;resultCatEntryType=&amp;catalogId=10576&amp;pageView=&amp;facet=mfName_ntk_cs%253AAussie%2BMite&amp;minPrice=&amp;categoryId=25573&amp;storeId=10601&quot;,&quot;name&quot;:&quot;Aussie Mite&quot;,&quot;count&quot;:&quot;1&quot;,&quot;className&quot;:&quot;&quot;},{&quot;url&quot;:&quot;http://shop.coles.com.au/online/SearchDisplay?searchTermScope=&amp;multiSearch=&amp;searchType=2&amp;maxPrice=&amp;showResultsPage=true&amp;langId=-1&amp;beginIndex=0&amp;sType=SimpleSearch&amp;metaData=&amp;browseView=true&amp;manufacturer=&amp;resultCatEntryType=&amp;catalogId=10576&amp;pageView=&amp;facet=mfName_ntk_cs%253AAustralia%2527s%2BOwn&amp;minPrice=&amp;categoryId=25573&amp;storeId=10601&quot;,&quot;name&quot;:&quot;Australia's Own&quot;,&quot;count&quot;:&quot;2&quot;,&quot;className&quot;:&quot;&quot;},{&quot;url&quot;:&quot;http://shop.coles.com.au/online/SearchDisplay?searchTermScope=&amp;multiSearch=&amp;searchType=2&amp;maxPrice=&amp;showResultsPage=true&amp;langId=-1&amp;beginIndex=0&amp;sType=SimpleSearch&amp;metaData=&amp;browseView=true&amp;manufacturer=&amp;resultCatEntryType=&amp;catalogId=10576&amp;pageView=&amp;facet=mfName_ntk_cs%253AAvalanche&amp;minPrice=&amp;categoryId=25573&amp;storeId=10601&quot;,&quot;name&quot;:&quot;Avalanche&quot;,&quot;count&quot;:&quot;2&quot;,&quot;className&quot;:&quot;&quot;},{&quot;url&quot;:&quot;http://shop.coles.com.au/online/SearchDisplay?searchTermScope=&amp;multiSearch=&amp;searchType=2&amp;maxPrice=&amp;showResultsPage=true&amp;langId=-1&amp;beginIndex=0&amp;sType=SimpleSearch&amp;metaData=&amp;browseView=true&amp;manufacturer=&amp;resultCatEntryType=&amp;catalogId=10576&amp;pageView=&amp;facet=mfName_ntk_cs%253AAyam&amp;minPrice=&amp;categoryId=25573&amp;storeId=10601&quot;,&quot;name&quot;:&quot;Ayam&quot;,&quot;count&quot;:&quot;19&quot;,&quot;className&quot;:&quot;&quot;},{&quot;url&quot;:&quot;http://shop.coles.com.au/online/SearchDisplay?searchTermScope=&amp;multiSearch=&amp;searchType=2&amp;maxPrice=&amp;showResultsPage=true&amp;langId=-1&amp;beginIndex=0&amp;sType=SimpleSearch&amp;metaData=&amp;browseView=true&amp;manufacturer=&amp;resultCatEntryType=&amp;catalogId=10576&amp;pageView=&amp;facet=mfName_ntk_cs%253ABSC&amp;minPrice=&amp;categoryId=25573&amp;storeId=10601&quot;,&quot;name&quot;:&quot;BSC&quot;,&quot;count&quot;:&quot;8&quot;,&quot;className&quot;:&quot;&quot;},{&quot;url&quot;:&quot;http://shop.coles.com.au/online/SearchDisplay?searchTermScope=&amp;multiSearch=&amp;searchType=2&amp;maxPrice=&amp;showResultsPage=true&amp;langId=-1&amp;beginIndex=0&amp;sType=SimpleSearch&amp;metaData=&amp;browseView=true&amp;manufacturer=&amp;resultCatEntryType=&amp;catalogId=10576&amp;pageView=&amp;facet=mfName_ntk_cs%253ABaci&amp;minPrice=&amp;categoryId=25573&amp;storeId=10601&quot;,&quot;name&quot;:&quot;Baci&quot;,&quot;count&quot;:&quot;3&quot;,&quot;className&quot;:&quot;&quot;},{&quot;url&quot;:&quot;http://shop.coles.com.au/online/SearchDisplay?searchTermScope=&amp;multiSearch=&amp;searchType=2&amp;maxPrice=&amp;showResultsPage=true&amp;langId=-1&amp;beginIndex=0&amp;sType=SimpleSearch&amp;metaData=&amp;browseView=true&amp;manufacturer=&amp;resultCatEntryType=&amp;catalogId=10576&amp;pageView=&amp;facet=mfName_ntk_cs%253ABambu&amp;minPrice=&amp;categoryId=25573&amp;storeId=10601&quot;,&quot;name&quot;:&quot;Bambu&quot;,&quot;count&quot;:&quot;1&quot;,&quot;className&quot;:&quot;&quot;},{&quot;url&quot;:&quot;http://shop.coles.com.au/online/SearchDisplay?searchTermScope=&amp;multiSearch=&amp;searchType=2&amp;maxPrice=&amp;showResultsPage=true&amp;langId=-1&amp;beginIndex=0&amp;sType=SimpleSearch&amp;metaData=&amp;browseView=true&amp;manufacturer=&amp;resultCatEntryType=&amp;catalogId=10576&amp;pageView=&amp;facet=mfName_ntk_cs%253ABare%2BFruit%2BOrganic&amp;minPrice=&amp;categoryId=25573&amp;storeId=10601&quot;,&quot;name&quot;:&quot;Bare Fruit Organic&quot;,&quot;count&quot;:&quot;3&quot;,&quot;className&quot;:&quot;&quot;},{&quot;url&quot;:&quot;http://shop.coles.com.au/online/SearchDisplay?searchTermScope=&amp;multiSearch=&amp;searchType=2&amp;maxPrice=&amp;showResultsPage=true&amp;langId=-1&amp;beginIndex=0&amp;sType=SimpleSearch&amp;metaData=&amp;browseView=true&amp;manufacturer=&amp;resultCatEntryType=&amp;catalogId=10576&amp;pageView=&amp;facet=mfName_ntk_cs%253ABarilla&amp;minPrice=&amp;categoryId=25573&amp;storeId=10601&quot;,&quot;name&quot;:&quot;Barilla&quot;,&quot;count&quot;:&quot;32&quot;,&quot;className&quot;:&quot;&quot;},{&quot;url&quot;:&quot;http://shop.coles.com.au/online/SearchDisplay?searchTermScope=&amp;multiSearch=&amp;searchType=2&amp;maxPrice=&amp;showResultsPage=true&amp;langId=-1&amp;beginIndex=0&amp;sType=SimpleSearch&amp;metaData=&amp;browseView=true&amp;manufacturer=&amp;resultCatEntryType=&amp;catalogId=10576&amp;pageView=&amp;facet=mfName_ntk_cs%253ABasco&amp;minPrice=&amp;categoryId=25573&amp;storeId=10601&quot;,&quot;name&quot;:&quot;Basco&quot;,&quot;count&quot;:&quot;6&quot;,&quot;className&quot;:&quot;&quot;},{&quot;url&quot;:&quot;http://shop.coles.com.au/online/SearchDisplay?searchTermScope=&amp;multiSearch=&amp;searchType=2&amp;maxPrice=&amp;showResultsPage=true&amp;langId=-1&amp;beginIndex=0&amp;sType=SimpleSearch&amp;metaData=&amp;browseView=true&amp;manufacturer=&amp;resultCatEntryType=&amp;catalogId=10576&amp;pageView=&amp;facet=mfName_ntk_cs%253ABassetts&amp;minPrice=&amp;categoryId=25573&amp;storeId=10601&quot;,&quot;name&quot;:&quot;Bassetts&quot;,&quot;count&quot;:&quot;1&quot;,&quot;className&quot;:&quot;&quot;},{&quot;url&quot;:&quot;http://shop.coles.com.au/online/SearchDisplay?searchTermScope=&amp;multiSearch=&amp;searchType=2&amp;maxPrice=&amp;showResultsPage=true&amp;langId=-1&amp;beginIndex=0&amp;sType=SimpleSearch&amp;metaData=&amp;browseView=true&amp;manufacturer=&amp;resultCatEntryType=&amp;catalogId=10576&amp;pageView=&amp;facet=mfName_ntk_cs%253ABatchelors&amp;minPrice=&amp;categoryId=25573&amp;storeId=10601&quot;,&quot;name&quot;:&quot;Batchelors&quot;,&quot;count&quot;:&quot;1&quot;,&quot;className&quot;:&quot;&quot;},{&quot;url&quot;:&quot;http://shop.coles.com.au/online/SearchDisplay?searchTermScope=&amp;multiSearch=&amp;searchType=2&amp;maxPrice=&amp;showResultsPage=true&amp;langId=-1&amp;beginIndex=0&amp;sType=SimpleSearch&amp;metaData=&amp;browseView=true&amp;manufacturer=&amp;resultCatEntryType=&amp;catalogId=10576&amp;pageView=&amp;facet=mfName_ntk_cs%253ABaxters&amp;minPrice=&amp;categoryId=25573&amp;storeId=10601&quot;,&quot;name&quot;:&quot;Baxters&quot;,&quot;count&quot;:&quot;2&quot;,&quot;className&quot;:&quot;&quot;},{&quot;url&quot;:&quot;http://shop.coles.com.au/online/SearchDisplay?searchTermScope=&amp;multiSearch=&amp;searchType=2&amp;maxPrice=&amp;showResultsPage=true&amp;langId=-1&amp;beginIndex=0&amp;sType=SimpleSearch&amp;metaData=&amp;browseView=true&amp;manufacturer=&amp;resultCatEntryType=&amp;catalogId=10576&amp;pageView=&amp;facet=mfName_ntk_cs%253ABe%2BNatrual&amp;minPrice=&amp;categoryId=25573&amp;storeId=10601&quot;,&quot;name&quot;:&quot;Be Natrual&quot;,&quot;count&quot;:&quot;1&quot;,&quot;className&quot;:&quot;&quot;},{&quot;url&quot;:&quot;http://shop.coles.com.au/online/SearchDisplay?searchTermScope=&amp;multiSearch=&amp;searchType=2&amp;maxPrice=&amp;showResultsPage=true&amp;langId=-1&amp;beginIndex=0&amp;sType=SimpleSearch&amp;metaData=&amp;browseView=true&amp;manufacturer=&amp;resultCatEntryType=&amp;catalogId=10576&amp;pageView=&amp;facet=mfName_ntk_cs%253ABe%2BNatural&amp;minPrice=&amp;categoryId=25573&amp;storeId=10601&quot;,&quot;name&quot;:&quot;Be Natural&quot;,&quot;count&quot;:&quot;12&quot;,&quot;className&quot;:&quot;&quot;},{&quot;url&quot;:&quot;http://shop.coles.com.au/online/SearchDisplay?searchTermScope=&amp;multiSearch=&amp;searchType=2&amp;maxPrice=&amp;showResultsPage=true&amp;langId=-1&amp;beginIndex=0&amp;sType=SimpleSearch&amp;metaData=&amp;browseView=true&amp;manufacturer=&amp;resultCatEntryType=&amp;catalogId=10576&amp;pageView=&amp;facet=mfName_ntk_cs%253ABeacon&amp;minPrice=&amp;categoryId=25573&amp;storeId=10601&quot;,&quot;name&quot;:&quot;Beacon&quot;,&quot;count&quot;:&quot;1&quot;,&quot;className&quot;:&quot;&quot;},{&quot;url&quot;:&quot;http://shop.coles.com.au/online/SearchDisplay?searchTermScope=&amp;multiSearch=&amp;searchType=2&amp;maxPrice=&amp;showResultsPage=true&amp;langId=-1&amp;beginIndex=0&amp;sType=SimpleSearch&amp;metaData=&amp;browseView=true&amp;manufacturer=&amp;resultCatEntryType=&amp;catalogId=10576&amp;pageView=&amp;facet=mfName_ntk_cs%253ABean%2BGround%2B%2526%2BDrunk&amp;minPrice=&amp;categoryId=25573&amp;storeId=10601&quot;,&quot;name&quot;:&quot;Bean Ground &amp; Drunk&quot;,&quot;count&quot;:&quot;1&quot;,&quot;className&quot;:&quot;&quot;},{&quot;url&quot;:&quot;http://shop.coles.com.au/online/SearchDisplay?searchTermScope=&amp;multiSearch=&amp;searchType=2&amp;maxPrice=&amp;showResultsPage=true&amp;langId=-1&amp;beginIndex=0&amp;sType=SimpleSearch&amp;metaData=&amp;browseView=true&amp;manufacturer=&amp;resultCatEntryType=&amp;catalogId=10576&amp;pageView=&amp;facet=mfName_ntk_cs%253ABeechworth&amp;minPrice=&amp;categoryId=25573&amp;storeId=10601&quot;,&quot;name&quot;:&quot;Beechworth&quot;,&quot;count&quot;:&quot;3&quot;,&quot;className&quot;:&quot;&quot;},{&quot;url&quot;:&quot;http://shop.coles.com.au/online/SearchDisplay?searchTermScope=&amp;multiSearch=&amp;searchType=2&amp;maxPrice=&amp;showResultsPage=true&amp;langId=-1&amp;beginIndex=0&amp;sType=SimpleSearch&amp;metaData=&amp;browseView=true&amp;manufacturer=&amp;resultCatEntryType=&amp;catalogId=10576&amp;pageView=&amp;facet=mfName_ntk_cs%253ABeerenberg&amp;minPrice=&amp;categoryId=25573&amp;storeId=10601&quot;,&quot;name&quot;:&quot;Beerenberg&quot;,&quot;count&quot;:&quot;4&quot;,&quot;className&quot;:&quot;&quot;},{&quot;url&quot;:&quot;http://shop.coles.com.au/online/SearchDisplay?searchTermScope=&amp;multiSearch=&amp;searchType=2&amp;maxPrice=&amp;showResultsPage=true&amp;langId=-1&amp;beginIndex=0&amp;sType=SimpleSearch&amp;metaData=&amp;browseView=true&amp;manufacturer=&amp;resultCatEntryType=&amp;catalogId=10576&amp;pageView=&amp;facet=mfName_ntk_cs%253ABeigel%2B%2526%2BBeigel&amp;minPrice=&amp;categoryId=25573&amp;storeId=10601&quot;,&quot;name&quot;:&quot;Beigel &amp; Beigel&quot;,&quot;count&quot;:&quot;1&quot;,&quot;className&quot;:&quot;&quot;},{&quot;url&quot;:&quot;http://shop.coles.com.au/online/SearchDisplay?searchTermScope=&amp;multiSearch=&amp;searchType=2&amp;maxPrice=&amp;showResultsPage=true&amp;langId=-1&amp;beginIndex=0&amp;sType=SimpleSearch&amp;metaData=&amp;browseView=true&amp;manufacturer=&amp;resultCatEntryType=&amp;catalogId=10576&amp;pageView=&amp;facet=mfName_ntk_cs%253ABel&amp;minPrice=&amp;categoryId=25573&amp;storeId=10601&quot;,&quot;name&quot;:&quot;Bel&quot;,&quot;count&quot;:&quot;1&quot;,&quot;className&quot;:&quot;&quot;},{&quot;url&quot;:&quot;http://shop.coles.com.au/online/SearchDisplay?searchTermScope=&amp;multiSearch=&amp;searchType=2&amp;maxPrice=&amp;showResultsPage=true&amp;langId=-1&amp;beginIndex=0&amp;sType=SimpleSearch&amp;metaData=&amp;browseView=true&amp;manufacturer=&amp;resultCatEntryType=&amp;catalogId=10576&amp;pageView=&amp;facet=mfName_ntk_cs%253ABelvita&amp;minPrice=&amp;categoryId=25573&amp;storeId=10601&quot;,&quot;name&quot;:&quot;Belvita&quot;,&quot;count&quot;:&quot;6&quot;,&quot;className&quot;:&quot;&quot;},{&quot;url&quot;:&quot;http://shop.coles.com.au/online/SearchDisplay?searchTermScope=&amp;multiSearch=&amp;searchType=2&amp;maxPrice=&amp;showResultsPage=true&amp;langId=-1&amp;beginIndex=0&amp;sType=SimpleSearch&amp;metaData=&amp;browseView=true&amp;manufacturer=&amp;resultCatEntryType=&amp;catalogId=10576&amp;pageView=&amp;facet=mfName_ntk_cs%253ABerri&amp;minPrice=&amp;categoryId=25573&amp;storeId=10601&quot;,&quot;name&quot;:&quot;Berri&quot;,&quot;count&quot;:&quot;1&quot;,&quot;className&quot;:&quot;&quot;},{&quot;url&quot;:&quot;http://shop.coles.com.au/online/SearchDisplay?searchTermScope=&amp;multiSearch=&amp;searchType=2&amp;maxPrice=&amp;showResultsPage=true&amp;langId=-1&amp;beginIndex=0&amp;sType=SimpleSearch&amp;metaData=&amp;browseView=true&amp;manufacturer=&amp;resultCatEntryType=&amp;catalogId=10576&amp;pageView=&amp;facet=mfName_ntk_cs%253ABest%2BFoods&amp;minPrice=&amp;categoryId=25573&amp;storeId=10601&quot;,&quot;name&quot;:&quot;Best Foods&quot;,&quot;count&quot;:&quot;1&quot;,&quot;className&quot;:&quot;&quot;},{&quot;url&quot;:&quot;http://shop.coles.com.au/online/SearchDisplay?searchTermScope=&amp;multiSearch=&amp;searchType=2&amp;maxPrice=&amp;showResultsPage=true&amp;langId=-1&amp;beginIndex=0&amp;sType=SimpleSearch&amp;metaData=&amp;browseView=true&amp;manufacturer=&amp;resultCatEntryType=&amp;catalogId=10576&amp;pageView=&amp;facet=mfName_ntk_cs%253ABetty%2BCrocker&amp;minPrice=&amp;categoryId=25573&amp;storeId=10601&quot;,&quot;name&quot;:&quot;Betty Crocker&quot;,&quot;count&quot;:&quot;32&quot;,&quot;className&quot;:&quot;&quot;},{&quot;url&quot;:&quot;http://shop.coles.com.au/online/SearchDisplay?searchTermScope=&amp;multiSearch=&amp;searchType=2&amp;maxPrice=&amp;showResultsPage=true&amp;langId=-1&amp;beginIndex=0&amp;sType=SimpleSearch&amp;metaData=&amp;browseView=true&amp;manufacturer=&amp;resultCatEntryType=&amp;catalogId=10576&amp;pageView=&amp;facet=mfName_ntk_cs%253ABeyond%2BSlimline%2BCan&amp;minPrice=&amp;categoryId=25573&amp;storeId=10601&quot;,&quot;name&quot;:&quot;Beyond Slimline Can&quot;,&quot;count&quot;:&quot;1&quot;,&quot;className&quot;:&quot;&quot;},{&quot;url&quot;:&quot;http://shop.coles.com.au/online/SearchDisplay?searchTermScope=&amp;multiSearch=&amp;searchType=2&amp;maxPrice=&amp;showResultsPage=true&amp;langId=-1&amp;beginIndex=0&amp;sType=SimpleSearch&amp;metaData=&amp;browseView=true&amp;manufacturer=&amp;resultCatEntryType=&amp;catalogId=10576&amp;pageView=&amp;facet=mfName_ntk_cs%253ABickfords&amp;minPrice=&amp;categoryId=25573&amp;storeId=10601&quot;,&quot;name&quot;:&quot;Bickfords&quot;,&quot;count&quot;:&quot;1&quot;,&quot;className&quot;:&quot;&quot;},{&quot;url&quot;:&quot;http://shop.coles.com.au/online/SearchDisplay?searchTermScope=&amp;multiSearch=&amp;searchType=2&amp;maxPrice=&amp;showResultsPage=true&amp;langId=-1&amp;beginIndex=0&amp;sType=SimpleSearch&amp;metaData=&amp;browseView=true&amp;manufacturer=&amp;resultCatEntryType=&amp;catalogId=10576&amp;pageView=&amp;facet=mfName_ntk_cs%253ABilly%2BTea&amp;minPrice=&amp;categoryId=25573&amp;storeId=10601&quot;,&quot;name&quot;:&quot;Billy Tea&quot;,&quot;count&quot;:&quot;1&quot;,&quot;className&quot;:&quot;&quot;},{&quot;url&quot;:&quot;http://shop.coles.com.au/online/SearchDisplay?searchTermScope=&amp;multiSearch=&amp;searchType=2&amp;maxPrice=&amp;showResultsPage=true&amp;langId=-1&amp;beginIndex=0&amp;sType=SimpleSearch&amp;metaData=&amp;browseView=true&amp;manufacturer=&amp;resultCatEntryType=&amp;catalogId=10576&amp;pageView=&amp;facet=mfName_ntk_cs%253ABio%2BNature&amp;minPrice=&amp;categoryId=25573&amp;storeId=10601&quot;,&quot;name&quot;:&quot;Bio Nature&quot;,&quot;count&quot;:&quot;2&quot;,&quot;className&quot;:&quot;&quot;},{&quot;url&quot;:&quot;http://shop.coles.com.au/online/SearchDisplay?searchTermScope=&amp;multiSearch=&amp;searchType=2&amp;maxPrice=&amp;showResultsPage=true&amp;langId=-1&amp;beginIndex=0&amp;sType=SimpleSearch&amp;metaData=&amp;browseView=true&amp;manufacturer=&amp;resultCatEntryType=&amp;catalogId=10576&amp;pageView=&amp;facet=mfName_ntk_cs%253ABiogenic&amp;minPrice=&amp;categoryId=25573&amp;storeId=10601&quot;,&quot;name&quot;:&quot;Biogenic&quot;,&quot;count&quot;:&quot;1&quot;,&quot;className&quot;:&quot;&quot;},{&quot;url&quot;:&quot;http://shop.coles.com.au/online/SearchDisplay?searchTermScope=&amp;multiSearch=&amp;searchType=2&amp;maxPrice=&amp;showResultsPage=true&amp;langId=-1&amp;beginIndex=0&amp;sType=SimpleSearch&amp;metaData=&amp;browseView=true&amp;manufacturer=&amp;resultCatEntryType=&amp;catalogId=10576&amp;pageView=&amp;facet=mfName_ntk_cs%253ABlack%2BNatural&amp;minPrice=&amp;categoryId=25573&amp;storeId=10601&quot;,&quot;name&quot;:&quot;Black Natural&quot;,&quot;count&quot;:&quot;2&quot;,&quot;className&quot;:&quot;&quot;},{&quot;url&quot;:&quot;http://shop.coles.com.au/online/SearchDisplay?searchTermScope=&amp;multiSearch=&amp;searchType=2&amp;maxPrice=&amp;showResultsPage=true&amp;langId=-1&amp;beginIndex=0&amp;sType=SimpleSearch&amp;metaData=&amp;browseView=true&amp;manufacturer=&amp;resultCatEntryType=&amp;catalogId=10576&amp;pageView=&amp;facet=mfName_ntk_cs%253ABlackmores&amp;minPrice=&amp;categoryId=25573&amp;storeId=10601&quot;,&quot;name&quot;:&quot;Blackmores&quot;,&quot;count&quot;:&quot;1&quot;,&quot;className&quot;:&quot;&quot;},{&quot;url&quot;:&quot;http://shop.coles.com.au/online/SearchDisplay?searchTermScope=&amp;multiSearch=&amp;searchType=2&amp;maxPrice=&amp;showResultsPage=true&amp;langId=-1&amp;beginIndex=0&amp;sType=SimpleSearch&amp;metaData=&amp;browseView=true&amp;manufacturer=&amp;resultCatEntryType=&amp;catalogId=10576&amp;pageView=&amp;facet=mfName_ntk_cs%253ABlackwood%2BLane&amp;minPrice=&amp;categoryId=25573&amp;storeId=10601&quot;,&quot;name&quot;:&quot;Blackwood Lane&quot;,&quot;count&quot;:&quot;1&quot;,&quot;className&quot;:&quot;&quot;},{&quot;url&quot;:&quot;http://shop.coles.com.au/online/SearchDisplay?searchTermScope=&amp;multiSearch=&amp;searchType=2&amp;maxPrice=&amp;showResultsPage=true&amp;langId=-1&amp;beginIndex=0&amp;sType=SimpleSearch&amp;metaData=&amp;browseView=true&amp;manufacturer=&amp;resultCatEntryType=&amp;catalogId=10576&amp;pageView=&amp;facet=mfName_ntk_cs%253ABlessed%2B%2526%2BLucky&amp;minPrice=&amp;categoryId=25573&amp;storeId=10601&quot;,&quot;name&quot;:&quot;Blessed &amp; Lucky&quot;,&quot;count&quot;:&quot;5&quot;,&quot;className&quot;:&quot;&quot;},{&quot;url&quot;:&quot;http://shop.coles.com.au/online/SearchDisplay?searchTermScope=&amp;multiSearch=&amp;searchType=2&amp;maxPrice=&amp;showResultsPage=true&amp;langId=-1&amp;beginIndex=0&amp;sType=SimpleSearch&amp;metaData=&amp;browseView=true&amp;manufacturer=&amp;resultCatEntryType=&amp;catalogId=10576&amp;pageView=&amp;facet=mfName_ntk_cs%253ABlu%2BGourmet&amp;minPrice=&amp;categoryId=25573&amp;storeId=10601&quot;,&quot;name&quot;:&quot;Blu Gourmet&quot;,&quot;count&quot;:&quot;1&quot;,&quot;className&quot;:&quot;&quot;},{&quot;url&quot;:&quot;http://shop.coles.com.au/online/SearchDisplay?searchTermScope=&amp;multiSearch=&amp;searchType=2&amp;maxPrice=&amp;showResultsPage=true&amp;langId=-1&amp;beginIndex=0&amp;sType=SimpleSearch&amp;metaData=&amp;browseView=true&amp;manufacturer=&amp;resultCatEntryType=&amp;catalogId=10576&amp;pageView=&amp;facet=mfName_ntk_cs%253ABlue%2BBanner&amp;minPrice=&amp;categoryId=25573&amp;storeId=10601&quot;,&quot;name&quot;:&quot;Blue Banner&quot;,&quot;count&quot;:&quot;2&quot;,&quot;className&quot;:&quot;&quot;},{&quot;url&quot;:&quot;http://shop.coles.com.au/online/SearchDisplay?searchTermScope=&amp;multiSearch=&amp;searchType=2&amp;maxPrice=&amp;showResultsPage=true&amp;langId=-1&amp;beginIndex=0&amp;sType=SimpleSearch&amp;metaData=&amp;browseView=true&amp;manufacturer=&amp;resultCatEntryType=&amp;catalogId=10576&amp;pageView=&amp;facet=mfName_ntk_cs%253ABlue%2BDragon&amp;minPrice=&amp;categoryId=25573&amp;storeId=10601&quot;,&quot;name&quot;:&quot;Blue Dragon&quot;,&quot;count&quot;:&quot;4&quot;,&quot;className&quot;:&quot;&quot;},{&quot;url&quot;:&quot;http://shop.coles.com.au/online/SearchDisplay?searchTermScope=&amp;multiSearch=&amp;searchType=2&amp;maxPrice=&amp;showResultsPage=true&amp;langId=-1&amp;beginIndex=0&amp;sType=SimpleSearch&amp;metaData=&amp;browseView=true&amp;manufacturer=&amp;resultCatEntryType=&amp;catalogId=10576&amp;pageView=&amp;facet=mfName_ntk_cs%253ABlue%2BLabel&amp;minPrice=&amp;categoryId=25573&amp;storeId=10601&quot;,&quot;name&quot;:&quot;Blue Label&quot;,&quot;count&quot;:&quot;1&quot;,&quot;className&quot;:&quot;&quot;},{&quot;url&quot;:&quot;http://shop.coles.com.au/online/SearchDisplay?searchTermScope=&amp;multiSearch=&amp;searchType=2&amp;maxPrice=&amp;showResultsPage=true&amp;langId=-1&amp;beginIndex=0&amp;sType=SimpleSearch&amp;metaData=&amp;browseView=true&amp;manufacturer=&amp;resultCatEntryType=&amp;catalogId=10576&amp;pageView=&amp;facet=mfName_ntk_cs%253ABob%2527s%2BRed%2BMill&amp;minPrice=&amp;categoryId=25573&amp;storeId=10601&quot;,&quot;name&quot;:&quot;Bob's Red Mill&quot;,&quot;count&quot;:&quot;7&quot;,&quot;className&quot;:&quot;&quot;},{&quot;url&quot;:&quot;http://shop.coles.com.au/online/SearchDisplay?searchTermScope=&amp;multiSearch=&amp;searchType=2&amp;maxPrice=&amp;showResultsPage=true&amp;langId=-1&amp;beginIndex=0&amp;sType=SimpleSearch&amp;metaData=&amp;browseView=true&amp;manufacturer=&amp;resultCatEntryType=&amp;catalogId=10576&amp;pageView=&amp;facet=mfName_ntk_cs%253ABody%2BTrim&amp;minPrice=&amp;categoryId=25573&amp;storeId=10601&quot;,&quot;name&quot;:&quot;Body Trim&quot;,&quot;count&quot;:&quot;5&quot;,&quot;className&quot;:&quot;&quot;},{&quot;url&quot;:&quot;http://shop.coles.com.au/online/SearchDisplay?searchTermScope=&amp;multiSearch=&amp;searchType=2&amp;maxPrice=&amp;showResultsPage=true&amp;langId=-1&amp;beginIndex=0&amp;sType=SimpleSearch&amp;metaData=&amp;browseView=true&amp;manufacturer=&amp;resultCatEntryType=&amp;catalogId=10576&amp;pageView=&amp;facet=mfName_ntk_cs%253ABodytrim&amp;minPrice=&amp;categoryId=25573&amp;storeId=10601&quot;,&quot;name&quot;:&quot;Bodytrim&quot;,&quot;count&quot;:&quot;1&quot;,&quot;className&quot;:&quot;&quot;},{&quot;url&quot;:&quot;http://shop.coles.com.au/online/SearchDisplay?searchTermScope=&amp;multiSearch=&amp;searchType=2&amp;maxPrice=&amp;showResultsPage=true&amp;langId=-1&amp;beginIndex=0&amp;sType=SimpleSearch&amp;metaData=&amp;browseView=true&amp;manufacturer=&amp;resultCatEntryType=&amp;catalogId=10576&amp;pageView=&amp;facet=mfName_ntk_cs%253ABogazici&amp;minPrice=&amp;categoryId=25573&amp;storeId=10601&quot;,&quot;name&quot;:&quot;Bogazici&quot;,&quot;count&quot;:&quot;1&quot;,&quot;className&quot;:&quot;&quot;},{&quot;url&quot;:&quot;http://shop.coles.com.au/online/SearchDisplay?searchTermScope=&amp;multiSearch=&amp;searchType=2&amp;maxPrice=&amp;showResultsPage=true&amp;langId=-1&amp;beginIndex=0&amp;sType=SimpleSearch&amp;metaData=&amp;browseView=true&amp;manufacturer=&amp;resultCatEntryType=&amp;catalogId=10576&amp;pageView=&amp;facet=mfName_ntk_cs%253ABondi%2BChai&amp;minPrice=&amp;categoryId=25573&amp;storeId=10601&quot;,&quot;name&quot;:&quot;Bondi Chai&quot;,&quot;count&quot;:&quot;1&quot;,&quot;className&quot;:&quot;&quot;},{&quot;url&quot;:&quot;http://shop.coles.com.au/online/SearchDisplay?searchTermScope=&amp;multiSearch=&amp;searchType=2&amp;maxPrice=&amp;showResultsPage=true&amp;langId=-1&amp;beginIndex=0&amp;sType=SimpleSearch&amp;metaData=&amp;browseView=true&amp;manufacturer=&amp;resultCatEntryType=&amp;catalogId=10576&amp;pageView=&amp;facet=mfName_ntk_cs%253ABonne%2BMaman&amp;minPrice=&amp;categoryId=25573&amp;storeId=10601&quot;,&quot;name&quot;:&quot;Bonne Maman&quot;,&quot;count&quot;:&quot;10&quot;,&quot;className&quot;:&quot;&quot;},{&quot;url&quot;:&quot;http://shop.coles.com.au/online/SearchDisplay?searchTermScope=&amp;multiSearch=&amp;searchType=2&amp;maxPrice=&amp;showResultsPage=true&amp;langId=-1&amp;beginIndex=0&amp;sType=SimpleSearch&amp;metaData=&amp;browseView=true&amp;manufacturer=&amp;resultCatEntryType=&amp;catalogId=10576&amp;pageView=&amp;facet=mfName_ntk_cs%253ABonvit&amp;minPrice=&amp;categoryId=25573&amp;storeId=10601&quot;,&quot;name&quot;:&quot;Bonvit&quot;,&quot;count&quot;:&quot;3&quot;,&quot;className&quot;:&quot;&quot;},{&quot;url&quot;:&quot;http://shop.coles.com.au/online/SearchDisplay?searchTermScope=&amp;multiSearch=&amp;searchType=2&amp;maxPrice=&amp;showResultsPage=true&amp;langId=-1&amp;beginIndex=0&amp;sType=SimpleSearch&amp;metaData=&amp;browseView=true&amp;manufacturer=&amp;resultCatEntryType=&amp;catalogId=10576&amp;pageView=&amp;facet=mfName_ntk_cs%253ABounce&amp;minPrice=&amp;categoryId=25573&amp;storeId=10601&quot;,&quot;name&quot;:&quot;Bounce&quot;,&quot;count&quot;:&quot;3&quot;,&quot;className&quot;:&quot;&quot;},{&quot;url&quot;:&quot;http://shop.coles.com.au/online/SearchDisplay?searchTermScope=&amp;multiSearch=&amp;searchType=2&amp;maxPrice=&amp;showResultsPage=true&amp;langId=-1&amp;beginIndex=0&amp;sType=SimpleSearch&amp;metaData=&amp;browseView=true&amp;manufacturer=&amp;resultCatEntryType=&amp;catalogId=10576&amp;pageView=&amp;facet=mfName_ntk_cs%253ABovril&amp;minPrice=&amp;categoryId=25573&amp;storeId=10601&quot;,&quot;name&quot;:&quot;Bovril&quot;,&quot;count&quot;:&quot;1&quot;,&quot;className&quot;:&quot;&quot;},{&quot;url&quot;:&quot;http://shop.coles.com.au/online/SearchDisplay?searchTermScope=&amp;multiSearch=&amp;searchType=2&amp;maxPrice=&amp;showResultsPage=true&amp;langId=-1&amp;beginIndex=0&amp;sType=SimpleSearch&amp;metaData=&amp;browseView=true&amp;manufacturer=&amp;resultCatEntryType=&amp;catalogId=10576&amp;pageView=&amp;facet=mfName_ntk_cs%253ABrunswick&amp;minPrice=&amp;categoryId=25573&amp;storeId=10601&quot;,&quot;name&quot;:&quot;Brunswick&quot;,&quot;count&quot;:&quot;4&quot;,&quot;className&quot;:&quot;&quot;},{&quot;url&quot;:&quot;http://shop.coles.com.au/online/SearchDisplay?searchTermScope=&amp;multiSearch=&amp;searchType=2&amp;maxPrice=&amp;showResultsPage=true&amp;langId=-1&amp;beginIndex=0&amp;sType=SimpleSearch&amp;metaData=&amp;browseView=true&amp;manufacturer=&amp;resultCatEntryType=&amp;catalogId=10576&amp;pageView=&amp;facet=mfName_ntk_cs%253ABuderim&amp;minPrice=&amp;categoryId=25573&amp;storeId=10601&quot;,&quot;name&quot;:&quot;Buderim&quot;,&quot;count&quot;:&quot;5&quot;,&quot;className&quot;:&quot;&quot;},{&quot;url&quot;:&quot;http://shop.coles.com.au/online/SearchDisplay?searchTermScope=&amp;multiSearch=&amp;searchType=2&amp;maxPrice=&amp;showResultsPage=true&amp;langId=-1&amp;beginIndex=0&amp;sType=SimpleSearch&amp;metaData=&amp;browseView=true&amp;manufacturer=&amp;resultCatEntryType=&amp;catalogId=10576&amp;pageView=&amp;facet=mfName_ntk_cs%253ABuontempo&amp;minPrice=&amp;categoryId=25573&amp;storeId=10601&quot;,&quot;name&quot;:&quot;Buontempo&quot;,&quot;count&quot;:&quot;2&quot;,&quot;className&quot;:&quot;&quot;},{&quot;url&quot;:&quot;http://shop.coles.com.au/online/SearchDisplay?searchTermScope=&amp;multiSearch=&amp;searchType=2&amp;maxPrice=&amp;showResultsPage=true&amp;langId=-1&amp;beginIndex=0&amp;sType=SimpleSearch&amp;metaData=&amp;browseView=true&amp;manufacturer=&amp;resultCatEntryType=&amp;catalogId=10576&amp;pageView=&amp;facet=mfName_ntk_cs%253ABushells&amp;minPrice=&amp;categoryId=25573&amp;storeId=10601&quot;,&quot;name&quot;:&quot;Bushells&quot;,&quot;count&quot;:&quot;7&quot;,&quot;className&quot;:&quot;&quot;},{&quot;url&quot;:&quot;http://shop.coles.com.au/online/SearchDisplay?searchTermScope=&amp;multiSearch=&amp;searchType=2&amp;maxPrice=&amp;showResultsPage=true&amp;langId=-1&amp;beginIndex=0&amp;sType=SimpleSearch&amp;metaData=&amp;browseView=true&amp;manufacturer=&amp;resultCatEntryType=&amp;catalogId=10576&amp;pageView=&amp;facet=mfName_ntk_cs%253AButter%2BMenthol&amp;minPrice=&amp;categoryId=25573&amp;storeId=10601&quot;,&quot;name&quot;:&quot;Butter Menthol&quot;,&quot;count&quot;:&quot;4&quot;,&quot;className&quot;:&quot;&quot;},{&quot;url&quot;:&quot;http://shop.coles.com.au/online/SearchDisplay?searchTermScope=&amp;multiSearch=&amp;searchType=2&amp;maxPrice=&amp;showResultsPage=true&amp;langId=-1&amp;beginIndex=0&amp;sType=SimpleSearch&amp;metaData=&amp;browseView=true&amp;manufacturer=&amp;resultCatEntryType=&amp;catalogId=10576&amp;pageView=&amp;facet=mfName_ntk_cs%253AButterfingers&amp;minPrice=&amp;categoryId=25573&amp;storeId=10601&quot;,&quot;name&quot;:&quot;Butterfingers&quot;,&quot;count&quot;:&quot;2&quot;,&quot;className&quot;:&quot;&quot;},{&quot;url&quot;:&quot;http://shop.coles.com.au/online/SearchDisplay?searchTermScope=&amp;multiSearch=&amp;searchType=2&amp;maxPrice=&amp;showResultsPage=true&amp;langId=-1&amp;beginIndex=0&amp;sType=SimpleSearch&amp;metaData=&amp;browseView=true&amp;manufacturer=&amp;resultCatEntryType=&amp;catalogId=10576&amp;pageView=&amp;facet=mfName_ntk_cs%253ACC%2527s&amp;minPrice=&amp;categoryId=25573&amp;storeId=10601&quot;,&quot;name&quot;:&quot;CC's&quot;,&quot;count&quot;:&quot;4&quot;,&quot;className&quot;:&quot;&quot;},{&quot;url&quot;:&quot;http://shop.coles.com.au/online/SearchDisplay?searchTermScope=&amp;multiSearch=&amp;searchType=2&amp;maxPrice=&amp;showResultsPage=true&amp;langId=-1&amp;beginIndex=0&amp;sType=SimpleSearch&amp;metaData=&amp;browseView=true&amp;manufacturer=&amp;resultCatEntryType=&amp;catalogId=10576&amp;pageView=&amp;facet=mfName_ntk_cs%253ACSR&amp;minPrice=&amp;categoryId=25573&amp;storeId=10601&quot;,&quot;name&quot;:&quot;CSR&quot;,&quot;count&quot;:&quot;29&quot;,&quot;className&quot;:&quot;&quot;},{&quot;url&quot;:&quot;http://shop.coles.com.au/online/SearchDisplay?searchTermScope=&amp;multiSearch=&amp;searchType=2&amp;maxPrice=&amp;showResultsPage=true&amp;langId=-1&amp;beginIndex=0&amp;sType=SimpleSearch&amp;metaData=&amp;browseView=true&amp;manufacturer=&amp;resultCatEntryType=&amp;catalogId=10576&amp;pageView=&amp;facet=mfName_ntk_cs%253ACacao%2BTree&amp;minPrice=&amp;categoryId=25573&amp;storeId=10601&quot;,&quot;name&quot;:&quot;Cacao Tree&quot;,&quot;count&quot;:&quot;3&quot;,&quot;className&quot;:&quot;&quot;},{&quot;url&quot;:&quot;http://shop.coles.com.au/online/SearchDisplay?searchTermScope=&amp;multiSearch=&amp;searchType=2&amp;maxPrice=&amp;showResultsPage=true&amp;langId=-1&amp;beginIndex=0&amp;sType=SimpleSearch&amp;metaData=&amp;browseView=true&amp;manufacturer=&amp;resultCatEntryType=&amp;catalogId=10576&amp;pageView=&amp;facet=mfName_ntk_cs%253ACadbury&amp;minPrice=&amp;categoryId=25573&amp;storeId=10601&quot;,&quot;name&quot;:&quot;Cadbury&quot;,&quot;count&quot;:&quot;119&quot;,&quot;className&quot;:&quot;&quot;},{&quot;url&quot;:&quot;http://shop.coles.com.au/online/SearchDisplay?searchTermScope=&amp;multiSearch=&amp;searchType=2&amp;maxPrice=&amp;showResultsPage=true&amp;langId=-1&amp;beginIndex=0&amp;sType=SimpleSearch&amp;metaData=&amp;browseView=true&amp;manufacturer=&amp;resultCatEntryType=&amp;catalogId=10576&amp;pageView=&amp;facet=mfName_ntk_cs%253ACaffitaly&amp;minPrice=&amp;categoryId=25573&amp;storeId=10601&quot;,&quot;name&quot;:&quot;Caffitaly&quot;,&quot;count&quot;:&quot;3&quot;,&quot;className&quot;:&quot;&quot;},{&quot;url&quot;:&quot;http://shop.coles.com.au/online/SearchDisplay?searchTermScope=&amp;multiSearch=&amp;searchType=2&amp;maxPrice=&amp;showResultsPage=true&amp;langId=-1&amp;beginIndex=0&amp;sType=SimpleSearch&amp;metaData=&amp;browseView=true&amp;manufacturer=&amp;resultCatEntryType=&amp;catalogId=10576&amp;pageView=&amp;facet=mfName_ntk_cs%253ACambrian&amp;minPrice=&amp;categoryId=25573&amp;storeId=10601&quot;,&quot;name&quot;:&quot;Cambrian&quot;,&quot;count&quot;:&quot;1&quot;,&quot;className&quot;:&quot;&quot;},{&quot;url&quot;:&quot;http://shop.coles.com.au/online/SearchDisplay?searchTermScope=&amp;multiSearch=&amp;searchType=2&amp;maxPrice=&amp;showResultsPage=true&amp;langId=-1&amp;beginIndex=0&amp;sType=SimpleSearch&amp;metaData=&amp;browseView=true&amp;manufacturer=&amp;resultCatEntryType=&amp;catalogId=10576&amp;pageView=&amp;facet=mfName_ntk_cs%253ACampbell%2527s&amp;minPrice=&amp;categoryId=25573&amp;storeId=10601&quot;,&quot;name&quot;:&quot;Campbell's&quot;,&quot;count&quot;:&quot;57&quot;,&quot;className&quot;:&quot;&quot;},{&quot;url&quot;:&quot;http://shop.coles.com.au/online/SearchDisplay?searchTermScope=&amp;multiSearch=&amp;searchType=2&amp;maxPrice=&amp;showResultsPage=true&amp;langId=-1&amp;beginIndex=0&amp;sType=SimpleSearch&amp;metaData=&amp;browseView=true&amp;manufacturer=&amp;resultCatEntryType=&amp;catalogId=10576&amp;pageView=&amp;facet=mfName_ntk_cs%253ACapilano&amp;minPrice=&amp;categoryId=25573&amp;storeId=10601&quot;,&quot;name&quot;:&quot;Capilano&quot;,&quot;count&quot;:&quot;20&quot;,&quot;className&quot;:&quot;&quot;},{&quot;url&quot;:&quot;http://shop.coles.com.au/online/SearchDisplay?searchTermScope=&amp;multiSearch=&amp;searchType=2&amp;maxPrice=&amp;showResultsPage=true&amp;langId=-1&amp;beginIndex=0&amp;sType=SimpleSearch&amp;metaData=&amp;browseView=true&amp;manufacturer=&amp;resultCatEntryType=&amp;catalogId=10576&amp;pageView=&amp;facet=mfName_ntk_cs%253ACapriccio&amp;minPrice=&amp;categoryId=25573&amp;storeId=10601&quot;,&quot;name&quot;:&quot;Capriccio&quot;,&quot;count&quot;:&quot;2&quot;,&quot;className&quot;:&quot;&quot;},{&quot;url&quot;:&quot;http://shop.coles.com.au/online/SearchDisplay?searchTermScope=&amp;multiSearch=&amp;searchType=2&amp;maxPrice=&amp;showResultsPage=true&amp;langId=-1&amp;beginIndex=0&amp;sType=SimpleSearch&amp;metaData=&amp;browseView=true&amp;manufacturer=&amp;resultCatEntryType=&amp;catalogId=10576&amp;pageView=&amp;facet=mfName_ntk_cs%253ACapricorn&amp;minPrice=&amp;categoryId=25573&amp;storeId=10601&quot;,&quot;name&quot;:&quot;Capricorn&quot;,&quot;count&quot;:&quot;8&quot;,&quot;className&quot;:&quot;&quot;},{&quot;url&quot;:&quot;http://shop.coles.com.au/online/SearchDisplay?searchTermScope=&amp;multiSearch=&amp;searchType=2&amp;maxPrice=&amp;showResultsPage=true&amp;langId=-1&amp;beginIndex=0&amp;sType=SimpleSearch&amp;metaData=&amp;browseView=true&amp;manufacturer=&amp;resultCatEntryType=&amp;catalogId=10576&amp;pageView=&amp;facet=mfName_ntk_cs%253ACardinis&amp;minPrice=&amp;categoryId=25573&amp;storeId=10601&quot;,&quot;name&quot;:&quot;Cardinis&quot;,&quot;count&quot;:&quot;1&quot;,&quot;className&quot;:&quot;&quot;},{&quot;url&quot;:&quot;http://shop.coles.com.au/online/SearchDisplay?searchTermScope=&amp;multiSearch=&amp;searchType=2&amp;maxPrice=&amp;showResultsPage=true&amp;langId=-1&amp;beginIndex=0&amp;sType=SimpleSearch&amp;metaData=&amp;browseView=true&amp;manufacturer=&amp;resultCatEntryType=&amp;catalogId=10576&amp;pageView=&amp;facet=mfName_ntk_cs%253ACarman%2527s&amp;minPrice=&amp;categoryId=25573&amp;storeId=10601&quot;,&quot;name&quot;:&quot;Carman's&quot;,&quot;count&quot;:&quot;28&quot;,&quot;className&quot;:&quot;&quot;},{&quot;url&quot;:&quot;http://shop.coles.com.au/online/SearchDisplay?searchTermScope=&amp;multiSearch=&amp;searchType=2&amp;maxPrice=&amp;showResultsPage=true&amp;langId=-1&amp;beginIndex=0&amp;sType=SimpleSearch&amp;metaData=&amp;browseView=true&amp;manufacturer=&amp;resultCatEntryType=&amp;catalogId=10576&amp;pageView=&amp;facet=mfName_ntk_cs%253ACarmelina&amp;minPrice=&amp;categoryId=25573&amp;storeId=10601&quot;,&quot;name&quot;:&quot;Carmelina&quot;,&quot;count&quot;:&quot;1&quot;,&quot;className&quot;:&quot;&quot;},{&quot;url&quot;:&quot;http://shop.coles.com.au/online/SearchDisplay?searchTermScope=&amp;multiSearch=&amp;searchType=2&amp;maxPrice=&amp;showResultsPage=true&amp;langId=-1&amp;beginIndex=0&amp;sType=SimpleSearch&amp;metaData=&amp;browseView=true&amp;manufacturer=&amp;resultCatEntryType=&amp;catalogId=10576&amp;pageView=&amp;facet=mfName_ntk_cs%253ACarnation&amp;minPrice=&amp;categoryId=25573&amp;storeId=10601&quot;,&quot;name&quot;:&quot;Carnation&quot;,&quot;count&quot;:&quot;3&quot;,&quot;className&quot;:&quot;&quot;},{&quot;url&quot;:&quot;http://shop.coles.com.au/online/SearchDisplay?searchTermScope=&amp;multiSearch=&amp;searchType=2&amp;maxPrice=&amp;showResultsPage=true&amp;langId=-1&amp;beginIndex=0&amp;sType=SimpleSearch&amp;metaData=&amp;browseView=true&amp;manufacturer=&amp;resultCatEntryType=&amp;catalogId=10576&amp;pageView=&amp;facet=mfName_ntk_cs%253ACaro&amp;minPrice=&amp;categoryId=25573&amp;storeId=10601&quot;,&quot;name&quot;:&quot;Caro&quot;,&quot;count&quot;:&quot;1&quot;,&quot;className&quot;:&quot;&quot;},{&quot;url&quot;:&quot;http://shop.coles.com.au/online/SearchDisplay?searchTermScope=&amp;multiSearch=&amp;searchType=2&amp;maxPrice=&amp;showResultsPage=true&amp;langId=-1&amp;beginIndex=0&amp;sType=SimpleSearch&amp;metaData=&amp;browseView=true&amp;manufacturer=&amp;resultCatEntryType=&amp;catalogId=10576&amp;pageView=&amp;facet=mfName_ntk_cs%253ACarotino&amp;minPrice=&amp;categoryId=25573&amp;storeId=10601&quot;,&quot;name&quot;:&quot;Carotino&quot;,&quot;count&quot;:&quot;1&quot;,&quot;className&quot;:&quot;&quot;},{&quot;url&quot;:&quot;http://shop.coles.com.au/online/SearchDisplay?searchTermScope=&amp;multiSearch=&amp;searchType=2&amp;maxPrice=&amp;showResultsPage=true&amp;langId=-1&amp;beginIndex=0&amp;sType=SimpleSearch&amp;metaData=&amp;browseView=true&amp;manufacturer=&amp;resultCatEntryType=&amp;catalogId=10576&amp;pageView=&amp;facet=mfName_ntk_cs%253ACarr%2527s&amp;minPrice=&amp;categoryId=25573&amp;storeId=10601&quot;,&quot;name&quot;:&quot;Carr's&quot;,&quot;count&quot;:&quot;3&quot;,&quot;className&quot;:&quot;&quot;},{&quot;url&quot;:&quot;http://shop.coles.com.au/online/SearchDisplay?searchTermScope=&amp;multiSearch=&amp;searchType=2&amp;maxPrice=&amp;showResultsPage=true&amp;langId=-1&amp;beginIndex=0&amp;sType=SimpleSearch&amp;metaData=&amp;browseView=true&amp;manufacturer=&amp;resultCatEntryType=&amp;catalogId=10576&amp;pageView=&amp;facet=mfName_ntk_cs%253ACarrs&amp;minPrice=&amp;categoryId=25573&amp;storeId=10601&quot;,&quot;name&quot;:&quot;Carrs&quot;,&quot;count&quot;:&quot;1&quot;,&quot;className&quot;:&quot;&quot;},{&quot;url&quot;:&quot;http://shop.coles.com.au/online/SearchDisplay?searchTermScope=&amp;multiSearch=&amp;searchType=2&amp;maxPrice=&amp;showResultsPage=true&amp;langId=-1&amp;beginIndex=0&amp;sType=SimpleSearch&amp;metaData=&amp;browseView=true&amp;manufacturer=&amp;resultCatEntryType=&amp;catalogId=10576&amp;pageView=&amp;facet=mfName_ntk_cs%253ACarte%2BNoire&amp;minPrice=&amp;categoryId=25573&amp;storeId=10601&quot;,&quot;name&quot;:&quot;Carte Noire&quot;,&quot;count&quot;:&quot;5&quot;,&quot;className&quot;:&quot;&quot;},{&quot;url&quot;:&quot;http://shop.coles.com.au/online/SearchDisplay?searchTermScope=&amp;multiSearch=&amp;searchType=2&amp;maxPrice=&amp;showResultsPage=true&amp;langId=-1&amp;beginIndex=0&amp;sType=SimpleSearch&amp;metaData=&amp;browseView=true&amp;manufacturer=&amp;resultCatEntryType=&amp;catalogId=10576&amp;pageView=&amp;facet=mfName_ntk_cs%253ACasalare&amp;minPrice=&amp;categoryId=25573&amp;storeId=10601&quot;,&quot;name&quot;:&quot;Casalare&quot;,&quot;count&quot;:&quot;1&quot;,&quot;className&quot;:&quot;&quot;},{&quot;url&quot;:&quot;http://shop.coles.com.au/online/SearchDisplay?searchTermScope=&amp;multiSearch=&amp;searchType=2&amp;maxPrice=&amp;showResultsPage=true&amp;langId=-1&amp;beginIndex=0&amp;sType=SimpleSearch&amp;metaData=&amp;browseView=true&amp;manufacturer=&amp;resultCatEntryType=&amp;catalogId=10576&amp;pageView=&amp;facet=mfName_ntk_cs%253ACelebrate%2BHealth&amp;minPrice=&amp;categoryId=25573&amp;storeId=10601&quot;,&quot;name&quot;:&quot;Celebrate Health&quot;,&quot;count&quot;:&quot;19&quot;,&quot;className&quot;:&quot;&quot;},{&quot;url&quot;:&quot;http://shop.coles.com.au/online/SearchDisplay?searchTermScope=&amp;multiSearch=&amp;searchType=2&amp;maxPrice=&amp;showResultsPage=true&amp;langId=-1&amp;beginIndex=0&amp;sType=SimpleSearch&amp;metaData=&amp;browseView=true&amp;manufacturer=&amp;resultCatEntryType=&amp;catalogId=10576&amp;pageView=&amp;facet=mfName_ntk_cs%253ACelebrity%2BSlim&amp;minPrice=&amp;categoryId=25573&amp;storeId=10601&quot;,&quot;name&quot;:&quot;Celebrity Slim&quot;,&quot;count&quot;:&quot;3&quot;,&quot;className&quot;:&quot;&quot;},{&quot;url&quot;:&quot;http://shop.coles.com.au/online/SearchDisplay?searchTermScope=&amp;multiSearch=&amp;searchType=2&amp;maxPrice=&amp;showResultsPage=true&amp;langId=-1&amp;beginIndex=0&amp;sType=SimpleSearch&amp;metaData=&amp;browseView=true&amp;manufacturer=&amp;resultCatEntryType=&amp;catalogId=10576&amp;pageView=&amp;facet=mfName_ntk_cs%253ACelestial%2BSeasonings&amp;minPrice=&amp;categoryId=25573&amp;storeId=10601&quot;,&quot;name&quot;:&quot;Celestial Seasonings&quot;,&quot;count&quot;:&quot;2&quot;,&quot;className&quot;:&quot;&quot;},{&quot;url&quot;:&quot;http://shop.coles.com.au/online/SearchDisplay?searchTermScope=&amp;multiSearch=&amp;searchType=2&amp;maxPrice=&amp;showResultsPage=true&amp;langId=-1&amp;beginIndex=0&amp;sType=SimpleSearch&amp;metaData=&amp;browseView=true&amp;manufacturer=&amp;resultCatEntryType=&amp;catalogId=10576&amp;pageView=&amp;facet=mfName_ntk_cs%253ACenovis&amp;minPrice=&amp;categoryId=25573&amp;storeId=10601&quot;,&quot;name&quot;:&quot;Cenovis&quot;,&quot;count&quot;:&quot;3&quot;,&quot;className&quot;:&quot;&quot;},{&quot;url&quot;:&quot;http://shop.coles.com.au/online/SearchDisplay?searchTermScope=&amp;multiSearch=&amp;searchType=2&amp;maxPrice=&amp;showResultsPage=true&amp;langId=-1&amp;beginIndex=0&amp;sType=SimpleSearch&amp;metaData=&amp;browseView=true&amp;manufacturer=&amp;resultCatEntryType=&amp;catalogId=10576&amp;pageView=&amp;facet=mfName_ntk_cs%253AChangs&amp;minPrice=&amp;categoryId=25573&amp;storeId=10601&quot;,&quot;name&quot;:&quot;Changs&quot;,&quot;count&quot;:&quot;13&quot;,&quot;className&quot;:&quot;&quot;},{&quot;url&quot;:&quot;http://shop.coles.com.au/online/SearchDisplay?searchTermScope=&amp;multiSearch=&amp;searchType=2&amp;maxPrice=&amp;showResultsPage=true&amp;langId=-1&amp;beginIndex=0&amp;sType=SimpleSearch&amp;metaData=&amp;browseView=true&amp;manufacturer=&amp;resultCatEntryType=&amp;catalogId=10576&amp;pageView=&amp;facet=mfName_ntk_cs%253ACharles%2BJacquin&amp;minPrice=&amp;categoryId=25573&amp;storeId=10601&quot;,&quot;name&quot;:&quot;Charles Jacquin&quot;,&quot;count&quot;:&quot;2&quot;,&quot;className&quot;:&quot;&quot;},{&quot;url&quot;:&quot;http://shop.coles.com.au/online/SearchDisplay?searchTermScope=&amp;multiSearch=&amp;searchType=2&amp;maxPrice=&amp;showResultsPage=true&amp;langId=-1&amp;beginIndex=0&amp;sType=SimpleSearch&amp;metaData=&amp;browseView=true&amp;manufacturer=&amp;resultCatEntryType=&amp;catalogId=10576&amp;pageView=&amp;facet=mfName_ntk_cs%253ACheetos&amp;minPrice=&amp;categoryId=25573&amp;storeId=10601&quot;,&quot;name&quot;:&quot;Cheetos&quot;,&quot;count&quot;:&quot;2&quot;,&quot;className&quot;:&quot;&quot;},{&quot;url&quot;:&quot;http://shop.coles.com.au/online/SearchDisplay?searchTermScope=&amp;multiSearch=&amp;searchType=2&amp;maxPrice=&amp;showResultsPage=true&amp;langId=-1&amp;beginIndex=0&amp;sType=SimpleSearch&amp;metaData=&amp;browseView=true&amp;manufacturer=&amp;resultCatEntryType=&amp;catalogId=10576&amp;pageView=&amp;facet=mfName_ntk_cs%253ACheezels&amp;minPrice=&amp;categoryId=25573&amp;storeId=10601&quot;,&quot;name&quot;:&quot;Cheezels&quot;,&quot;count&quot;:&quot;4&quot;,&quot;className&quot;:&quot;&quot;},{&quot;url&quot;:&quot;http://shop.coles.com.au/online/SearchDisplay?searchTermScope=&amp;multiSearch=&amp;searchType=2&amp;maxPrice=&amp;showResultsPage=true&amp;langId=-1&amp;beginIndex=0&amp;sType=SimpleSearch&amp;metaData=&amp;browseView=true&amp;manufacturer=&amp;resultCatEntryType=&amp;catalogId=10576&amp;pageView=&amp;facet=mfName_ntk_cs%253AChef%2527s%2BChoice&amp;minPrice=&amp;categoryId=25573&amp;storeId=10601&quot;,&quot;name&quot;:&quot;Chef's Choice&quot;,&quot;count&quot;:&quot;10&quot;,&quot;className&quot;:&quot;&quot;},{&quot;url&quot;:&quot;http://shop.coles.com.au/online/SearchDisplay?searchTermScope=&amp;multiSearch=&amp;searchType=2&amp;maxPrice=&amp;showResultsPage=true&amp;langId=-1&amp;beginIndex=0&amp;sType=SimpleSearch&amp;metaData=&amp;browseView=true&amp;manufacturer=&amp;resultCatEntryType=&amp;catalogId=10576&amp;pageView=&amp;facet=mfName_ntk_cs%253AChef%2527s%2BKitchen&amp;minPrice=&amp;categoryId=25573&amp;storeId=10601&quot;,&quot;name&quot;:&quot;Chef's Kitchen&quot;,&quot;count&quot;:&quot;8&quot;,&quot;className&quot;:&quot;&quot;},{&quot;url&quot;:&quot;http://shop.coles.com.au/online/SearchDisplay?searchTermScope=&amp;multiSearch=&amp;searchType=2&amp;maxPrice=&amp;showResultsPage=true&amp;langId=-1&amp;beginIndex=0&amp;sType=SimpleSearch&amp;metaData=&amp;browseView=true&amp;manufacturer=&amp;resultCatEntryType=&amp;catalogId=10576&amp;pageView=&amp;facet=mfName_ntk_cs%253AChic%2BNuts&amp;minPrice=&amp;categoryId=25573&amp;storeId=10601&quot;,&quot;name&quot;:&quot;Chic Nuts&quot;,&quot;count&quot;:&quot;1&quot;,&quot;className&quot;:&quot;&quot;},{&quot;url&quot;:&quot;http://shop.coles.com.au/online/SearchDisplay?searchTermScope=&amp;multiSearch=&amp;searchType=2&amp;maxPrice=&amp;showResultsPage=true&amp;langId=-1&amp;beginIndex=0&amp;sType=SimpleSearch&amp;metaData=&amp;browseView=true&amp;manufacturer=&amp;resultCatEntryType=&amp;catalogId=10576&amp;pageView=&amp;facet=mfName_ntk_cs%253AChickadees&amp;minPrice=&amp;categoryId=25573&amp;storeId=10601&quot;,&quot;name&quot;:&quot;Chickadees&quot;,&quot;count&quot;:&quot;1&quot;,&quot;className&quot;:&quot;&quot;},{&quot;url&quot;:&quot;http://shop.coles.com.au/online/SearchDisplay?searchTermScope=&amp;multiSearch=&amp;searchType=2&amp;maxPrice=&amp;showResultsPage=true&amp;langId=-1&amp;beginIndex=0&amp;sType=SimpleSearch&amp;metaData=&amp;browseView=true&amp;manufacturer=&amp;resultCatEntryType=&amp;catalogId=10576&amp;pageView=&amp;facet=mfName_ntk_cs%253AChocolatier&amp;minPrice=&amp;categoryId=25573&amp;storeId=10601&quot;,&quot;name&quot;:&quot;Chocolatier&quot;,&quot;count&quot;:&quot;1&quot;,&quot;className&quot;:&quot;&quot;},{&quot;url&quot;:&quot;http://shop.coles.com.au/online/SearchDisplay?searchTermScope=&amp;multiSearch=&amp;searchType=2&amp;maxPrice=&amp;showResultsPage=true&amp;langId=-1&amp;beginIndex=0&amp;sType=SimpleSearch&amp;metaData=&amp;browseView=true&amp;manufacturer=&amp;resultCatEntryType=&amp;catalogId=10576&amp;pageView=&amp;facet=mfName_ntk_cs%253AChupa%2BChups&amp;minPrice=&amp;categoryId=25573&amp;storeId=10601&quot;,&quot;name&quot;:&quot;Chupa Chups&quot;,&quot;count&quot;:&quot;4&quot;,&quot;className&quot;:&quot;&quot;},{&quot;url&quot;:&quot;http://shop.coles.com.au/online/SearchDisplay?searchTermScope=&amp;multiSearch=&amp;searchType=2&amp;maxPrice=&amp;showResultsPage=true&amp;langId=-1&amp;beginIndex=0&amp;sType=SimpleSearch&amp;metaData=&amp;browseView=true&amp;manufacturer=&amp;resultCatEntryType=&amp;catalogId=10576&amp;pageView=&amp;facet=mfName_ntk_cs%253ACiccarese&amp;minPrice=&amp;categoryId=25573&amp;storeId=10601&quot;,&quot;name&quot;:&quot;Ciccarese&quot;,&quot;count&quot;:&quot;1&quot;,&quot;className&quot;:&quot;&quot;},{&quot;url&quot;:&quot;http://shop.coles.com.au/online/SearchDisplay?searchTermScope=&amp;multiSearch=&amp;searchType=2&amp;maxPrice=&amp;showResultsPage=true&amp;langId=-1&amp;beginIndex=0&amp;sType=SimpleSearch&amp;metaData=&amp;browseView=true&amp;manufacturer=&amp;resultCatEntryType=&amp;catalogId=10576&amp;pageView=&amp;facet=mfName_ntk_cs%253AClassic%2BAsian&amp;minPrice=&amp;categoryId=25573&amp;storeId=10601&quot;,&quot;name&quot;:&quot;Classic Asian&quot;,&quot;count&quot;:&quot;1&quot;,&quot;className&quot;:&quot;&quot;},{&quot;url&quot;:&quot;http://shop.coles.com.au/online/SearchDisplay?searchTermScope=&amp;multiSearch=&amp;searchType=2&amp;maxPrice=&amp;showResultsPage=true&amp;langId=-1&amp;beginIndex=0&amp;sType=SimpleSearch&amp;metaData=&amp;browseView=true&amp;manufacturer=&amp;resultCatEntryType=&amp;catalogId=10576&amp;pageView=&amp;facet=mfName_ntk_cs%253AClive%2Bof%2BIndia&amp;minPrice=&amp;categoryId=25573&amp;storeId=10601&quot;,&quot;name&quot;:&quot;Clive of India&quot;,&quot;count&quot;:&quot;2&quot;,&quot;className&quot;:&quot;&quot;},{&quot;url&quot;:&quot;http://shop.coles.com.au/online/SearchDisplay?searchTermScope=&amp;multiSearch=&amp;searchType=2&amp;maxPrice=&amp;showResultsPage=true&amp;langId=-1&amp;beginIndex=0&amp;sType=SimpleSearch&amp;metaData=&amp;browseView=true&amp;manufacturer=&amp;resultCatEntryType=&amp;catalogId=10576&amp;pageView=&amp;facet=mfName_ntk_cs%253ACobram%2BEstate&amp;minPrice=&amp;categoryId=25573&amp;storeId=10601&quot;,&quot;name&quot;:&quot;Cobram Estate&quot;,&quot;count&quot;:&quot;13&quot;,&quot;className&quot;:&quot;&quot;},{&quot;url&quot;:&quot;http://shop.coles.com.au/online/SearchDisplay?searchTermScope=&amp;multiSearch=&amp;searchType=2&amp;maxPrice=&amp;showResultsPage=true&amp;langId=-1&amp;beginIndex=0&amp;sType=SimpleSearch&amp;metaData=&amp;browseView=true&amp;manufacturer=&amp;resultCatEntryType=&amp;catalogId=10576&amp;pageView=&amp;facet=mfName_ntk_cs%253ACobs&amp;minPrice=&amp;categoryId=25573&amp;storeId=10601&quot;,&quot;name&quot;:&quot;Cobs&quot;,&quot;count&quot;:&quot;2&quot;,&quot;className&quot;:&quot;&quot;},{&quot;url&quot;:&quot;http://shop.coles.com.au/online/SearchDisplay?searchTermScope=&amp;multiSearch=&amp;searchType=2&amp;maxPrice=&amp;showResultsPage=true&amp;langId=-1&amp;beginIndex=0&amp;sType=SimpleSearch&amp;metaData=&amp;browseView=true&amp;manufacturer=&amp;resultCatEntryType=&amp;catalogId=10576&amp;pageView=&amp;facet=mfName_ntk_cs%253ACobs%2BClassic&amp;minPrice=&amp;categoryId=25573&amp;storeId=10601&quot;,&quot;name&quot;:&quot;Cobs Classic&quot;,&quot;count&quot;:&quot;1&quot;,&quot;className&quot;:&quot;&quot;},{&quot;url&quot;:&quot;http://shop.coles.com.au/online/SearchDisplay?searchTermScope=&amp;multiSearch=&amp;searchType=2&amp;maxPrice=&amp;showResultsPage=true&amp;langId=-1&amp;beginIndex=0&amp;sType=SimpleSearch&amp;metaData=&amp;browseView=true&amp;manufacturer=&amp;resultCatEntryType=&amp;catalogId=10576&amp;pageView=&amp;facet=mfName_ntk_cs%253AColavita&amp;minPrice=&amp;categoryId=25573&amp;storeId=10601&quot;,&quot;name&quot;:&quot;Colavita&quot;,&quot;count&quot;:&quot;1&quot;,&quot;className&quot;:&quot;&quot;},{&quot;url&quot;:&quot;http://shop.coles.com.au/online/SearchDisplay?searchTermScope=&amp;multiSearch=&amp;searchType=2&amp;maxPrice=&amp;showResultsPage=true&amp;langId=-1&amp;beginIndex=0&amp;sType=SimpleSearch&amp;metaData=&amp;browseView=true&amp;manufacturer=&amp;resultCatEntryType=&amp;catalogId=10576&amp;pageView=&amp;facet=mfName_ntk_cs%253AColes&amp;minPrice=&amp;categoryId=25573&amp;storeId=10601&quot;,&quot;name&quot;:&quot;Coles&quot;,&quot;count&quot;:&quot;672&quot;,&quot;className&quot;:&quot;&quot;},{&quot;url&quot;:&quot;http://shop.coles.com.au/online/SearchDisplay?searchTermScope=&amp;multiSearch=&amp;searchType=2&amp;maxPrice=&amp;showResultsPage=true&amp;langId=-1&amp;beginIndex=0&amp;sType=SimpleSearch&amp;metaData=&amp;browseView=true&amp;manufacturer=&amp;resultCatEntryType=&amp;catalogId=10576&amp;pageView=&amp;facet=mfName_ntk_cs%253AColes%2BFinest&amp;minPrice=&amp;categoryId=25573&amp;storeId=10601&quot;,&quot;name&quot;:&quot;Coles Finest&quot;,&quot;count&quot;:&quot;16&quot;,&quot;className&quot;:&quot;&quot;},{&quot;url&quot;:&quot;http://shop.coles.com.au/online/SearchDisplay?searchTermScope=&amp;multiSearch=&amp;searchType=2&amp;maxPrice=&amp;showResultsPage=true&amp;langId=-1&amp;beginIndex=0&amp;sType=SimpleSearch&amp;metaData=&amp;browseView=true&amp;manufacturer=&amp;resultCatEntryType=&amp;catalogId=10576&amp;pageView=&amp;facet=mfName_ntk_cs%253AColes%2BFresh&amp;minPrice=&amp;categoryId=25573&amp;storeId=10601&quot;,&quot;name&quot;:&quot;Coles Fresh&quot;,&quot;count&quot;:&quot;2&quot;,&quot;className&quot;:&quot;&quot;},{&quot;url&quot;:&quot;http://shop.coles.com.au/online/SearchDisplay?searchTermScope=&amp;multiSearch=&amp;searchType=2&amp;maxPrice=&amp;showResultsPage=true&amp;langId=-1&amp;beginIndex=0&amp;sType=SimpleSearch&amp;metaData=&amp;browseView=true&amp;manufacturer=&amp;resultCatEntryType=&amp;catalogId=10576&amp;pageView=&amp;facet=mfName_ntk_cs%253AColes%2BItalian&amp;minPrice=&amp;categoryId=25573&amp;storeId=10601&quot;,&quot;name&quot;:&quot;Coles Italian&quot;,&quot;count&quot;:&quot;7&quot;,&quot;className&quot;:&quot;&quot;},{&quot;url&quot;:&quot;http://shop.coles.com.au/online/SearchDisplay?searchTermScope=&amp;multiSearch=&amp;searchType=2&amp;maxPrice=&amp;showResultsPage=true&amp;langId=-1&amp;beginIndex=0&amp;sType=SimpleSearch&amp;metaData=&amp;browseView=true&amp;manufacturer=&amp;resultCatEntryType=&amp;catalogId=10576&amp;pageView=&amp;facet=mfName_ntk_cs%253AColes%2BOnline&amp;minPrice=&amp;categoryId=25573&amp;storeId=10601&quot;,&quot;name&quot;:&quot;Coles Online&quot;,&quot;count&quot;:&quot;1&quot;,&quot;className&quot;:&quot;&quot;},{&quot;url&quot;:&quot;http://shop.coles.com.au/online/SearchDisplay?searchTermScope=&amp;multiSearch=&amp;searchType=2&amp;maxPrice=&amp;showResultsPage=true&amp;langId=-1&amp;beginIndex=0&amp;sType=SimpleSearch&amp;metaData=&amp;browseView=true&amp;manufacturer=&amp;resultCatEntryType=&amp;catalogId=10576&amp;pageView=&amp;facet=mfName_ntk_cs%253AColes%2BSimply&amp;minPrice=&amp;categoryId=25573&amp;storeId=10601&quot;,&quot;name&quot;:&quot;Coles Simply&quot;,&quot;count&quot;:&quot;2&quot;,&quot;className&quot;:&quot;&quot;},{&quot;url&quot;:&quot;http://shop.coles.com.au/online/SearchDisplay?searchTermScope=&amp;multiSearch=&amp;searchType=2&amp;maxPrice=&amp;showResultsPage=true&amp;langId=-1&amp;beginIndex=0&amp;sType=SimpleSearch&amp;metaData=&amp;browseView=true&amp;manufacturer=&amp;resultCatEntryType=&amp;catalogId=10576&amp;pageView=&amp;facet=mfName_ntk_cs%253AColes%2BSimply%2BGluten%2BFree&amp;minPrice=&amp;categoryId=25573&amp;storeId=10601&quot;,&quot;name&quot;:&quot;Coles Simply Gluten Free&quot;,&quot;count&quot;:&quot;38&quot;,&quot;className&quot;:&quot;&quot;},{&quot;url&quot;:&quot;http://shop.coles.com.au/online/SearchDisplay?searchTermScope=&amp;multiSearch=&amp;searchType=2&amp;maxPrice=&amp;showResultsPage=true&amp;langId=-1&amp;beginIndex=0&amp;sType=SimpleSearch&amp;metaData=&amp;browseView=true&amp;manufacturer=&amp;resultCatEntryType=&amp;catalogId=10576&amp;pageView=&amp;facet=mfName_ntk_cs%253AColes%2BSimply%2BLess&amp;minPrice=&amp;categoryId=25573&amp;storeId=10601&quot;,&quot;name&quot;:&quot;Coles Simply Less&quot;,&quot;count&quot;:&quot;13&quot;,&quot;className&quot;:&quot;&quot;},{&quot;url&quot;:&quot;http://shop.coles.com.au/online/SearchDisplay?searchTermScope=&amp;multiSearch=&amp;searchType=2&amp;maxPrice=&amp;showResultsPage=true&amp;langId=-1&amp;beginIndex=0&amp;sType=SimpleSearch&amp;metaData=&amp;browseView=true&amp;manufacturer=&amp;resultCatEntryType=&amp;catalogId=10576&amp;pageView=&amp;facet=mfName_ntk_cs%253AColes%2BSmart%2BBuy&amp;minPrice=&amp;categoryId=25573&amp;storeId=10601&quot;,&quot;name&quot;:&quot;Coles Smart Buy&quot;,&quot;count&quot;:&quot;82&quot;,&quot;className&quot;:&quot;&quot;},{&quot;url&quot;:&quot;http://shop.coles.com.au/online/SearchDisplay?searchTermScope=&amp;multiSearch=&amp;searchType=2&amp;maxPrice=&amp;showResultsPage=true&amp;langId=-1&amp;beginIndex=0&amp;sType=SimpleSearch&amp;metaData=&amp;browseView=true&amp;manufacturer=&amp;resultCatEntryType=&amp;catalogId=10576&amp;pageView=&amp;facet=mfName_ntk_cs%253AColomba&amp;minPrice=&amp;categoryId=25573&amp;storeId=10601&quot;,&quot;name&quot;:&quot;Colomba&quot;,&quot;count&quot;:&quot;2&quot;,&quot;className&quot;:&quot;&quot;},{&quot;url&quot;:&quot;http://shop.coles.com.au/online/SearchDisplay?searchTermScope=&amp;multiSearch=&amp;searchType=2&amp;maxPrice=&amp;showResultsPage=true&amp;langId=-1&amp;beginIndex=0&amp;sType=SimpleSearch&amp;metaData=&amp;browseView=true&amp;manufacturer=&amp;resultCatEntryType=&amp;catalogId=10576&amp;pageView=&amp;facet=mfName_ntk_cs%253AConimex&amp;minPrice=&amp;categoryId=25573&amp;storeId=10601&quot;,&quot;name&quot;:&quot;Conimex&quot;,&quot;count&quot;:&quot;2&quot;,&quot;className&quot;:&quot;&quot;},{&quot;url&quot;:&quot;http://shop.coles.com.au/online/SearchDisplay?searchTermScope=&amp;multiSearch=&amp;searchType=2&amp;maxPrice=&amp;showResultsPage=true&amp;langId=-1&amp;beginIndex=0&amp;sType=SimpleSearch&amp;metaData=&amp;browseView=true&amp;manufacturer=&amp;resultCatEntryType=&amp;catalogId=10576&amp;pageView=&amp;facet=mfName_ntk_cs%253AContinental&amp;minPrice=&amp;categoryId=25573&amp;storeId=10601&quot;,&quot;name&quot;:&quot;Continental&quot;,&quot;count&quot;:&quot;118&quot;,&quot;className&quot;:&quot;&quot;},{&quot;url&quot;:&quot;http://shop.coles.com.au/online/SearchDisplay?searchTermScope=&amp;multiSearch=&amp;searchType=2&amp;maxPrice=&amp;showResultsPage=true&amp;langId=-1&amp;beginIndex=0&amp;sType=SimpleSearch&amp;metaData=&amp;browseView=true&amp;manufacturer=&amp;resultCatEntryType=&amp;catalogId=10576&amp;pageView=&amp;facet=mfName_ntk_cs%253ACook%2BSimple&amp;minPrice=&amp;categoryId=25573&amp;storeId=10601&quot;,&quot;name&quot;:&quot;Cook Simple&quot;,&quot;count&quot;:&quot;3&quot;,&quot;className&quot;:&quot;&quot;},{&quot;url&quot;:&quot;http://shop.coles.com.au/online/SearchDisplay?searchTermScope=&amp;multiSearch=&amp;searchType=2&amp;maxPrice=&amp;showResultsPage=true&amp;langId=-1&amp;beginIndex=0&amp;sType=SimpleSearch&amp;metaData=&amp;browseView=true&amp;manufacturer=&amp;resultCatEntryType=&amp;catalogId=10576&amp;pageView=&amp;facet=mfName_ntk_cs%253ACoolpak&amp;minPrice=&amp;categoryId=25573&amp;storeId=10601&quot;,&quot;name&quot;:&quot;Coolpak&quot;,&quot;count&quot;:&quot;1&quot;,&quot;className&quot;:&quot;&quot;},{&quot;url&quot;:&quot;http://shop.coles.com.au/online/SearchDisplay?searchTermScope=&amp;multiSearch=&amp;searchType=2&amp;maxPrice=&amp;showResultsPage=true&amp;langId=-1&amp;beginIndex=0&amp;sType=SimpleSearch&amp;metaData=&amp;browseView=true&amp;manufacturer=&amp;resultCatEntryType=&amp;catalogId=10576&amp;pageView=&amp;facet=mfName_ntk_cs%253ACornwells&amp;minPrice=&amp;categoryId=25573&amp;storeId=10601&quot;,&quot;name&quot;:&quot;Cornwells&quot;,&quot;count&quot;:&quot;13&quot;,&quot;className&quot;:&quot;&quot;},{&quot;url&quot;:&quot;http://shop.coles.com.au/online/SearchDisplay?searchTermScope=&amp;multiSearch=&amp;searchType=2&amp;maxPrice=&amp;showResultsPage=true&amp;langId=-1&amp;beginIndex=0&amp;sType=SimpleSearch&amp;metaData=&amp;browseView=true&amp;manufacturer=&amp;resultCatEntryType=&amp;catalogId=10576&amp;pageView=&amp;facet=mfName_ntk_cs%253ACottee%2527s&amp;minPrice=&amp;categoryId=25573&amp;storeId=10601&quot;,&quot;name&quot;:&quot;Cottee's&quot;,&quot;count&quot;:&quot;15&quot;,&quot;className&quot;:&quot;&quot;},{&quot;url&quot;:&quot;http://shop.coles.com.au/online/SearchDisplay?searchTermScope=&amp;multiSearch=&amp;searchType=2&amp;maxPrice=&amp;showResultsPage=true&amp;langId=-1&amp;beginIndex=0&amp;sType=SimpleSearch&amp;metaData=&amp;browseView=true&amp;manufacturer=&amp;resultCatEntryType=&amp;catalogId=10576&amp;pageView=&amp;facet=mfName_ntk_cs%253ACountry%2BWomens%2BAssociation&amp;minPrice=&amp;categoryId=25573&amp;storeId=10601&quot;,&quot;name&quot;:&quot;Country Womens Association&quot;,&quot;count&quot;:&quot;1&quot;,&quot;className&quot;:&quot;&quot;},{&quot;url&quot;:&quot;http://shop.coles.com.au/online/SearchDisplay?searchTermScope=&amp;multiSearch=&amp;searchType=2&amp;maxPrice=&amp;showResultsPage=true&amp;langId=-1&amp;beginIndex=0&amp;sType=SimpleSearch&amp;metaData=&amp;browseView=true&amp;manufacturer=&amp;resultCatEntryType=&amp;catalogId=10576&amp;pageView=&amp;facet=mfName_ntk_cs%253ACreative%2BKitchen&amp;minPrice=&amp;categoryId=25573&amp;storeId=10601&quot;,&quot;name&quot;:&quot;Creative Kitchen&quot;,&quot;count&quot;:&quot;4&quot;,&quot;className&quot;:&quot;&quot;},{&quot;url&quot;:&quot;http://shop.coles.com.au/online/SearchDisplay?searchTermScope=&amp;multiSearch=&amp;searchType=2&amp;maxPrice=&amp;showResultsPage=true&amp;langId=-1&amp;beginIndex=0&amp;sType=SimpleSearch&amp;metaData=&amp;browseView=true&amp;manufacturer=&amp;resultCatEntryType=&amp;catalogId=10576&amp;pageView=&amp;facet=mfName_ntk_cs%253ACrisco&amp;minPrice=&amp;categoryId=25573&amp;storeId=10601&quot;,&quot;name&quot;:&quot;Crisco&quot;,&quot;count&quot;:&quot;4&quot;,&quot;className&quot;:&quot;&quot;},{&quot;url&quot;:&quot;http://shop.coles.com.au/online/SearchDisplay?searchTermScope=&amp;multiSearch=&amp;searchType=2&amp;maxPrice=&amp;showResultsPage=true&amp;langId=-1&amp;beginIndex=0&amp;sType=SimpleSearch&amp;metaData=&amp;browseView=true&amp;manufacturer=&amp;resultCatEntryType=&amp;catalogId=10576&amp;pageView=&amp;facet=mfName_ntk_cs%253ACrosse%2B%2526%2BBlackwell&amp;minPrice=&amp;categoryId=25573&amp;storeId=10601&quot;,&quot;name&quot;:&quot;Crosse &amp; Blackwell&quot;,&quot;count&quot;:&quot;1&quot;,&quot;className&quot;:&quot;&quot;},{&quot;url&quot;:&quot;http://shop.coles.com.au/online/SearchDisplay?searchTermScope=&amp;multiSearch=&amp;searchType=2&amp;maxPrice=&amp;showResultsPage=true&amp;langId=-1&amp;beginIndex=0&amp;sType=SimpleSearch&amp;metaData=&amp;browseView=true&amp;manufacturer=&amp;resultCatEntryType=&amp;catalogId=10576&amp;pageView=&amp;facet=mfName_ntk_cs%253ACrown%2BZappo&amp;minPrice=&amp;categoryId=25573&amp;storeId=10601&quot;,&quot;name&quot;:&quot;Crown Zappo&quot;,&quot;count&quot;:&quot;2&quot;,&quot;className&quot;:&quot;&quot;},{&quot;url&quot;:&quot;http://shop.coles.com.au/online/SearchDisplay?searchTermScope=&amp;multiSearch=&amp;searchType=2&amp;maxPrice=&amp;showResultsPage=true&amp;langId=-1&amp;beginIndex=0&amp;sType=SimpleSearch&amp;metaData=&amp;browseView=true&amp;manufacturer=&amp;resultCatEntryType=&amp;catalogId=10576&amp;pageView=&amp;facet=mfName_ntk_cs%253ADamia&amp;minPrice=&amp;categoryId=25573&amp;storeId=10601&quot;,&quot;name&quot;:&quot;Damia&quot;,&quot;count&quot;:&quot;1&quot;,&quot;className&quot;:&quot;&quot;},{&quot;url&quot;:&quot;http://shop.coles.com.au/online/SearchDisplay?searchTermScope=&amp;multiSearch=&amp;searchType=2&amp;maxPrice=&amp;showResultsPage=true&amp;langId=-1&amp;beginIndex=0&amp;sType=SimpleSearch&amp;metaData=&amp;browseView=true&amp;manufacturer=&amp;resultCatEntryType=&amp;catalogId=10576&amp;pageView=&amp;facet=mfName_ntk_cs%253ADamla&amp;minPrice=&amp;categoryId=25573&amp;storeId=10601&quot;,&quot;name&quot;:&quot;Damla&quot;,&quot;count&quot;:&quot;1&quot;,&quot;className&quot;:&quot;&quot;},{&quot;url&quot;:&quot;http://shop.coles.com.au/online/SearchDisplay?searchTermScope=&amp;multiSearch=&amp;searchType=2&amp;maxPrice=&amp;showResultsPage=true&amp;langId=-1&amp;beginIndex=0&amp;sType=SimpleSearch&amp;metaData=&amp;browseView=true&amp;manufacturer=&amp;resultCatEntryType=&amp;catalogId=10576&amp;pageView=&amp;facet=mfName_ntk_cs%253ADarrell%2BLea&amp;minPrice=&amp;categoryId=25573&amp;storeId=10601&quot;,&quot;name&quot;:&quot;Darrell Lea&quot;,&quot;count&quot;:&quot;20&quot;,&quot;className&quot;:&quot;&quot;},{&quot;url&quot;:&quot;http://shop.coles.com.au/online/SearchDisplay?searchTermScope=&amp;multiSearch=&amp;searchType=2&amp;maxPrice=&amp;showResultsPage=true&amp;langId=-1&amp;beginIndex=0&amp;sType=SimpleSearch&amp;metaData=&amp;browseView=true&amp;manufacturer=&amp;resultCatEntryType=&amp;catalogId=10576&amp;pageView=&amp;facet=mfName_ntk_cs%253ADavis&amp;minPrice=&amp;categoryId=25573&amp;storeId=10601&quot;,&quot;name&quot;:&quot;Davis&quot;,&quot;count&quot;:&quot;1&quot;,&quot;className&quot;:&quot;&quot;},{&quot;url&quot;:&quot;http://shop.coles.com.au/online/SearchDisplay?searchTermScope=&amp;multiSearch=&amp;searchType=2&amp;maxPrice=&amp;showResultsPage=true&amp;langId=-1&amp;beginIndex=0&amp;sType=SimpleSearch&amp;metaData=&amp;browseView=true&amp;manufacturer=&amp;resultCatEntryType=&amp;catalogId=10576&amp;pageView=&amp;facet=mfName_ntk_cs%253ADeb&amp;minPrice=&amp;categoryId=25573&amp;storeId=10601&quot;,&quot;name&quot;:&quot;Deb&quot;,&quot;count&quot;:&quot;2&quot;,&quot;className&quot;:&quot;&quot;},{&quot;url&quot;:&quot;http://shop.coles.com.au/online/SearchDisplay?searchTermScope=&amp;multiSearch=&amp;searchType=2&amp;maxPrice=&amp;showResultsPage=true&amp;langId=-1&amp;beginIndex=0&amp;sType=SimpleSearch&amp;metaData=&amp;browseView=true&amp;manufacturer=&amp;resultCatEntryType=&amp;catalogId=10576&amp;pageView=&amp;facet=mfName_ntk_cs%253ADefiance&amp;minPrice=&amp;categoryId=25573&amp;storeId=10601&quot;,&quot;name&quot;:&quot;Defiance&quot;,&quot;count&quot;:&quot;2&quot;,&quot;className&quot;:&quot;&quot;},{&quot;url&quot;:&quot;http://shop.coles.com.au/online/SearchDisplay?searchTermScope=&amp;multiSearch=&amp;searchType=2&amp;maxPrice=&amp;showResultsPage=true&amp;langId=-1&amp;beginIndex=0&amp;sType=SimpleSearch&amp;metaData=&amp;browseView=true&amp;manufacturer=&amp;resultCatEntryType=&amp;catalogId=10576&amp;pageView=&amp;facet=mfName_ntk_cs%253ADelamaris&amp;minPrice=&amp;categoryId=25573&amp;storeId=10601&quot;,&quot;name&quot;:&quot;Delamaris&quot;,&quot;count&quot;:&quot;4&quot;,&quot;className&quot;:&quot;&quot;},{&quot;url&quot;:&quot;http://shop.coles.com.au/online/SearchDisplay?searchTermScope=&amp;multiSearch=&amp;searchType=2&amp;maxPrice=&amp;showResultsPage=true&amp;langId=-1&amp;beginIndex=0&amp;sType=SimpleSearch&amp;metaData=&amp;browseView=true&amp;manufacturer=&amp;resultCatEntryType=&amp;catalogId=10576&amp;pageView=&amp;facet=mfName_ntk_cs%253ADelicius&amp;minPrice=&amp;categoryId=25573&amp;storeId=10601&quot;,&quot;name&quot;:&quot;Delicius&quot;,&quot;count&quot;:&quot;1&quot;,&quot;className&quot;:&quot;&quot;},{&quot;url&quot;:&quot;http://shop.coles.com.au/online/SearchDisplay?searchTermScope=&amp;multiSearch=&amp;searchType=2&amp;maxPrice=&amp;showResultsPage=true&amp;langId=-1&amp;beginIndex=0&amp;sType=SimpleSearch&amp;metaData=&amp;browseView=true&amp;manufacturer=&amp;resultCatEntryType=&amp;catalogId=10576&amp;pageView=&amp;facet=mfName_ntk_cs%253ADelish&amp;minPrice=&amp;categoryId=25573&amp;storeId=10601&quot;,&quot;name&quot;:&quot;Delish&quot;,&quot;count&quot;:&quot;1&quot;,&quot;className&quot;:&quot;&quot;},{&quot;url&quot;:&quot;http://shop.coles.com.au/online/SearchDisplay?searchTermScope=&amp;multiSearch=&amp;searchType=2&amp;maxPrice=&amp;showResultsPage=true&amp;langId=-1&amp;beginIndex=0&amp;sType=SimpleSearch&amp;metaData=&amp;browseView=true&amp;manufacturer=&amp;resultCatEntryType=&amp;catalogId=10576&amp;pageView=&amp;facet=mfName_ntk_cs%253ADelta&amp;minPrice=&amp;categoryId=25573&amp;storeId=10601&quot;,&quot;name&quot;:&quot;Delta&quot;,&quot;count&quot;:&quot;2&quot;,&quot;className&quot;:&quot;&quot;},{&quot;url&quot;:&quot;http://shop.coles.com.au/online/SearchDisplay?searchTermScope=&amp;multiSearch=&amp;searchType=2&amp;maxPrice=&amp;showResultsPage=true&amp;langId=-1&amp;beginIndex=0&amp;sType=SimpleSearch&amp;metaData=&amp;browseView=true&amp;manufacturer=&amp;resultCatEntryType=&amp;catalogId=10576&amp;pageView=&amp;facet=mfName_ntk_cs%253ADevondale&amp;minPrice=&amp;categoryId=25573&amp;storeId=10601&quot;,&quot;name&quot;:&quot;Devondale&quot;,&quot;count&quot;:&quot;4&quot;,&quot;className&quot;:&quot;&quot;},{&quot;url&quot;:&quot;http://shop.coles.com.au/online/SearchDisplay?searchTermScope=&amp;multiSearch=&amp;searchType=2&amp;maxPrice=&amp;showResultsPage=true&amp;langId=-1&amp;beginIndex=0&amp;sType=SimpleSearch&amp;metaData=&amp;browseView=true&amp;manufacturer=&amp;resultCatEntryType=&amp;catalogId=10576&amp;pageView=&amp;facet=mfName_ntk_cs%253ADick%2BSmith&amp;minPrice=&amp;categoryId=25573&amp;storeId=10601&quot;,&quot;name&quot;:&quot;Dick Smith&quot;,&quot;count&quot;:&quot;8&quot;,&quot;className&quot;:&quot;&quot;},{&quot;url&quot;:&quot;http://shop.coles.com.au/online/SearchDisplay?searchTermScope=&amp;multiSearch=&amp;searchType=2&amp;maxPrice=&amp;showResultsPage=true&amp;langId=-1&amp;beginIndex=0&amp;sType=SimpleSearch&amp;metaData=&amp;browseView=true&amp;manufacturer=&amp;resultCatEntryType=&amp;catalogId=10576&amp;pageView=&amp;facet=mfName_ntk_cs%253ADiet%2BRite&amp;minPrice=&amp;categoryId=25573&amp;storeId=10601&quot;,&quot;name&quot;:&quot;Diet Rite&quot;,&quot;count&quot;:&quot;1&quot;,&quot;className&quot;:&quot;&quot;},{&quot;url&quot;:&quot;http://shop.coles.com.au/online/SearchDisplay?searchTermScope=&amp;multiSearch=&amp;searchType=2&amp;maxPrice=&amp;showResultsPage=true&amp;langId=-1&amp;beginIndex=0&amp;sType=SimpleSearch&amp;metaData=&amp;browseView=true&amp;manufacturer=&amp;resultCatEntryType=&amp;catalogId=10576&amp;pageView=&amp;facet=mfName_ntk_cs%253ADilmah&amp;minPrice=&amp;categoryId=25573&amp;storeId=10601&quot;,&quot;name&quot;:&quot;Dilmah&quot;,&quot;count&quot;:&quot;17&quot;,&quot;className&quot;:&quot;&quot;},{&quot;url&quot;:&quot;http://shop.coles.com.au/online/SearchDisplay?searchTermScope=&amp;multiSearch=&amp;searchType=2&amp;maxPrice=&amp;showResultsPage=true&amp;langId=-1&amp;beginIndex=0&amp;sType=SimpleSearch&amp;metaData=&amp;browseView=true&amp;manufacturer=&amp;resultCatEntryType=&amp;catalogId=10576&amp;pageView=&amp;facet=mfName_ntk_cs%253ADivella&amp;minPrice=&amp;categoryId=25573&amp;storeId=10601&quot;,&quot;name&quot;:&quot;Divella&quot;,&quot;count&quot;:&quot;3&quot;,&quot;className&quot;:&quot;&quot;},{&quot;url&quot;:&quot;http://shop.coles.com.au/online/SearchDisplay?searchTermScope=&amp;multiSearch=&amp;searchType=2&amp;maxPrice=&amp;showResultsPage=true&amp;langId=-1&amp;beginIndex=0&amp;sType=SimpleSearch&amp;metaData=&amp;browseView=true&amp;manufacturer=&amp;resultCatEntryType=&amp;catalogId=10576&amp;pageView=&amp;facet=mfName_ntk_cs%253ADogadan&amp;minPrice=&amp;categoryId=25573&amp;storeId=10601&quot;,&quot;name&quot;:&quot;Dogadan&quot;,&quot;count&quot;:&quot;3&quot;,&quot;className&quot;:&quot;&quot;},{&quot;url&quot;:&quot;http://shop.coles.com.au/online/SearchDisplay?searchTermScope=&amp;multiSearch=&amp;searchType=2&amp;maxPrice=&amp;showResultsPage=true&amp;langId=-1&amp;beginIndex=0&amp;sType=SimpleSearch&amp;metaData=&amp;browseView=true&amp;manufacturer=&amp;resultCatEntryType=&amp;catalogId=10576&amp;pageView=&amp;facet=mfName_ntk_cs%253ADolce%2BGusto&amp;minPrice=&amp;categoryId=25573&amp;storeId=10601&quot;,&quot;name&quot;:&quot;Dolce Gusto&quot;,&quot;count&quot;:&quot;1&quot;,&quot;className&quot;:&quot;&quot;},{&quot;url&quot;:&quot;http://shop.coles.com.au/online/SearchDisplay?searchTermScope=&amp;multiSearch=&amp;searchType=2&amp;maxPrice=&amp;showResultsPage=true&amp;langId=-1&amp;beginIndex=0&amp;sType=SimpleSearch&amp;metaData=&amp;browseView=true&amp;manufacturer=&amp;resultCatEntryType=&amp;catalogId=10576&amp;pageView=&amp;facet=mfName_ntk_cs%253ADole&amp;minPrice=&amp;categoryId=25573&amp;storeId=10601&quot;,&quot;name&quot;:&quot;Dole&quot;,&quot;count&quot;:&quot;4&quot;,&quot;className&quot;:&quot;&quot;},{&quot;url&quot;:&quot;http://shop.coles.com.au/online/SearchDisplay?searchTermScope=&amp;multiSearch=&amp;searchType=2&amp;maxPrice=&amp;showResultsPage=true&amp;langId=-1&amp;beginIndex=0&amp;sType=SimpleSearch&amp;metaData=&amp;browseView=true&amp;manufacturer=&amp;resultCatEntryType=&amp;catalogId=10576&amp;pageView=&amp;facet=mfName_ntk_cs%253ADollar%2BSweets&amp;minPrice=&amp;categoryId=25573&amp;storeId=10601&quot;,&quot;name&quot;:&quot;Dollar Sweets&quot;,&quot;count&quot;:&quot;3&quot;,&quot;className&quot;:&quot;&quot;},{&quot;url&quot;:&quot;http://shop.coles.com.au/online/SearchDisplay?searchTermScope=&amp;multiSearch=&amp;searchType=2&amp;maxPrice=&amp;showResultsPage=true&amp;langId=-1&amp;beginIndex=0&amp;sType=SimpleSearch&amp;metaData=&amp;browseView=true&amp;manufacturer=&amp;resultCatEntryType=&amp;catalogId=10576&amp;pageView=&amp;facet=mfName_ntk_cs%253ADolmio&amp;minPrice=&amp;categoryId=25573&amp;storeId=10601&quot;,&quot;name&quot;:&quot;Dolmio&quot;,&quot;count&quot;:&quot;33&quot;,&quot;className&quot;:&quot;&quot;},{&quot;url&quot;:&quot;http://shop.coles.com.au/online/SearchDisplay?searchTermScope=&amp;multiSearch=&amp;searchType=2&amp;maxPrice=&amp;showResultsPage=true&amp;langId=-1&amp;beginIndex=0&amp;sType=SimpleSearch&amp;metaData=&amp;browseView=true&amp;manufacturer=&amp;resultCatEntryType=&amp;catalogId=10576&amp;pageView=&amp;facet=mfName_ntk_cs%253ADolmio%2BAustralian%2BGrown&amp;minPrice=&amp;categoryId=25573&amp;storeId=10601&quot;,&quot;name&quot;:&quot;Dolmio Australian Grown&quot;,&quot;count&quot;:&quot;3&quot;,&quot;className&quot;:&quot;&quot;},{&quot;url&quot;:&quot;http://shop.coles.com.au/online/SearchDisplay?searchTermScope=&amp;multiSearch=&amp;searchType=2&amp;maxPrice=&amp;showResultsPage=true&amp;langId=-1&amp;beginIndex=0&amp;sType=SimpleSearch&amp;metaData=&amp;browseView=true&amp;manufacturer=&amp;resultCatEntryType=&amp;catalogId=10576&amp;pageView=&amp;facet=mfName_ntk_cs%253ADonna%2BHay&amp;minPrice=&amp;categoryId=25573&amp;storeId=10601&quot;,&quot;name&quot;:&quot;Donna Hay&quot;,&quot;count&quot;:&quot;2&quot;,&quot;className&quot;:&quot;&quot;},{&quot;url&quot;:&quot;http://shop.coles.com.au/online/SearchDisplay?searchTermScope=&amp;multiSearch=&amp;searchType=2&amp;maxPrice=&amp;showResultsPage=true&amp;langId=-1&amp;beginIndex=0&amp;sType=SimpleSearch&amp;metaData=&amp;browseView=true&amp;manufacturer=&amp;resultCatEntryType=&amp;catalogId=10576&amp;pageView=&amp;facet=mfName_ntk_cs%253ADoritos&amp;minPrice=&amp;categoryId=25573&amp;storeId=10601&quot;,&quot;name&quot;:&quot;Doritos&quot;,&quot;count&quot;:&quot;9&quot;,&quot;className&quot;:&quot;&quot;},{&quot;url&quot;:&quot;http://shop.coles.com.au/online/SearchDisplay?searchTermScope=&amp;multiSearch=&amp;searchType=2&amp;maxPrice=&amp;showResultsPage=true&amp;langId=-1&amp;beginIndex=0&amp;sType=SimpleSearch&amp;metaData=&amp;browseView=true&amp;manufacturer=&amp;resultCatEntryType=&amp;catalogId=10576&amp;pageView=&amp;facet=mfName_ntk_cs%253ADouble%2BPhoenix&amp;minPrice=&amp;categoryId=25573&amp;storeId=10601&quot;,&quot;name&quot;:&quot;Double Phoenix&quot;,&quot;count&quot;:&quot;3&quot;,&quot;className&quot;:&quot;&quot;},{&quot;url&quot;:&quot;http://shop.coles.com.au/online/SearchDisplay?searchTermScope=&amp;multiSearch=&amp;searchType=2&amp;maxPrice=&amp;showResultsPage=true&amp;langId=-1&amp;beginIndex=0&amp;sType=SimpleSearch&amp;metaData=&amp;browseView=true&amp;manufacturer=&amp;resultCatEntryType=&amp;catalogId=10576&amp;pageView=&amp;facet=mfName_ntk_cs%253ADr%2BMcDougall%2527s&amp;minPrice=&amp;categoryId=25573&amp;storeId=10601&quot;,&quot;name&quot;:&quot;Dr McDougall's&quot;,&quot;count&quot;:&quot;2&quot;,&quot;className&quot;:&quot;&quot;},{&quot;url&quot;:&quot;http://shop.coles.com.au/online/SearchDisplay?searchTermScope=&amp;multiSearch=&amp;searchType=2&amp;maxPrice=&amp;showResultsPage=true&amp;langId=-1&amp;beginIndex=0&amp;sType=SimpleSearch&amp;metaData=&amp;browseView=true&amp;manufacturer=&amp;resultCatEntryType=&amp;catalogId=10576&amp;pageView=&amp;facet=mfName_ntk_cs%253ADr%2BOlivee&amp;minPrice=&amp;categoryId=25573&amp;storeId=10601&quot;,&quot;name&quot;:&quot;Dr Olivee&quot;,&quot;count&quot;:&quot;3&quot;,&quot;className&quot;:&quot;&quot;},{&quot;url&quot;:&quot;http://shop.coles.com.au/online/SearchDisplay?searchTermScope=&amp;multiSearch=&amp;searchType=2&amp;maxPrice=&amp;showResultsPage=true&amp;langId=-1&amp;beginIndex=0&amp;sType=SimpleSearch&amp;metaData=&amp;browseView=true&amp;manufacturer=&amp;resultCatEntryType=&amp;catalogId=10576&amp;pageView=&amp;facet=mfName_ntk_cs%253ADr%2BSchar&amp;minPrice=&amp;categoryId=25573&amp;storeId=10601&quot;,&quot;name&quot;:&quot;Dr Schar&quot;,&quot;count&quot;:&quot;6&quot;,&quot;className&quot;:&quot;&quot;},{&quot;url&quot;:&quot;http://shop.coles.com.au/online/SearchDisplay?searchTermScope=&amp;multiSearch=&amp;searchType=2&amp;maxPrice=&amp;showResultsPage=true&amp;langId=-1&amp;beginIndex=0&amp;sType=SimpleSearch&amp;metaData=&amp;browseView=true&amp;manufacturer=&amp;resultCatEntryType=&amp;catalogId=10576&amp;pageView=&amp;facet=mfName_ntk_cs%253ADr%2BStuart%2527s&amp;minPrice=&amp;categoryId=25573&amp;storeId=10601&quot;,&quot;name&quot;:&quot;Dr Stuart's&quot;,&quot;count&quot;:&quot;4&quot;,&quot;className&quot;:&quot;&quot;},{&quot;url&quot;:&quot;http://shop.coles.com.au/online/SearchDisplay?searchTermScope=&amp;multiSearch=&amp;searchType=2&amp;maxPrice=&amp;showResultsPage=true&amp;langId=-1&amp;beginIndex=0&amp;sType=SimpleSearch&amp;metaData=&amp;browseView=true&amp;manufacturer=&amp;resultCatEntryType=&amp;catalogId=10576&amp;pageView=&amp;facet=mfName_ntk_cs%253ADragon%2B%2526%2BPhoenix&amp;minPrice=&amp;categoryId=25573&amp;storeId=10601&quot;,&quot;name&quot;:&quot;Dragon &amp; Phoenix&quot;,&quot;count&quot;:&quot;2&quot;,&quot;className&quot;:&quot;&quot;},{&quot;url&quot;:&quot;http://shop.coles.com.au/online/SearchDisplay?searchTermScope=&amp;multiSearch=&amp;searchType=2&amp;maxPrice=&amp;showResultsPage=true&amp;langId=-1&amp;beginIndex=0&amp;sType=SimpleSearch&amp;metaData=&amp;browseView=true&amp;manufacturer=&amp;resultCatEntryType=&amp;catalogId=10576&amp;pageView=&amp;facet=mfName_ntk_cs%253ADucks&amp;minPrice=&amp;categoryId=25573&amp;storeId=10601&quot;,&quot;name&quot;:&quot;Ducks&quot;,&quot;count&quot;:&quot;3&quot;,&quot;className&quot;:&quot;&quot;},{&quot;url&quot;:&quot;http://shop.coles.com.au/online/SearchDisplay?searchTermScope=&amp;multiSearch=&amp;searchType=2&amp;maxPrice=&amp;showResultsPage=true&amp;langId=-1&amp;beginIndex=0&amp;sType=SimpleSearch&amp;metaData=&amp;browseView=true&amp;manufacturer=&amp;resultCatEntryType=&amp;catalogId=10576&amp;pageView=&amp;facet=mfName_ntk_cs%253ADurra&amp;minPrice=&amp;categoryId=25573&amp;storeId=10601&quot;,&quot;name&quot;:&quot;Durra&quot;,&quot;count&quot;:&quot;2&quot;,&quot;className&quot;:&quot;&quot;},{&quot;url&quot;:&quot;http://shop.coles.com.au/online/SearchDisplay?searchTermScope=&amp;multiSearch=&amp;searchType=2&amp;maxPrice=&amp;showResultsPage=true&amp;langId=-1&amp;beginIndex=0&amp;sType=SimpleSearch&amp;metaData=&amp;browseView=true&amp;manufacturer=&amp;resultCatEntryType=&amp;catalogId=10576&amp;pageView=&amp;facet=mfName_ntk_cs%253AETA&amp;minPrice=&amp;categoryId=25573&amp;storeId=10601&quot;,&quot;name&quot;:&quot;ETA&quot;,&quot;count&quot;:&quot;1&quot;,&quot;className&quot;:&quot;&quot;},{&quot;url&quot;:&quot;http://shop.coles.com.au/online/SearchDisplay?searchTermScope=&amp;multiSearch=&amp;searchType=2&amp;maxPrice=&amp;showResultsPage=true&amp;langId=-1&amp;beginIndex=0&amp;sType=SimpleSearch&amp;metaData=&amp;browseView=true&amp;manufacturer=&amp;resultCatEntryType=&amp;catalogId=10576&amp;pageView=&amp;facet=mfName_ntk_cs%253AEatrite&amp;minPrice=&amp;categoryId=25573&amp;storeId=10601&quot;,&quot;name&quot;:&quot;Eatrite&quot;,&quot;count&quot;:&quot;2&quot;,&quot;className&quot;:&quot;&quot;},{&quot;url&quot;:&quot;http://shop.coles.com.au/online/SearchDisplay?searchTermScope=&amp;multiSearch=&amp;searchType=2&amp;maxPrice=&amp;showResultsPage=true&amp;langId=-1&amp;beginIndex=0&amp;sType=SimpleSearch&amp;metaData=&amp;browseView=true&amp;manufacturer=&amp;resultCatEntryType=&amp;catalogId=10576&amp;pageView=&amp;facet=mfName_ntk_cs%253AEcco&amp;minPrice=&amp;categoryId=25573&amp;storeId=10601&quot;,&quot;name&quot;:&quot;Ecco&quot;,&quot;count&quot;:&quot;1&quot;,&quot;className&quot;:&quot;&quot;},{&quot;url&quot;:&quot;http://shop.coles.com.au/online/SearchDisplay?searchTermScope=&amp;multiSearch=&amp;searchType=2&amp;maxPrice=&amp;showResultsPage=true&amp;langId=-1&amp;beginIndex=0&amp;sType=SimpleSearch&amp;metaData=&amp;browseView=true&amp;manufacturer=&amp;resultCatEntryType=&amp;catalogId=10576&amp;pageView=&amp;facet=mfName_ntk_cs%253AEdens&amp;minPrice=&amp;categoryId=25573&amp;storeId=10601&quot;,&quot;name&quot;:&quot;Edens&quot;,&quot;count&quot;:&quot;1&quot;,&quot;className&quot;:&quot;&quot;},{&quot;url&quot;:&quot;http://shop.coles.com.au/online/SearchDisplay?searchTermScope=&amp;multiSearch=&amp;searchType=2&amp;maxPrice=&amp;showResultsPage=true&amp;langId=-1&amp;beginIndex=0&amp;sType=SimpleSearch&amp;metaData=&amp;browseView=true&amp;manufacturer=&amp;resultCatEntryType=&amp;catalogId=10576&amp;pageView=&amp;facet=mfName_ntk_cs%253AEdgell&amp;minPrice=&amp;categoryId=25573&amp;storeId=10601&quot;,&quot;name&quot;:&quot;Edgell&quot;,&quot;count&quot;:&quot;48&quot;,&quot;className&quot;:&quot;&quot;},{&quot;url&quot;:&quot;http://shop.coles.com.au/online/SearchDisplay?searchTermScope=&amp;multiSearch=&amp;searchType=2&amp;maxPrice=&amp;showResultsPage=true&amp;langId=-1&amp;beginIndex=0&amp;sType=SimpleSearch&amp;metaData=&amp;browseView=true&amp;manufacturer=&amp;resultCatEntryType=&amp;catalogId=10576&amp;pageView=&amp;facet=mfName_ntk_cs%253AElementi&amp;minPrice=&amp;categoryId=25573&amp;storeId=10601&quot;,&quot;name&quot;:&quot;Elementi&quot;,&quot;count&quot;:&quot;2&quot;,&quot;className&quot;:&quot;&quot;},{&quot;url&quot;:&quot;http://shop.coles.com.au/online/SearchDisplay?searchTermScope=&amp;multiSearch=&amp;searchType=2&amp;maxPrice=&amp;showResultsPage=true&amp;langId=-1&amp;beginIndex=0&amp;sType=SimpleSearch&amp;metaData=&amp;browseView=true&amp;manufacturer=&amp;resultCatEntryType=&amp;catalogId=10576&amp;pageView=&amp;facet=mfName_ntk_cs%253AEqual&amp;minPrice=&amp;categoryId=25573&amp;storeId=10601&quot;,&quot;name&quot;:&quot;Equal&quot;,&quot;count&quot;:&quot;8&quot;,&quot;className&quot;:&quot;&quot;},{&quot;url&quot;:&quot;http://shop.coles.com.au/online/SearchDisplay?searchTermScope=&amp;multiSearch=&amp;searchType=2&amp;maxPrice=&amp;showResultsPage=true&amp;langId=-1&amp;beginIndex=0&amp;sType=SimpleSearch&amp;metaData=&amp;browseView=true&amp;manufacturer=&amp;resultCatEntryType=&amp;catalogId=10576&amp;pageView=&amp;facet=mfName_ntk_cs%253AErawan&amp;minPrice=&amp;categoryId=25573&amp;storeId=10601&quot;,&quot;name&quot;:&quot;Erawan&quot;,&quot;count&quot;:&quot;3&quot;,&quot;className&quot;:&quot;&quot;},{&quot;url&quot;:&quot;http://shop.coles.com.au/online/SearchDisplay?searchTermScope=&amp;multiSearch=&amp;searchType=2&amp;maxPrice=&amp;showResultsPage=true&amp;langId=-1&amp;beginIndex=0&amp;sType=SimpleSearch&amp;metaData=&amp;browseView=true&amp;manufacturer=&amp;resultCatEntryType=&amp;catalogId=10576&amp;pageView=&amp;facet=mfName_ntk_cs%253AEscuris&amp;minPrice=&amp;categoryId=25573&amp;storeId=10601&quot;,&quot;name&quot;:&quot;Escuris&quot;,&quot;count&quot;:&quot;1&quot;,&quot;className&quot;:&quot;&quot;},{&quot;url&quot;:&quot;http://shop.coles.com.au/online/SearchDisplay?searchTermScope=&amp;multiSearch=&amp;searchType=2&amp;maxPrice=&amp;showResultsPage=true&amp;langId=-1&amp;beginIndex=0&amp;sType=SimpleSearch&amp;metaData=&amp;browseView=true&amp;manufacturer=&amp;resultCatEntryType=&amp;catalogId=10576&amp;pageView=&amp;facet=mfName_ntk_cs%253AEskal&amp;minPrice=&amp;categoryId=25573&amp;storeId=10601&quot;,&quot;name&quot;:&quot;Eskal&quot;,&quot;count&quot;:&quot;6&quot;,&quot;className&quot;:&quot;&quot;},{&quot;url&quot;:&quot;http://shop.coles.com.au/online/SearchDisplay?searchTermScope=&amp;multiSearch=&amp;searchType=2&amp;maxPrice=&amp;showResultsPage=true&amp;langId=-1&amp;beginIndex=0&amp;sType=SimpleSearch&amp;metaData=&amp;browseView=true&amp;manufacturer=&amp;resultCatEntryType=&amp;catalogId=10576&amp;pageView=&amp;facet=mfName_ntk_cs%253AEspressotoria&amp;minPrice=&amp;categoryId=25573&amp;storeId=10601&quot;,&quot;name&quot;:&quot;Espressotoria&quot;,&quot;count&quot;:&quot;8&quot;,&quot;className&quot;:&quot;&quot;},{&quot;url&quot;:&quot;http://shop.coles.com.au/online/SearchDisplay?searchTermScope=&amp;multiSearch=&amp;searchType=2&amp;maxPrice=&amp;showResultsPage=true&amp;langId=-1&amp;beginIndex=0&amp;sType=SimpleSearch&amp;metaData=&amp;browseView=true&amp;manufacturer=&amp;resultCatEntryType=&amp;catalogId=10576&amp;pageView=&amp;facet=mfName_ntk_cs%253AEti&amp;minPrice=&amp;categoryId=25573&amp;storeId=10601&quot;,&quot;name&quot;:&quot;Eti&quot;,&quot;count&quot;:&quot;1&quot;,&quot;className&quot;:&quot;&quot;},{&quot;url&quot;:&quot;http://shop.coles.com.au/online/SearchDisplay?searchTermScope=&amp;multiSearch=&amp;searchType=2&amp;maxPrice=&amp;showResultsPage=true&amp;langId=-1&amp;beginIndex=0&amp;sType=SimpleSearch&amp;metaData=&amp;browseView=true&amp;manufacturer=&amp;resultCatEntryType=&amp;catalogId=10576&amp;pageView=&amp;facet=mfName_ntk_cs%253AEurope&amp;minPrice=&amp;categoryId=25573&amp;storeId=10601&quot;,&quot;name&quot;:&quot;Europe&quot;,&quot;count&quot;:&quot;3&quot;,&quot;className&quot;:&quot;&quot;},{&quot;url&quot;:&quot;http://shop.coles.com.au/online/SearchDisplay?searchTermScope=&amp;multiSearch=&amp;searchType=2&amp;maxPrice=&amp;showResultsPage=true&amp;langId=-1&amp;beginIndex=0&amp;sType=SimpleSearch&amp;metaData=&amp;browseView=true&amp;manufacturer=&amp;resultCatEntryType=&amp;catalogId=10576&amp;pageView=&amp;facet=mfName_ntk_cs%253AFaVa%2BNuts&amp;minPrice=&amp;categoryId=25573&amp;storeId=10601&quot;,&quot;name&quot;:&quot;FaVa Nuts&quot;,&quot;count&quot;:&quot;1&quot;,&quot;className&quot;:&quot;&quot;},{&quot;url&quot;:&quot;http://shop.coles.com.au/online/SearchDisplay?searchTermScope=&amp;multiSearch=&amp;searchType=2&amp;maxPrice=&amp;showResultsPage=true&amp;langId=-1&amp;beginIndex=0&amp;sType=SimpleSearch&amp;metaData=&amp;browseView=true&amp;manufacturer=&amp;resultCatEntryType=&amp;catalogId=10576&amp;pageView=&amp;facet=mfName_ntk_cs%253AFantastic&amp;minPrice=&amp;categoryId=25573&amp;storeId=10601&quot;,&quot;name&quot;:&quot;Fantastic&quot;,&quot;count&quot;:&quot;36&quot;,&quot;className&quot;:&quot;&quot;},{&quot;url&quot;:&quot;http://shop.coles.com.au/online/SearchDisplay?searchTermScope=&amp;multiSearch=&amp;searchType=2&amp;maxPrice=&amp;showResultsPage=true&amp;langId=-1&amp;beginIndex=0&amp;sType=SimpleSearch&amp;metaData=&amp;browseView=true&amp;manufacturer=&amp;resultCatEntryType=&amp;catalogId=10576&amp;pageView=&amp;facet=mfName_ntk_cs%253AFarm%2BPride&amp;minPrice=&amp;categoryId=25573&amp;storeId=10601&quot;,&quot;name&quot;:&quot;Farm Pride&quot;,&quot;count&quot;:&quot;1&quot;,&quot;className&quot;:&quot;&quot;},{&quot;url&quot;:&quot;http://shop.coles.com.au/online/SearchDisplay?searchTermScope=&amp;multiSearch=&amp;searchType=2&amp;maxPrice=&amp;showResultsPage=true&amp;langId=-1&amp;beginIndex=0&amp;sType=SimpleSearch&amp;metaData=&amp;browseView=true&amp;manufacturer=&amp;resultCatEntryType=&amp;catalogId=10576&amp;pageView=&amp;facet=mfName_ntk_cs%253AFehlbergs&amp;minPrice=&amp;categoryId=25573&amp;storeId=10601&quot;,&quot;name&quot;:&quot;Fehlbergs&quot;,&quot;count&quot;:&quot;2&quot;,&quot;className&quot;:&quot;&quot;},{&quot;url&quot;:&quot;http://shop.coles.com.au/online/SearchDisplay?searchTermScope=&amp;multiSearch=&amp;searchType=2&amp;maxPrice=&amp;showResultsPage=true&amp;langId=-1&amp;beginIndex=0&amp;sType=SimpleSearch&amp;metaData=&amp;browseView=true&amp;manufacturer=&amp;resultCatEntryType=&amp;catalogId=10576&amp;pageView=&amp;facet=mfName_ntk_cs%253AFerrero&amp;minPrice=&amp;categoryId=25573&amp;storeId=10601&quot;,&quot;name&quot;:&quot;Ferrero&quot;,&quot;count&quot;:&quot;6&quot;,&quot;className&quot;:&quot;&quot;},{&quot;url&quot;:&quot;http://shop.coles.com.au/online/SearchDisplay?searchTermScope=&amp;multiSearch=&amp;searchType=2&amp;maxPrice=&amp;showResultsPage=true&amp;langId=-1&amp;beginIndex=0&amp;sType=SimpleSearch&amp;metaData=&amp;browseView=true&amp;manufacturer=&amp;resultCatEntryType=&amp;catalogId=10576&amp;pageView=&amp;facet=mfName_ntk_cs%253AFino&amp;minPrice=&amp;categoryId=25573&amp;storeId=10601&quot;,&quot;name&quot;:&quot;Fino&quot;,&quot;count&quot;:&quot;1&quot;,&quot;className&quot;:&quot;&quot;},{&quot;url&quot;:&quot;http://shop.coles.com.au/online/SearchDisplay?searchTermScope=&amp;multiSearch=&amp;searchType=2&amp;maxPrice=&amp;showResultsPage=true&amp;langId=-1&amp;beginIndex=0&amp;sType=SimpleSearch&amp;metaData=&amp;browseView=true&amp;manufacturer=&amp;resultCatEntryType=&amp;catalogId=10576&amp;pageView=&amp;facet=mfName_ntk_cs%253AFishermans%2BFriend&amp;minPrice=&amp;categoryId=25573&amp;storeId=10601&quot;,&quot;name&quot;:&quot;Fishermans Friend&quot;,&quot;count&quot;:&quot;3&quot;,&quot;className&quot;:&quot;&quot;},{&quot;url&quot;:&quot;http://shop.coles.com.au/online/SearchDisplay?searchTermScope=&amp;multiSearch=&amp;searchType=2&amp;maxPrice=&amp;showResultsPage=true&amp;langId=-1&amp;beginIndex=0&amp;sType=SimpleSearch&amp;metaData=&amp;browseView=true&amp;manufacturer=&amp;resultCatEntryType=&amp;catalogId=10576&amp;pageView=&amp;facet=mfName_ntk_cs%253AFive%2BBrothers&amp;minPrice=&amp;categoryId=25573&amp;storeId=10601&quot;,&quot;name&quot;:&quot;Five Brothers&quot;,&quot;count&quot;:&quot;10&quot;,&quot;className&quot;:&quot;&quot;},{&quot;url&quot;:&quot;http://shop.coles.com.au/online/SearchDisplay?searchTermScope=&amp;multiSearch=&amp;searchType=2&amp;maxPrice=&amp;showResultsPage=true&amp;langId=-1&amp;beginIndex=0&amp;sType=SimpleSearch&amp;metaData=&amp;browseView=true&amp;manufacturer=&amp;resultCatEntryType=&amp;catalogId=10576&amp;pageView=&amp;facet=mfName_ntk_cs%253AFive%2BTastes&amp;minPrice=&amp;categoryId=25573&amp;storeId=10601&quot;,&quot;name&quot;:&quot;Five Tastes&quot;,&quot;count&quot;:&quot;7&quot;,&quot;className&quot;:&quot;&quot;},{&quot;url&quot;:&quot;http://shop.coles.com.au/online/SearchDisplay?searchTermScope=&amp;multiSearch=&amp;searchType=2&amp;maxPrice=&amp;showResultsPage=true&amp;langId=-1&amp;beginIndex=0&amp;sType=SimpleSearch&amp;metaData=&amp;browseView=true&amp;manufacturer=&amp;resultCatEntryType=&amp;catalogId=10576&amp;pageView=&amp;facet=mfName_ntk_cs%253AFive%253AAM&amp;minPrice=&amp;categoryId=25573&amp;storeId=10601&quot;,&quot;name&quot;:&quot;Five:AM&quot;,&quot;count&quot;:&quot;2&quot;,&quot;className&quot;:&quot;&quot;},{&quot;url&quot;:&quot;http://shop.coles.com.au/online/SearchDisplay?searchTermScope=&amp;multiSearch=&amp;searchType=2&amp;maxPrice=&amp;showResultsPage=true&amp;langId=-1&amp;beginIndex=0&amp;sType=SimpleSearch&amp;metaData=&amp;browseView=true&amp;manufacturer=&amp;resultCatEntryType=&amp;catalogId=10576&amp;pageView=&amp;facet=mfName_ntk_cs%253AFlavour%2BEscapes&amp;minPrice=&amp;categoryId=25573&amp;storeId=10601&quot;,&quot;name&quot;:&quot;Flavour Escapes&quot;,&quot;count&quot;:&quot;4&quot;,&quot;className&quot;:&quot;&quot;},{&quot;url&quot;:&quot;http://shop.coles.com.au/online/SearchDisplay?searchTermScope=&amp;multiSearch=&amp;searchType=2&amp;maxPrice=&amp;showResultsPage=true&amp;langId=-1&amp;beginIndex=0&amp;sType=SimpleSearch&amp;metaData=&amp;browseView=true&amp;manufacturer=&amp;resultCatEntryType=&amp;catalogId=10576&amp;pageView=&amp;facet=mfName_ntk_cs%253AFlax%2BFarms&amp;minPrice=&amp;categoryId=25573&amp;storeId=10601&quot;,&quot;name&quot;:&quot;Flax Farms&quot;,&quot;count&quot;:&quot;2&quot;,&quot;className&quot;:&quot;&quot;},{&quot;url&quot;:&quot;http://shop.coles.com.au/online/SearchDisplay?searchTermScope=&amp;multiSearch=&amp;searchType=2&amp;maxPrice=&amp;showResultsPage=true&amp;langId=-1&amp;beginIndex=0&amp;sType=SimpleSearch&amp;metaData=&amp;browseView=true&amp;manufacturer=&amp;resultCatEntryType=&amp;catalogId=10576&amp;pageView=&amp;facet=mfName_ntk_cs%253AFletchers&amp;minPrice=&amp;categoryId=25573&amp;storeId=10601&quot;,&quot;name&quot;:&quot;Fletchers&quot;,&quot;count&quot;:&quot;1&quot;,&quot;className&quot;:&quot;&quot;},{&quot;url&quot;:&quot;http://shop.coles.com.au/online/SearchDisplay?searchTermScope=&amp;multiSearch=&amp;searchType=2&amp;maxPrice=&amp;showResultsPage=true&amp;langId=-1&amp;beginIndex=0&amp;sType=SimpleSearch&amp;metaData=&amp;browseView=true&amp;manufacturer=&amp;resultCatEntryType=&amp;catalogId=10576&amp;pageView=&amp;facet=mfName_ntk_cs%253AFloridas%2BNatural&amp;minPrice=&amp;categoryId=25573&amp;storeId=10601&quot;,&quot;name&quot;:&quot;Floridas Natural&quot;,&quot;count&quot;:&quot;1&quot;,&quot;className&quot;:&quot;&quot;},{&quot;url&quot;:&quot;http://shop.coles.com.au/online/SearchDisplay?searchTermScope=&amp;multiSearch=&amp;searchType=2&amp;maxPrice=&amp;showResultsPage=true&amp;langId=-1&amp;beginIndex=0&amp;sType=SimpleSearch&amp;metaData=&amp;browseView=true&amp;manufacturer=&amp;resultCatEntryType=&amp;catalogId=10576&amp;pageView=&amp;facet=mfName_ntk_cs%253AFood%2BFor%2BHealth&amp;minPrice=&amp;categoryId=25573&amp;storeId=10601&quot;,&quot;name&quot;:&quot;Food For Health&quot;,&quot;count&quot;:&quot;6&quot;,&quot;className&quot;:&quot;&quot;},{&quot;url&quot;:&quot;http://shop.coles.com.au/online/SearchDisplay?searchTermScope=&amp;multiSearch=&amp;searchType=2&amp;maxPrice=&amp;showResultsPage=true&amp;langId=-1&amp;beginIndex=0&amp;sType=SimpleSearch&amp;metaData=&amp;browseView=true&amp;manufacturer=&amp;resultCatEntryType=&amp;catalogId=10576&amp;pageView=&amp;facet=mfName_ntk_cs%253AFood%2Bfor%2BHealth&amp;minPrice=&amp;categoryId=25573&amp;storeId=10601&quot;,&quot;name&quot;:&quot;Food for Health&quot;,&quot;count&quot;:&quot;1&quot;,&quot;className&quot;:&quot;&quot;},{&quot;url&quot;:&quot;http://shop.coles.com.au/online/SearchDisplay?searchTermScope=&amp;multiSearch=&amp;searchType=2&amp;maxPrice=&amp;showResultsPage=true&amp;langId=-1&amp;beginIndex=0&amp;sType=SimpleSearch&amp;metaData=&amp;browseView=true&amp;manufacturer=&amp;resultCatEntryType=&amp;catalogId=10576&amp;pageView=&amp;facet=mfName_ntk_cs%253AFortune&amp;minPrice=&amp;categoryId=25573&amp;storeId=10601&quot;,&quot;name&quot;:&quot;Fortune&quot;,&quot;count&quot;:&quot;2&quot;,&quot;className&quot;:&quot;&quot;},{&quot;url&quot;:&quot;http://shop.coles.com.au/online/SearchDisplay?searchTermScope=&amp;multiSearch=&amp;searchType=2&amp;maxPrice=&amp;showResultsPage=true&amp;langId=-1&amp;beginIndex=0&amp;sType=SimpleSearch&amp;metaData=&amp;browseView=true&amp;manufacturer=&amp;resultCatEntryType=&amp;catalogId=10576&amp;pageView=&amp;facet=mfName_ntk_cs%253AFoster%2BClark&amp;minPrice=&amp;categoryId=25573&amp;storeId=10601&quot;,&quot;name&quot;:&quot;Foster Clark&quot;,&quot;count&quot;:&quot;3&quot;,&quot;className&quot;:&quot;&quot;},{&quot;url&quot;:&quot;http://shop.coles.com.au/online/SearchDisplay?searchTermScope=&amp;multiSearch=&amp;searchType=2&amp;maxPrice=&amp;showResultsPage=true&amp;langId=-1&amp;beginIndex=0&amp;sType=SimpleSearch&amp;metaData=&amp;browseView=true&amp;manufacturer=&amp;resultCatEntryType=&amp;catalogId=10576&amp;pageView=&amp;facet=mfName_ntk_cs%253AFountain&amp;minPrice=&amp;categoryId=25573&amp;storeId=10601&quot;,&quot;name&quot;:&quot;Fountain&quot;,&quot;count&quot;:&quot;18&quot;,&quot;className&quot;:&quot;&quot;},{&quot;url&quot;:&quot;http://shop.coles.com.au/online/SearchDisplay?searchTermScope=&amp;multiSearch=&amp;searchType=2&amp;maxPrice=&amp;showResultsPage=true&amp;langId=-1&amp;beginIndex=0&amp;sType=SimpleSearch&amp;metaData=&amp;browseView=true&amp;manufacturer=&amp;resultCatEntryType=&amp;catalogId=10576&amp;pageView=&amp;facet=mfName_ntk_cs%253AFowlers&amp;minPrice=&amp;categoryId=25573&amp;storeId=10601&quot;,&quot;name&quot;:&quot;Fowlers&quot;,&quot;count&quot;:&quot;2&quot;,&quot;className&quot;:&quot;&quot;},{&quot;url&quot;:&quot;http://shop.coles.com.au/online/SearchDisplay?searchTermScope=&amp;multiSearch=&amp;searchType=2&amp;maxPrice=&amp;showResultsPage=true&amp;langId=-1&amp;beginIndex=0&amp;sType=SimpleSearch&amp;metaData=&amp;browseView=true&amp;manufacturer=&amp;resultCatEntryType=&amp;catalogId=10576&amp;pageView=&amp;facet=mfName_ntk_cs%253AFox%2527s&amp;minPrice=&amp;categoryId=25573&amp;storeId=10601&quot;,&quot;name&quot;:&quot;Fox's&quot;,&quot;count&quot;:&quot;2&quot;,&quot;className&quot;:&quot;&quot;},{&quot;url&quot;:&quot;http://shop.coles.com.au/online/SearchDisplay?searchTermScope=&amp;multiSearch=&amp;searchType=2&amp;maxPrice=&amp;showResultsPage=true&amp;langId=-1&amp;beginIndex=0&amp;sType=SimpleSearch&amp;metaData=&amp;browseView=true&amp;manufacturer=&amp;resultCatEntryType=&amp;catalogId=10576&amp;pageView=&amp;facet=mfName_ntk_cs%253AFray%2BBentos&amp;minPrice=&amp;categoryId=25573&amp;storeId=10601&quot;,&quot;name&quot;:&quot;Fray Bentos&quot;,&quot;count&quot;:&quot;1&quot;,&quot;className&quot;:&quot;&quot;},{&quot;url&quot;:&quot;http://shop.coles.com.au/online/SearchDisplay?searchTermScope=&amp;multiSearch=&amp;searchType=2&amp;maxPrice=&amp;showResultsPage=true&amp;langId=-1&amp;beginIndex=0&amp;sType=SimpleSearch&amp;metaData=&amp;browseView=true&amp;manufacturer=&amp;resultCatEntryType=&amp;catalogId=10576&amp;pageView=&amp;facet=mfName_ntk_cs%253AFreedom%2BFoods&amp;minPrice=&amp;categoryId=25573&amp;storeId=10601&quot;,&quot;name&quot;:&quot;Freedom Foods&quot;,&quot;count&quot;:&quot;28&quot;,&quot;className&quot;:&quot;&quot;},{&quot;url&quot;:&quot;http://shop.coles.com.au/online/SearchDisplay?searchTermScope=&amp;multiSearch=&amp;searchType=2&amp;maxPrice=&amp;showResultsPage=true&amp;langId=-1&amp;beginIndex=0&amp;sType=SimpleSearch&amp;metaData=&amp;browseView=true&amp;manufacturer=&amp;resultCatEntryType=&amp;catalogId=10576&amp;pageView=&amp;facet=mfName_ntk_cs%253AFreelicious&amp;minPrice=&amp;categoryId=25573&amp;storeId=10601&quot;,&quot;name&quot;:&quot;Freelicious&quot;,&quot;count&quot;:&quot;2&quot;,&quot;className&quot;:&quot;&quot;},{&quot;url&quot;:&quot;http://shop.coles.com.au/online/SearchDisplay?searchTermScope=&amp;multiSearch=&amp;searchType=2&amp;maxPrice=&amp;showResultsPage=true&amp;langId=-1&amp;beginIndex=0&amp;sType=SimpleSearch&amp;metaData=&amp;browseView=true&amp;manufacturer=&amp;resultCatEntryType=&amp;catalogId=10576&amp;pageView=&amp;facet=mfName_ntk_cs%253AFrench%2BFries&amp;minPrice=&amp;categoryId=25573&amp;storeId=10601&quot;,&quot;name&quot;:&quot;French Fries&quot;,&quot;count&quot;:&quot;3&quot;,&quot;className&quot;:&quot;&quot;},{&quot;url&quot;:&quot;http://shop.coles.com.au/online/SearchDisplay?searchTermScope=&amp;multiSearch=&amp;searchType=2&amp;maxPrice=&amp;showResultsPage=true&amp;langId=-1&amp;beginIndex=0&amp;sType=SimpleSearch&amp;metaData=&amp;browseView=true&amp;manufacturer=&amp;resultCatEntryType=&amp;catalogId=10576&amp;pageView=&amp;facet=mfName_ntk_cs%253AFrench%2527s&amp;minPrice=&amp;categoryId=25573&amp;storeId=10601&quot;,&quot;name&quot;:&quot;French's&quot;,&quot;count&quot;:&quot;1&quot;,&quot;className&quot;:&quot;&quot;},{&quot;url&quot;:&quot;http://shop.coles.com.au/online/SearchDisplay?searchTermScope=&amp;multiSearch=&amp;searchType=2&amp;maxPrice=&amp;showResultsPage=true&amp;langId=-1&amp;beginIndex=0&amp;sType=SimpleSearch&amp;metaData=&amp;browseView=true&amp;manufacturer=&amp;resultCatEntryType=&amp;catalogId=10576&amp;pageView=&amp;facet=mfName_ntk_cs%253AFreshlife&amp;minPrice=&amp;categoryId=25573&amp;storeId=10601&quot;,&quot;name&quot;:&quot;Freshlife&quot;,&quot;count&quot;:&quot;14&quot;,&quot;className&quot;:&quot;&quot;},{&quot;url&quot;:&quot;http://shop.coles.com.au/online/SearchDisplay?searchTermScope=&amp;multiSearch=&amp;searchType=2&amp;maxPrice=&amp;showResultsPage=true&amp;langId=-1&amp;beginIndex=0&amp;sType=SimpleSearch&amp;metaData=&amp;browseView=true&amp;manufacturer=&amp;resultCatEntryType=&amp;catalogId=10576&amp;pageView=&amp;facet=mfName_ntk_cs%253AFruit%2BFor%2BLife&amp;minPrice=&amp;categoryId=25573&amp;storeId=10601&quot;,&quot;name&quot;:&quot;Fruit For Life&quot;,&quot;count&quot;:&quot;6&quot;,&quot;className&quot;:&quot;&quot;},{&quot;url&quot;:&quot;http://shop.coles.com.au/online/SearchDisplay?searchTermScope=&amp;multiSearch=&amp;searchType=2&amp;maxPrice=&amp;showResultsPage=true&amp;langId=-1&amp;beginIndex=0&amp;sType=SimpleSearch&amp;metaData=&amp;browseView=true&amp;manufacturer=&amp;resultCatEntryType=&amp;catalogId=10576&amp;pageView=&amp;facet=mfName_ntk_cs%253AFruit%2BWise&amp;minPrice=&amp;categoryId=25573&amp;storeId=10601&quot;,&quot;name&quot;:&quot;Fruit Wise&quot;,&quot;count&quot;:&quot;1&quot;,&quot;className&quot;:&quot;&quot;},{&quot;url&quot;:&quot;http://shop.coles.com.au/online/SearchDisplay?searchTermScope=&amp;multiSearch=&amp;searchType=2&amp;maxPrice=&amp;showResultsPage=true&amp;langId=-1&amp;beginIndex=0&amp;sType=SimpleSearch&amp;metaData=&amp;browseView=true&amp;manufacturer=&amp;resultCatEntryType=&amp;catalogId=10576&amp;pageView=&amp;facet=mfName_ntk_cs%253AFrys&amp;minPrice=&amp;categoryId=25573&amp;storeId=10601&quot;,&quot;name&quot;:&quot;Frys&quot;,&quot;count&quot;:&quot;1&quot;,&quot;className&quot;:&quot;&quot;},{&quot;url&quot;:&quot;http://shop.coles.com.au/online/SearchDisplay?searchTermScope=&amp;multiSearch=&amp;searchType=2&amp;maxPrice=&amp;showResultsPage=true&amp;langId=-1&amp;beginIndex=0&amp;sType=SimpleSearch&amp;metaData=&amp;browseView=true&amp;manufacturer=&amp;resultCatEntryType=&amp;catalogId=10576&amp;pageView=&amp;facet=mfName_ntk_cs%253AFun%2BFoods%2B4%2BAll&amp;minPrice=&amp;categoryId=25573&amp;storeId=10601&quot;,&quot;name&quot;:&quot;Fun Foods 4 All&quot;,&quot;count&quot;:&quot;2&quot;,&quot;className&quot;:&quot;&quot;},{&quot;url&quot;:&quot;http://shop.coles.com.au/online/SearchDisplay?searchTermScope=&amp;multiSearch=&amp;searchType=2&amp;maxPrice=&amp;showResultsPage=true&amp;langId=-1&amp;beginIndex=0&amp;sType=SimpleSearch&amp;metaData=&amp;browseView=true&amp;manufacturer=&amp;resultCatEntryType=&amp;catalogId=10576&amp;pageView=&amp;facet=mfName_ntk_cs%253AFun%2BSticks&amp;minPrice=&amp;categoryId=25573&amp;storeId=10601&quot;,&quot;name&quot;:&quot;Fun Sticks&quot;,&quot;count&quot;:&quot;1&quot;,&quot;className&quot;:&quot;&quot;},{&quot;url&quot;:&quot;http://shop.coles.com.au/online/SearchDisplay?searchTermScope=&amp;multiSearch=&amp;searchType=2&amp;maxPrice=&amp;showResultsPage=true&amp;langId=-1&amp;beginIndex=0&amp;sType=SimpleSearch&amp;metaData=&amp;browseView=true&amp;manufacturer=&amp;resultCatEntryType=&amp;catalogId=10576&amp;pageView=&amp;facet=mfName_ntk_cs%253AFuntastic&amp;minPrice=&amp;categoryId=25573&amp;storeId=10601&quot;,&quot;name&quot;:&quot;Funtastic&quot;,&quot;count&quot;:&quot;2&quot;,&quot;className&quot;:&quot;&quot;},{&quot;url&quot;:&quot;http://shop.coles.com.au/online/SearchDisplay?searchTermScope=&amp;multiSearch=&amp;searchType=2&amp;maxPrice=&amp;showResultsPage=true&amp;langId=-1&amp;beginIndex=0&amp;sType=SimpleSearch&amp;metaData=&amp;browseView=true&amp;manufacturer=&amp;resultCatEntryType=&amp;catalogId=10576&amp;pageView=&amp;facet=mfName_ntk_cs%253AFyna&amp;minPrice=&amp;categoryId=25573&amp;storeId=10601&quot;,&quot;name&quot;:&quot;Fyna&quot;,&quot;count&quot;:&quot;2&quot;,&quot;className&quot;:&quot;&quot;},{&quot;url&quot;:&quot;http://shop.coles.com.au/online/SearchDisplay?searchTermScope=&amp;multiSearch=&amp;searchType=2&amp;maxPrice=&amp;showResultsPage=true&amp;langId=-1&amp;beginIndex=0&amp;sType=SimpleSearch&amp;metaData=&amp;browseView=true&amp;manufacturer=&amp;resultCatEntryType=&amp;catalogId=10576&amp;pageView=&amp;facet=mfName_ntk_cs%253AGalaxy&amp;minPrice=&amp;categoryId=25573&amp;storeId=10601&quot;,&quot;name&quot;:&quot;Galaxy&quot;,&quot;count&quot;:&quot;1&quot;,&quot;className&quot;:&quot;&quot;},{&quot;url&quot;:&quot;http://shop.coles.com.au/online/SearchDisplay?searchTermScope=&amp;multiSearch=&amp;searchType=2&amp;maxPrice=&amp;showResultsPage=true&amp;langId=-1&amp;beginIndex=0&amp;sType=SimpleSearch&amp;metaData=&amp;browseView=true&amp;manufacturer=&amp;resultCatEntryType=&amp;catalogId=10576&amp;pageView=&amp;facet=mfName_ntk_cs%253AGarden%2BFresh&amp;minPrice=&amp;categoryId=25573&amp;storeId=10601&quot;,&quot;name&quot;:&quot;Garden Fresh&quot;,&quot;count&quot;:&quot;3&quot;,&quot;className&quot;:&quot;&quot;},{&quot;url&quot;:&quot;http://shop.coles.com.au/online/SearchDisplay?searchTermScope=&amp;multiSearch=&amp;searchType=2&amp;maxPrice=&amp;showResultsPage=true&amp;langId=-1&amp;beginIndex=0&amp;sType=SimpleSearch&amp;metaData=&amp;browseView=true&amp;manufacturer=&amp;resultCatEntryType=&amp;catalogId=10576&amp;pageView=&amp;facet=mfName_ntk_cs%253AGarofalo&amp;minPrice=&amp;categoryId=25573&amp;storeId=10601&quot;,&quot;name&quot;:&quot;Garofalo&quot;,&quot;count&quot;:&quot;9&quot;,&quot;className&quot;:&quot;&quot;},{&quot;url&quot;:&quot;http://shop.coles.com.au/online/SearchDisplay?searchTermScope=&amp;multiSearch=&amp;searchType=2&amp;maxPrice=&amp;showResultsPage=true&amp;langId=-1&amp;beginIndex=0&amp;sType=SimpleSearch&amp;metaData=&amp;browseView=true&amp;manufacturer=&amp;resultCatEntryType=&amp;catalogId=10576&amp;pageView=&amp;facet=mfName_ntk_cs%253AGesas&amp;minPrice=&amp;categoryId=25573&amp;storeId=10601&quot;,&quot;name&quot;:&quot;Gesas&quot;,&quot;count&quot;:&quot;1&quot;,&quot;className&quot;:&quot;&quot;},{&quot;url&quot;:&quot;http://shop.coles.com.au/online/SearchDisplay?searchTermScope=&amp;multiSearch=&amp;searchType=2&amp;maxPrice=&amp;showResultsPage=true&amp;langId=-1&amp;beginIndex=0&amp;sType=SimpleSearch&amp;metaData=&amp;browseView=true&amp;manufacturer=&amp;resultCatEntryType=&amp;catalogId=10576&amp;pageView=&amp;facet=mfName_ntk_cs%253AGirdlers%2BGrind&amp;minPrice=&amp;categoryId=25573&amp;storeId=10601&quot;,&quot;name&quot;:&quot;Girdlers Grind&quot;,&quot;count&quot;:&quot;2&quot;,&quot;className&quot;:&quot;&quot;},{&quot;url&quot;:&quot;http://shop.coles.com.au/online/SearchDisplay?searchTermScope=&amp;multiSearch=&amp;searchType=2&amp;maxPrice=&amp;showResultsPage=true&amp;langId=-1&amp;beginIndex=0&amp;sType=SimpleSearch&amp;metaData=&amp;browseView=true&amp;manufacturer=&amp;resultCatEntryType=&amp;catalogId=10576&amp;pageView=&amp;facet=mfName_ntk_cs%253AGlobal%2BCafe%2BDirect&amp;minPrice=&amp;categoryId=25573&amp;storeId=10601&quot;,&quot;name&quot;:&quot;Global Cafe Direct&quot;,&quot;count&quot;:&quot;1&quot;,&quot;className&quot;:&quot;&quot;},{&quot;url&quot;:&quot;http://shop.coles.com.au/online/SearchDisplay?searchTermScope=&amp;multiSearch=&amp;searchType=2&amp;maxPrice=&amp;showResultsPage=true&amp;langId=-1&amp;beginIndex=0&amp;sType=SimpleSearch&amp;metaData=&amp;browseView=true&amp;manufacturer=&amp;resultCatEntryType=&amp;catalogId=10576&amp;pageView=&amp;facet=mfName_ntk_cs%253AGlobus&amp;minPrice=&amp;categoryId=25573&amp;storeId=10601&quot;,&quot;name&quot;:&quot;Globus&quot;,&quot;count&quot;:&quot;2&quot;,&quot;className&quot;:&quot;&quot;},{&quot;url&quot;:&quot;http://shop.coles.com.au/online/SearchDisplay?searchTermScope=&amp;multiSearch=&amp;searchType=2&amp;maxPrice=&amp;showResultsPage=true&amp;langId=-1&amp;beginIndex=0&amp;sType=SimpleSearch&amp;metaData=&amp;browseView=true&amp;manufacturer=&amp;resultCatEntryType=&amp;catalogId=10576&amp;pageView=&amp;facet=mfName_ntk_cs%253AGloria%2BJeans&amp;minPrice=&amp;categoryId=25573&amp;storeId=10601&quot;,&quot;name&quot;:&quot;Gloria Jeans&quot;,&quot;count&quot;:&quot;1&quot;,&quot;className&quot;:&quot;&quot;},{&quot;url&quot;:&quot;http://shop.coles.com.au/online/SearchDisplay?searchTermScope=&amp;multiSearch=&amp;searchType=2&amp;maxPrice=&amp;showResultsPage=true&amp;langId=-1&amp;beginIndex=0&amp;sType=SimpleSearch&amp;metaData=&amp;browseView=true&amp;manufacturer=&amp;resultCatEntryType=&amp;catalogId=10576&amp;pageView=&amp;facet=mfName_ntk_cs%253AGlutino&amp;minPrice=&amp;categoryId=25573&amp;storeId=10601&quot;,&quot;name&quot;:&quot;Glutino&quot;,&quot;count&quot;:&quot;7&quot;,&quot;className&quot;:&quot;&quot;},{&quot;url&quot;:&quot;http://shop.coles.com.au/online/SearchDisplay?searchTermScope=&amp;multiSearch=&amp;searchType=2&amp;maxPrice=&amp;showResultsPage=true&amp;langId=-1&amp;beginIndex=0&amp;sType=SimpleSearch&amp;metaData=&amp;browseView=true&amp;manufacturer=&amp;resultCatEntryType=&amp;catalogId=10576&amp;pageView=&amp;facet=mfName_ntk_cs%253AGo%2BAhead&amp;minPrice=&amp;categoryId=25573&amp;storeId=10601&quot;,&quot;name&quot;:&quot;Go Ahead&quot;,&quot;count&quot;:&quot;4&quot;,&quot;className&quot;:&quot;&quot;},{&quot;url&quot;:&quot;http://shop.coles.com.au/online/SearchDisplay?searchTermScope=&amp;multiSearch=&amp;searchType=2&amp;maxPrice=&amp;showResultsPage=true&amp;langId=-1&amp;beginIndex=0&amp;sType=SimpleSearch&amp;metaData=&amp;browseView=true&amp;manufacturer=&amp;resultCatEntryType=&amp;catalogId=10576&amp;pageView=&amp;facet=mfName_ntk_cs%253AGo%2BNatural&amp;minPrice=&amp;categoryId=25573&amp;storeId=10601&quot;,&quot;name&quot;:&quot;Go Natural&quot;,&quot;count&quot;:&quot;18&quot;,&quot;className&quot;:&quot;&quot;},{&quot;url&quot;:&quot;http://shop.coles.com.au/online/SearchDisplay?searchTermScope=&amp;multiSearch=&amp;searchType=2&amp;maxPrice=&amp;showResultsPage=true&amp;langId=-1&amp;beginIndex=0&amp;sType=SimpleSearch&amp;metaData=&amp;browseView=true&amp;manufacturer=&amp;resultCatEntryType=&amp;catalogId=10576&amp;pageView=&amp;facet=mfName_ntk_cs%253AGold%2BChoice&amp;minPrice=&amp;categoryId=25573&amp;storeId=10601&quot;,&quot;name&quot;:&quot;Gold Choice&quot;,&quot;count&quot;:&quot;3&quot;,&quot;className&quot;:&quot;&quot;},{&quot;url&quot;:&quot;http://shop.coles.com.au/online/SearchDisplay?searchTermScope=&amp;multiSearch=&amp;searchType=2&amp;maxPrice=&amp;showResultsPage=true&amp;langId=-1&amp;beginIndex=0&amp;sType=SimpleSearch&amp;metaData=&amp;browseView=true&amp;manufacturer=&amp;resultCatEntryType=&amp;catalogId=10576&amp;pageView=&amp;facet=mfName_ntk_cs%253AGold%2BMedal&amp;minPrice=&amp;categoryId=25573&amp;storeId=10601&quot;,&quot;name&quot;:&quot;Gold Medal&quot;,&quot;count&quot;:&quot;1&quot;,&quot;className&quot;:&quot;&quot;},{&quot;url&quot;:&quot;http://shop.coles.com.au/online/SearchDisplay?searchTermScope=&amp;multiSearch=&amp;searchType=2&amp;maxPrice=&amp;showResultsPage=true&amp;langId=-1&amp;beginIndex=0&amp;sType=SimpleSearch&amp;metaData=&amp;browseView=true&amp;manufacturer=&amp;resultCatEntryType=&amp;catalogId=10576&amp;pageView=&amp;facet=mfName_ntk_cs%253AGold%2527N%2BCanola&amp;minPrice=&amp;categoryId=25573&amp;storeId=10601&quot;,&quot;name&quot;:&quot;Gold'N Canola&quot;,&quot;count&quot;:&quot;2&quot;,&quot;className&quot;:&quot;&quot;},{&quot;url&quot;:&quot;http://shop.coles.com.au/online/SearchDisplay?searchTermScope=&amp;multiSearch=&amp;searchType=2&amp;maxPrice=&amp;showResultsPage=true&amp;langId=-1&amp;beginIndex=0&amp;sType=SimpleSearch&amp;metaData=&amp;browseView=true&amp;manufacturer=&amp;resultCatEntryType=&amp;catalogId=10576&amp;pageView=&amp;facet=mfName_ntk_cs%253AGolden&amp;minPrice=&amp;categoryId=25573&amp;storeId=10601&quot;,&quot;name&quot;:&quot;Golden&quot;,&quot;count&quot;:&quot;1&quot;,&quot;className&quot;:&quot;&quot;},{&quot;url&quot;:&quot;http://shop.coles.com.au/online/SearchDisplay?searchTermScope=&amp;multiSearch=&amp;searchType=2&amp;maxPrice=&amp;showResultsPage=true&amp;langId=-1&amp;beginIndex=0&amp;sType=SimpleSearch&amp;metaData=&amp;browseView=true&amp;manufacturer=&amp;resultCatEntryType=&amp;catalogId=10576&amp;pageView=&amp;facet=mfName_ntk_cs%253AGolden%2BBoronia&amp;minPrice=&amp;categoryId=25573&amp;storeId=10601&quot;,&quot;name&quot;:&quot;Golden Boronia&quot;,&quot;count&quot;:&quot;1&quot;,&quot;className&quot;:&quot;&quot;},{&quot;url&quot;:&quot;http://shop.coles.com.au/online/SearchDisplay?searchTermScope=&amp;multiSearch=&amp;searchType=2&amp;maxPrice=&amp;showResultsPage=true&amp;langId=-1&amp;beginIndex=0&amp;sType=SimpleSearch&amp;metaData=&amp;browseView=true&amp;manufacturer=&amp;resultCatEntryType=&amp;catalogId=10576&amp;pageView=&amp;facet=mfName_ntk_cs%253AGolden%2BCircle&amp;minPrice=&amp;categoryId=25573&amp;storeId=10601&quot;,&quot;name&quot;:&quot;Golden Circle&quot;,&quot;count&quot;:&quot;20&quot;,&quot;className&quot;:&quot;&quot;},{&quot;url&quot;:&quot;http://shop.coles.com.au/online/SearchDisplay?searchTermScope=&amp;multiSearch=&amp;searchType=2&amp;maxPrice=&amp;showResultsPage=true&amp;langId=-1&amp;beginIndex=0&amp;sType=SimpleSearch&amp;metaData=&amp;browseView=true&amp;manufacturer=&amp;resultCatEntryType=&amp;catalogId=10576&amp;pageView=&amp;facet=mfName_ntk_cs%253AGolden%2BDays&amp;minPrice=&amp;categoryId=25573&amp;storeId=10601&quot;,&quot;name&quot;:&quot;Golden Days&quot;,&quot;count&quot;:&quot;13&quot;,&quot;className&quot;:&quot;&quot;},{&quot;url&quot;:&quot;http://shop.coles.com.au/online/SearchDisplay?searchTermScope=&amp;multiSearch=&amp;searchType=2&amp;maxPrice=&amp;showResultsPage=true&amp;langId=-1&amp;beginIndex=0&amp;sType=SimpleSearch&amp;metaData=&amp;browseView=true&amp;manufacturer=&amp;resultCatEntryType=&amp;catalogId=10576&amp;pageView=&amp;facet=mfName_ntk_cs%253AGolden%2BPhoenix&amp;minPrice=&amp;categoryId=25573&amp;storeId=10601&quot;,&quot;name&quot;:&quot;Golden Phoenix&quot;,&quot;count&quot;:&quot;1&quot;,&quot;className&quot;:&quot;&quot;},{&quot;url&quot;:&quot;http://shop.coles.com.au/online/SearchDisplay?searchTermScope=&amp;multiSearch=&amp;searchType=2&amp;maxPrice=&amp;showResultsPage=true&amp;langId=-1&amp;beginIndex=0&amp;sType=SimpleSearch&amp;metaData=&amp;browseView=true&amp;manufacturer=&amp;resultCatEntryType=&amp;catalogId=10576&amp;pageView=&amp;facet=mfName_ntk_cs%253AGoodness&amp;minPrice=&amp;categoryId=25573&amp;storeId=10601&quot;,&quot;name&quot;:&quot;Goodness&quot;,&quot;count&quot;:&quot;1&quot;,&quot;className&quot;:&quot;&quot;},{&quot;url&quot;:&quot;http://shop.coles.com.au/online/SearchDisplay?searchTermScope=&amp;multiSearch=&amp;searchType=2&amp;maxPrice=&amp;showResultsPage=true&amp;langId=-1&amp;beginIndex=0&amp;sType=SimpleSearch&amp;metaData=&amp;browseView=true&amp;manufacturer=&amp;resultCatEntryType=&amp;catalogId=10576&amp;pageView=&amp;facet=mfName_ntk_cs%253AGoodness%2BSuperfoods&amp;minPrice=&amp;categoryId=25573&amp;storeId=10601&quot;,&quot;name&quot;:&quot;Goodness Superfoods&quot;,&quot;count&quot;:&quot;3&quot;,&quot;className&quot;:&quot;&quot;},{&quot;url&quot;:&quot;http://shop.coles.com.au/online/SearchDisplay?searchTermScope=&amp;multiSearch=&amp;searchType=2&amp;maxPrice=&amp;showResultsPage=true&amp;langId=-1&amp;beginIndex=0&amp;sType=SimpleSearch&amp;metaData=&amp;browseView=true&amp;manufacturer=&amp;resultCatEntryType=&amp;catalogId=10576&amp;pageView=&amp;facet=mfName_ntk_cs%253AGoulburn%2BValley&amp;minPrice=&amp;categoryId=25573&amp;storeId=10601&quot;,&quot;name&quot;:&quot;Goulburn Valley&quot;,&quot;count&quot;:&quot;27&quot;,&quot;className&quot;:&quot;&quot;},{&quot;url&quot;:&quot;http://shop.coles.com.au/online/SearchDisplay?searchTermScope=&amp;multiSearch=&amp;searchType=2&amp;maxPrice=&amp;showResultsPage=true&amp;langId=-1&amp;beginIndex=0&amp;sType=SimpleSearch&amp;metaData=&amp;browseView=true&amp;manufacturer=&amp;resultCatEntryType=&amp;catalogId=10576&amp;pageView=&amp;facet=mfName_ntk_cs%253AGovernor%2527s%2BEstate&amp;minPrice=&amp;categoryId=25573&amp;storeId=10601&quot;,&quot;name&quot;:&quot;Governor's Estate&quot;,&quot;count&quot;:&quot;3&quot;,&quot;className&quot;:&quot;&quot;},{&quot;url&quot;:&quot;http://shop.coles.com.au/online/SearchDisplay?searchTermScope=&amp;multiSearch=&amp;searchType=2&amp;maxPrice=&amp;showResultsPage=true&amp;langId=-1&amp;beginIndex=0&amp;sType=SimpleSearch&amp;metaData=&amp;browseView=true&amp;manufacturer=&amp;resultCatEntryType=&amp;catalogId=10576&amp;pageView=&amp;facet=mfName_ntk_cs%253AGravox&amp;minPrice=&amp;categoryId=25573&amp;storeId=10601&quot;,&quot;name&quot;:&quot;Gravox&quot;,&quot;count&quot;:&quot;40&quot;,&quot;className&quot;:&quot;&quot;},{&quot;url&quot;:&quot;http://shop.coles.com.au/online/SearchDisplay?searchTermScope=&amp;multiSearch=&amp;searchType=2&amp;maxPrice=&amp;showResultsPage=true&amp;langId=-1&amp;beginIndex=0&amp;sType=SimpleSearch&amp;metaData=&amp;browseView=true&amp;manufacturer=&amp;resultCatEntryType=&amp;catalogId=10576&amp;pageView=&amp;facet=mfName_ntk_cs%253AGreen%2B%2526%2BBlack%2527s&amp;minPrice=&amp;categoryId=25573&amp;storeId=10601&quot;,&quot;name&quot;:&quot;Green &amp; Black's&quot;,&quot;count&quot;:&quot;3&quot;,&quot;className&quot;:&quot;&quot;},{&quot;url&quot;:&quot;http://shop.coles.com.au/online/SearchDisplay?searchTermScope=&amp;multiSearch=&amp;searchType=2&amp;maxPrice=&amp;showResultsPage=true&amp;langId=-1&amp;beginIndex=0&amp;sType=SimpleSearch&amp;metaData=&amp;browseView=true&amp;manufacturer=&amp;resultCatEntryType=&amp;catalogId=10576&amp;pageView=&amp;facet=mfName_ntk_cs%253AGreen%2BValley&amp;minPrice=&amp;categoryId=25573&amp;storeId=10601&quot;,&quot;name&quot;:&quot;Green Valley&quot;,&quot;count&quot;:&quot;4&quot;,&quot;className&quot;:&quot;&quot;},{&quot;url&quot;:&quot;http://shop.coles.com.au/online/SearchDisplay?searchTermScope=&amp;multiSearch=&amp;searchType=2&amp;maxPrice=&amp;showResultsPage=true&amp;langId=-1&amp;beginIndex=0&amp;sType=SimpleSearch&amp;metaData=&amp;browseView=true&amp;manufacturer=&amp;resultCatEntryType=&amp;catalogId=10576&amp;pageView=&amp;facet=mfName_ntk_cs%253AGreen%2527s&amp;minPrice=&amp;categoryId=25573&amp;storeId=10601&quot;,&quot;name&quot;:&quot;Green's&quot;,&quot;count&quot;:&quot;27&quot;,&quot;className&quot;:&quot;&quot;},{&quot;url&quot;:&quot;http://shop.coles.com.au/online/SearchDisplay?searchTermScope=&amp;multiSearch=&amp;searchType=2&amp;maxPrice=&amp;showResultsPage=true&amp;langId=-1&amp;beginIndex=0&amp;sType=SimpleSearch&amp;metaData=&amp;browseView=true&amp;manufacturer=&amp;resultCatEntryType=&amp;catalogId=10576&amp;pageView=&amp;facet=mfName_ntk_cs%253AGreens&amp;minPrice=&amp;categoryId=25573&amp;storeId=10601&quot;,&quot;name&quot;:&quot;Greens&quot;,&quot;count&quot;:&quot;6&quot;,&quot;className&quot;:&quot;&quot;},{&quot;url&quot;:&quot;http://shop.coles.com.au/online/SearchDisplay?searchTermScope=&amp;multiSearch=&amp;searchType=2&amp;maxPrice=&amp;showResultsPage=true&amp;langId=-1&amp;beginIndex=0&amp;sType=SimpleSearch&amp;metaData=&amp;browseView=true&amp;manufacturer=&amp;resultCatEntryType=&amp;catalogId=10576&amp;pageView=&amp;facet=mfName_ntk_cs%253AGriffiths&amp;minPrice=&amp;categoryId=25573&amp;storeId=10601&quot;,&quot;name&quot;:&quot;Griffiths&quot;,&quot;count&quot;:&quot;1&quot;,&quot;className&quot;:&quot;&quot;},{&quot;url&quot;:&quot;http://shop.coles.com.au/online/SearchDisplay?searchTermScope=&amp;multiSearch=&amp;searchType=2&amp;maxPrice=&amp;showResultsPage=true&amp;langId=-1&amp;beginIndex=0&amp;sType=SimpleSearch&amp;metaData=&amp;browseView=true&amp;manufacturer=&amp;resultCatEntryType=&amp;catalogId=10576&amp;pageView=&amp;facet=mfName_ntk_cs%253AGrinders&amp;minPrice=&amp;categoryId=25573&amp;storeId=10601&quot;,&quot;name&quot;:&quot;Grinders&quot;,&quot;count&quot;:&quot;8&quot;,&quot;className&quot;:&quot;&quot;},{&quot;url&quot;:&quot;http://shop.coles.com.au/online/SearchDisplay?searchTermScope=&amp;multiSearch=&amp;searchType=2&amp;maxPrice=&amp;showResultsPage=true&amp;langId=-1&amp;beginIndex=0&amp;sType=SimpleSearch&amp;metaData=&amp;browseView=true&amp;manufacturer=&amp;resultCatEntryType=&amp;catalogId=10576&amp;pageView=&amp;facet=mfName_ntk_cs%253AGullon&amp;minPrice=&amp;categoryId=25573&amp;storeId=10601&quot;,&quot;name&quot;:&quot;Gullon&quot;,&quot;count&quot;:&quot;3&quot;,&quot;className&quot;:&quot;&quot;},{&quot;url&quot;:&quot;http://shop.coles.com.au/online/SearchDisplay?searchTermScope=&amp;multiSearch=&amp;searchType=2&amp;maxPrice=&amp;showResultsPage=true&amp;langId=-1&amp;beginIndex=0&amp;sType=SimpleSearch&amp;metaData=&amp;browseView=true&amp;manufacturer=&amp;resultCatEntryType=&amp;catalogId=10576&amp;pageView=&amp;facet=mfName_ntk_cs%253AGuylian&amp;minPrice=&amp;categoryId=25573&amp;storeId=10601&quot;,&quot;name&quot;:&quot;Guylian&quot;,&quot;count&quot;:&quot;6&quot;,&quot;className&quot;:&quot;&quot;},{&quot;url&quot;:&quot;http://shop.coles.com.au/online/SearchDisplay?searchTermScope=&amp;multiSearch=&amp;searchType=2&amp;maxPrice=&amp;showResultsPage=true&amp;langId=-1&amp;beginIndex=0&amp;sType=SimpleSearch&amp;metaData=&amp;browseView=true&amp;manufacturer=&amp;resultCatEntryType=&amp;catalogId=10576&amp;pageView=&amp;facet=mfName_ntk_cs%253AGuzzi&amp;minPrice=&amp;categoryId=25573&amp;storeId=10601&quot;,&quot;name&quot;:&quot;Guzzi&quot;,&quot;count&quot;:&quot;2&quot;,&quot;className&quot;:&quot;&quot;},{&quot;url&quot;:&quot;http://shop.coles.com.au/online/SearchDisplay?searchTermScope=&amp;multiSearch=&amp;searchType=2&amp;maxPrice=&amp;showResultsPage=true&amp;langId=-1&amp;beginIndex=0&amp;sType=SimpleSearch&amp;metaData=&amp;browseView=true&amp;manufacturer=&amp;resultCatEntryType=&amp;catalogId=10576&amp;pageView=&amp;facet=mfName_ntk_cs%253AHP&amp;minPrice=&amp;categoryId=25573&amp;storeId=10601&quot;,&quot;name&quot;:&quot;HP&quot;,&quot;count&quot;:&quot;2&quot;,&quot;className&quot;:&quot;&quot;},{&quot;url&quot;:&quot;http://shop.coles.com.au/online/SearchDisplay?searchTermScope=&amp;multiSearch=&amp;searchType=2&amp;maxPrice=&amp;showResultsPage=true&amp;langId=-1&amp;beginIndex=0&amp;sType=SimpleSearch&amp;metaData=&amp;browseView=true&amp;manufacturer=&amp;resultCatEntryType=&amp;catalogId=10576&amp;pageView=&amp;facet=mfName_ntk_cs%253AHakubaku&amp;minPrice=&amp;categoryId=25573&amp;storeId=10601&quot;,&quot;name&quot;:&quot;Hakubaku&quot;,&quot;count&quot;:&quot;3&quot;,&quot;className&quot;:&quot;&quot;},{&quot;url&quot;:&quot;http://shop.coles.com.au/online/SearchDisplay?searchTermScope=&amp;multiSearch=&amp;searchType=2&amp;maxPrice=&amp;showResultsPage=true&amp;langId=-1&amp;beginIndex=0&amp;sType=SimpleSearch&amp;metaData=&amp;browseView=true&amp;manufacturer=&amp;resultCatEntryType=&amp;catalogId=10576&amp;pageView=&amp;facet=mfName_ntk_cs%253AHalwani%2BBros&amp;minPrice=&amp;categoryId=25573&amp;storeId=10601&quot;,&quot;name&quot;:&quot;Halwani Bros&quot;,&quot;count&quot;:&quot;3&quot;,&quot;className&quot;:&quot;&quot;},{&quot;url&quot;:&quot;http://shop.coles.com.au/online/SearchDisplay?searchTermScope=&amp;multiSearch=&amp;searchType=2&amp;maxPrice=&amp;showResultsPage=true&amp;langId=-1&amp;beginIndex=0&amp;sType=SimpleSearch&amp;metaData=&amp;browseView=true&amp;manufacturer=&amp;resultCatEntryType=&amp;catalogId=10576&amp;pageView=&amp;facet=mfName_ntk_cs%253AHamper&amp;minPrice=&amp;categoryId=25573&amp;storeId=10601&quot;,&quot;name&quot;:&quot;Hamper&quot;,&quot;count&quot;:&quot;5&quot;,&quot;className&quot;:&quot;&quot;},{&quot;url&quot;:&quot;http://shop.coles.com.au/online/SearchDisplay?searchTermScope=&amp;multiSearch=&amp;searchType=2&amp;maxPrice=&amp;showResultsPage=true&amp;langId=-1&amp;beginIndex=0&amp;sType=SimpleSearch&amp;metaData=&amp;browseView=true&amp;manufacturer=&amp;resultCatEntryType=&amp;catalogId=10576&amp;pageView=&amp;facet=mfName_ntk_cs%253AHansells&amp;minPrice=&amp;categoryId=25573&amp;storeId=10601&quot;,&quot;name&quot;:&quot;Hansells&quot;,&quot;count&quot;:&quot;7&quot;,&quot;className&quot;:&quot;&quot;},{&quot;url&quot;:&quot;http://shop.coles.com.au/online/SearchDisplay?searchTermScope=&amp;multiSearch=&amp;searchType=2&amp;maxPrice=&amp;showResultsPage=true&amp;langId=-1&amp;beginIndex=0&amp;sType=SimpleSearch&amp;metaData=&amp;browseView=true&amp;manufacturer=&amp;resultCatEntryType=&amp;catalogId=10576&amp;pageView=&amp;facet=mfName_ntk_cs%253AHari%2BHar%2BChai&amp;minPrice=&amp;categoryId=25573&amp;storeId=10601&quot;,&quot;name&quot;:&quot;Hari Har Chai&quot;,&quot;count&quot;:&quot;1&quot;,&quot;className&quot;:&quot;&quot;},{&quot;url&quot;:&quot;http://shop.coles.com.au/online/SearchDisplay?searchTermScope=&amp;multiSearch=&amp;searchType=2&amp;maxPrice=&amp;showResultsPage=true&amp;langId=-1&amp;beginIndex=0&amp;sType=SimpleSearch&amp;metaData=&amp;browseView=true&amp;manufacturer=&amp;resultCatEntryType=&amp;catalogId=10576&amp;pageView=&amp;facet=mfName_ntk_cs%253AHaribo&amp;minPrice=&amp;categoryId=25573&amp;storeId=10601&quot;,&quot;name&quot;:&quot;Haribo&quot;,&quot;count&quot;:&quot;7&quot;,&quot;className&quot;:&quot;&quot;},{&quot;url&quot;:&quot;http://shop.coles.com.au/online/SearchDisplay?searchTermScope=&amp;multiSearch=&amp;searchType=2&amp;maxPrice=&amp;showResultsPage=true&amp;langId=-1&amp;beginIndex=0&amp;sType=SimpleSearch&amp;metaData=&amp;browseView=true&amp;manufacturer=&amp;resultCatEntryType=&amp;catalogId=10576&amp;pageView=&amp;facet=mfName_ntk_cs%253AHarris&amp;minPrice=&amp;categoryId=25573&amp;storeId=10601&quot;,&quot;name&quot;:&quot;Harris&quot;,&quot;count&quot;:&quot;14&quot;,&quot;className&quot;:&quot;&quot;},{&quot;url&quot;:&quot;http://shop.coles.com.au/online/SearchDisplay?searchTermScope=&amp;multiSearch=&amp;searchType=2&amp;maxPrice=&amp;showResultsPage=true&amp;langId=-1&amp;beginIndex=0&amp;sType=SimpleSearch&amp;metaData=&amp;browseView=true&amp;manufacturer=&amp;resultCatEntryType=&amp;catalogId=10576&amp;pageView=&amp;facet=mfName_ntk_cs%253AHarvest&amp;minPrice=&amp;categoryId=25573&amp;storeId=10601&quot;,&quot;name&quot;:&quot;Harvest&quot;,&quot;count&quot;:&quot;9&quot;,&quot;className&quot;:&quot;&quot;},{&quot;url&quot;:&quot;http://shop.coles.com.au/online/SearchDisplay?searchTermScope=&amp;multiSearch=&amp;searchType=2&amp;maxPrice=&amp;showResultsPage=true&amp;langId=-1&amp;beginIndex=0&amp;sType=SimpleSearch&amp;metaData=&amp;browseView=true&amp;manufacturer=&amp;resultCatEntryType=&amp;catalogId=10576&amp;pageView=&amp;facet=mfName_ntk_cs%253AHarvest%2BBox&amp;minPrice=&amp;categoryId=25573&amp;storeId=10601&quot;,&quot;name&quot;:&quot;Harvest Box&quot;,&quot;count&quot;:&quot;6&quot;,&quot;className&quot;:&quot;&quot;},{&quot;url&quot;:&quot;http://shop.coles.com.au/online/SearchDisplay?searchTermScope=&amp;multiSearch=&amp;searchType=2&amp;maxPrice=&amp;showResultsPage=true&amp;langId=-1&amp;beginIndex=0&amp;sType=SimpleSearch&amp;metaData=&amp;browseView=true&amp;manufacturer=&amp;resultCatEntryType=&amp;catalogId=10576&amp;pageView=&amp;facet=mfName_ntk_cs%253AHealtheries&amp;minPrice=&amp;categoryId=25573&amp;storeId=10601&quot;,&quot;name&quot;:&quot;Healtheries&quot;,&quot;count&quot;:&quot;8&quot;,&quot;className&quot;:&quot;&quot;},{&quot;url&quot;:&quot;http://shop.coles.com.au/online/SearchDisplay?searchTermScope=&amp;multiSearch=&amp;searchType=2&amp;maxPrice=&amp;showResultsPage=true&amp;langId=-1&amp;beginIndex=0&amp;sType=SimpleSearch&amp;metaData=&amp;browseView=true&amp;manufacturer=&amp;resultCatEntryType=&amp;catalogId=10576&amp;pageView=&amp;facet=mfName_ntk_cs%253AHealthiers%2BKidscare&amp;minPrice=&amp;categoryId=25573&amp;storeId=10601&quot;,&quot;name&quot;:&quot;Healthiers Kidscare&quot;,&quot;count&quot;:&quot;2&quot;,&quot;className&quot;:&quot;&quot;},{&quot;url&quot;:&quot;http://shop.coles.com.au/online/SearchDisplay?searchTermScope=&amp;multiSearch=&amp;searchType=2&amp;maxPrice=&amp;showResultsPage=true&amp;langId=-1&amp;beginIndex=0&amp;sType=SimpleSearch&amp;metaData=&amp;browseView=true&amp;manufacturer=&amp;resultCatEntryType=&amp;catalogId=10576&amp;pageView=&amp;facet=mfName_ntk_cs%253AHealthy%2BBaker&amp;minPrice=&amp;categoryId=25573&amp;storeId=10601&quot;,&quot;name&quot;:&quot;Healthy Baker&quot;,&quot;count&quot;:&quot;5&quot;,&quot;className&quot;:&quot;&quot;},{&quot;url&quot;:&quot;http://shop.coles.com.au/online/SearchDisplay?searchTermScope=&amp;multiSearch=&amp;searchType=2&amp;maxPrice=&amp;showResultsPage=true&amp;langId=-1&amp;beginIndex=0&amp;sType=SimpleSearch&amp;metaData=&amp;browseView=true&amp;manufacturer=&amp;resultCatEntryType=&amp;catalogId=10576&amp;pageView=&amp;facet=mfName_ntk_cs%253AHeinz&amp;minPrice=&amp;categoryId=25573&amp;storeId=10601&quot;,&quot;name&quot;:&quot;Heinz&quot;,&quot;count&quot;:&quot;100&quot;,&quot;className&quot;:&quot;&quot;},{&quot;url&quot;:&quot;http://shop.coles.com.au/online/SearchDisplay?searchTermScope=&amp;multiSearch=&amp;searchType=2&amp;maxPrice=&amp;showResultsPage=true&amp;langId=-1&amp;beginIndex=0&amp;sType=SimpleSearch&amp;metaData=&amp;browseView=true&amp;manufacturer=&amp;resultCatEntryType=&amp;catalogId=10576&amp;pageView=&amp;facet=mfName_ntk_cs%253AHellmans&amp;minPrice=&amp;categoryId=25573&amp;storeId=10601&quot;,&quot;name&quot;:&quot;Hellmans&quot;,&quot;count&quot;:&quot;1&quot;,&quot;className&quot;:&quot;&quot;},{&quot;url&quot;:&quot;http://shop.coles.com.au/online/SearchDisplay?searchTermScope=&amp;multiSearch=&amp;searchType=2&amp;maxPrice=&amp;showResultsPage=true&amp;langId=-1&amp;beginIndex=0&amp;sType=SimpleSearch&amp;metaData=&amp;browseView=true&amp;manufacturer=&amp;resultCatEntryType=&amp;catalogId=10576&amp;pageView=&amp;facet=mfName_ntk_cs%253AHengshun&amp;minPrice=&amp;categoryId=25573&amp;storeId=10601&quot;,&quot;name&quot;:&quot;Hengshun&quot;,&quot;count&quot;:&quot;1&quot;,&quot;className&quot;:&quot;&quot;},{&quot;url&quot;:&quot;http://shop.coles.com.au/online/SearchDisplay?searchTermScope=&amp;multiSearch=&amp;searchType=2&amp;maxPrice=&amp;showResultsPage=true&amp;langId=-1&amp;beginIndex=0&amp;sType=SimpleSearch&amp;metaData=&amp;browseView=true&amp;manufacturer=&amp;resultCatEntryType=&amp;catalogId=10576&amp;pageView=&amp;facet=mfName_ntk_cs%253AHenry%2BJones&amp;minPrice=&amp;categoryId=25573&amp;storeId=10601&quot;,&quot;name&quot;:&quot;Henry Jones&quot;,&quot;count&quot;:&quot;3&quot;,&quot;className&quot;:&quot;&quot;},{&quot;url&quot;:&quot;http://shop.coles.com.au/online/SearchDisplay?searchTermScope=&amp;multiSearch=&amp;searchType=2&amp;maxPrice=&amp;showResultsPage=true&amp;langId=-1&amp;beginIndex=0&amp;sType=SimpleSearch&amp;metaData=&amp;browseView=true&amp;manufacturer=&amp;resultCatEntryType=&amp;catalogId=10576&amp;pageView=&amp;facet=mfName_ntk_cs%253AHerbamare&amp;minPrice=&amp;categoryId=25573&amp;storeId=10601&quot;,&quot;name&quot;:&quot;Herbamare&quot;,&quot;count&quot;:&quot;1&quot;,&quot;className&quot;:&quot;&quot;},{&quot;url&quot;:&quot;http://shop.coles.com.au/online/SearchDisplay?searchTermScope=&amp;multiSearch=&amp;searchType=2&amp;maxPrice=&amp;showResultsPage=true&amp;langId=-1&amp;beginIndex=0&amp;sType=SimpleSearch&amp;metaData=&amp;browseView=true&amp;manufacturer=&amp;resultCatEntryType=&amp;catalogId=10576&amp;pageView=&amp;facet=mfName_ntk_cs%253AHermesetas&amp;minPrice=&amp;categoryId=25573&amp;storeId=10601&quot;,&quot;name&quot;:&quot;Hermesetas&quot;,&quot;count&quot;:&quot;6&quot;,&quot;className&quot;:&quot;&quot;},{&quot;url&quot;:&quot;http://shop.coles.com.au/online/SearchDisplay?searchTermScope=&amp;multiSearch=&amp;searchType=2&amp;maxPrice=&amp;showResultsPage=true&amp;langId=-1&amp;beginIndex=0&amp;sType=SimpleSearch&amp;metaData=&amp;browseView=true&amp;manufacturer=&amp;resultCatEntryType=&amp;catalogId=10576&amp;pageView=&amp;facet=mfName_ntk_cs%253AHeston%2BFor%2BColes&amp;minPrice=&amp;categoryId=25573&amp;storeId=10601&quot;,&quot;name&quot;:&quot;Heston For Coles&quot;,&quot;count&quot;:&quot;2&quot;,&quot;className&quot;:&quot;&quot;},{&quot;url&quot;:&quot;http://shop.coles.com.au/online/SearchDisplay?searchTermScope=&amp;multiSearch=&amp;searchType=2&amp;maxPrice=&amp;showResultsPage=true&amp;langId=-1&amp;beginIndex=0&amp;sType=SimpleSearch&amp;metaData=&amp;browseView=true&amp;manufacturer=&amp;resultCatEntryType=&amp;catalogId=10576&amp;pageView=&amp;facet=mfName_ntk_cs%253AHeston%2Bfor%2BColes&amp;minPrice=&amp;categoryId=25573&amp;storeId=10601&quot;,&quot;name&quot;:&quot;Heston for Coles&quot;,&quot;count&quot;:&quot;1&quot;,&quot;className&quot;:&quot;&quot;},{&quot;url&quot;:&quot;http://shop.coles.com.au/online/SearchDisplay?searchTermScope=&amp;multiSearch=&amp;searchType=2&amp;maxPrice=&amp;showResultsPage=true&amp;langId=-1&amp;beginIndex=0&amp;sType=SimpleSearch&amp;metaData=&amp;browseView=true&amp;manufacturer=&amp;resultCatEntryType=&amp;catalogId=10576&amp;pageView=&amp;facet=mfName_ntk_cs%253AHigher%2BLiving&amp;minPrice=&amp;categoryId=25573&amp;storeId=10601&quot;,&quot;name&quot;:&quot;Higher Living&quot;,&quot;count&quot;:&quot;2&quot;,&quot;className&quot;:&quot;&quot;},{&quot;url&quot;:&quot;http://shop.coles.com.au/online/SearchDisplay?searchTermScope=&amp;multiSearch=&amp;searchType=2&amp;maxPrice=&amp;showResultsPage=true&amp;langId=-1&amp;beginIndex=0&amp;sType=SimpleSearch&amp;metaData=&amp;browseView=true&amp;manufacturer=&amp;resultCatEntryType=&amp;catalogId=10576&amp;pageView=&amp;facet=mfName_ntk_cs%253AHikari&amp;minPrice=&amp;categoryId=25573&amp;storeId=10601&quot;,&quot;name&quot;:&quot;Hikari&quot;,&quot;count&quot;:&quot;3&quot;,&quot;className&quot;:&quot;&quot;},{&quot;url&quot;:&quot;http://shop.coles.com.au/online/SearchDisplay?searchTermScope=&amp;multiSearch=&amp;searchType=2&amp;maxPrice=&amp;showResultsPage=true&amp;langId=-1&amp;beginIndex=0&amp;sType=SimpleSearch&amp;metaData=&amp;browseView=true&amp;manufacturer=&amp;resultCatEntryType=&amp;catalogId=10576&amp;pageView=&amp;facet=mfName_ntk_cs%253AHolbrooks&amp;minPrice=&amp;categoryId=25573&amp;storeId=10601&quot;,&quot;name&quot;:&quot;Holbrooks&quot;,&quot;count&quot;:&quot;2&quot;,&quot;className&quot;:&quot;&quot;},{&quot;url&quot;:&quot;http://shop.coles.com.au/online/SearchDisplay?searchTermScope=&amp;multiSearch=&amp;searchType=2&amp;maxPrice=&amp;showResultsPage=true&amp;langId=-1&amp;beginIndex=0&amp;sType=SimpleSearch&amp;metaData=&amp;browseView=true&amp;manufacturer=&amp;resultCatEntryType=&amp;catalogId=10576&amp;pageView=&amp;facet=mfName_ntk_cs%253AHolland%2BHouse&amp;minPrice=&amp;categoryId=25573&amp;storeId=10601&quot;,&quot;name&quot;:&quot;Holland House&quot;,&quot;count&quot;:&quot;1&quot;,&quot;className&quot;:&quot;&quot;},{&quot;url&quot;:&quot;http://shop.coles.com.au/online/SearchDisplay?searchTermScope=&amp;multiSearch=&amp;searchType=2&amp;maxPrice=&amp;showResultsPage=true&amp;langId=-1&amp;beginIndex=0&amp;sType=SimpleSearch&amp;metaData=&amp;browseView=true&amp;manufacturer=&amp;resultCatEntryType=&amp;catalogId=10576&amp;pageView=&amp;facet=mfName_ntk_cs%253AHormel&amp;minPrice=&amp;categoryId=25573&amp;storeId=10601&quot;,&quot;name&quot;:&quot;Hormel&quot;,&quot;count&quot;:&quot;2&quot;,&quot;className&quot;:&quot;&quot;},{&quot;url&quot;:&quot;http://shop.coles.com.au/online/SearchDisplay?searchTermScope=&amp;multiSearch=&amp;searchType=2&amp;maxPrice=&amp;showResultsPage=true&amp;langId=-1&amp;beginIndex=0&amp;sType=SimpleSearch&amp;metaData=&amp;browseView=true&amp;manufacturer=&amp;resultCatEntryType=&amp;catalogId=10576&amp;pageView=&amp;facet=mfName_ntk_cs%253AHot%2BShot&amp;minPrice=&amp;categoryId=25573&amp;storeId=10601&quot;,&quot;name&quot;:&quot;Hot Shot&quot;,&quot;count&quot;:&quot;1&quot;,&quot;className&quot;:&quot;&quot;},{&quot;url&quot;:&quot;http://shop.coles.com.au/online/SearchDisplay?searchTermScope=&amp;multiSearch=&amp;searchType=2&amp;maxPrice=&amp;showResultsPage=true&amp;langId=-1&amp;beginIndex=0&amp;sType=SimpleSearch&amp;metaData=&amp;browseView=true&amp;manufacturer=&amp;resultCatEntryType=&amp;catalogId=10576&amp;pageView=&amp;facet=mfName_ntk_cs%253AHotshots&amp;minPrice=&amp;categoryId=25573&amp;storeId=10601&quot;,&quot;name&quot;:&quot;Hotshots&quot;,&quot;count&quot;:&quot;1&quot;,&quot;className&quot;:&quot;&quot;},{&quot;url&quot;:&quot;http://shop.coles.com.au/online/SearchDisplay?searchTermScope=&amp;multiSearch=&amp;searchType=2&amp;maxPrice=&amp;showResultsPage=true&amp;langId=-1&amp;beginIndex=0&amp;sType=SimpleSearch&amp;metaData=&amp;browseView=true&amp;manufacturer=&amp;resultCatEntryType=&amp;catalogId=10576&amp;pageView=&amp;facet=mfName_ntk_cs%253AHoyt%2527s&amp;minPrice=&amp;categoryId=25573&amp;storeId=10601&quot;,&quot;name&quot;:&quot;Hoyt's&quot;,&quot;count&quot;:&quot;1&quot;,&quot;className&quot;:&quot;&quot;},{&quot;url&quot;:&quot;http://shop.coles.com.au/online/SearchDisplay?searchTermScope=&amp;multiSearch=&amp;searchType=2&amp;maxPrice=&amp;showResultsPage=true&amp;langId=-1&amp;beginIndex=0&amp;sType=SimpleSearch&amp;metaData=&amp;browseView=true&amp;manufacturer=&amp;resultCatEntryType=&amp;catalogId=10576&amp;pageView=&amp;facet=mfName_ntk_cs%253AHoyts&amp;minPrice=&amp;categoryId=25573&amp;storeId=10601&quot;,&quot;name&quot;:&quot;Hoyts&quot;,&quot;count&quot;:&quot;82&quot;,&quot;className&quot;:&quot;&quot;},{&quot;url&quot;:&quot;http://shop.coles.com.au/online/SearchDisplay?searchTermScope=&amp;multiSearch=&amp;searchType=2&amp;maxPrice=&amp;showResultsPage=true&amp;langId=-1&amp;beginIndex=0&amp;sType=SimpleSearch&amp;metaData=&amp;browseView=true&amp;manufacturer=&amp;resultCatEntryType=&amp;catalogId=10576&amp;pageView=&amp;facet=mfName_ntk_cs%253AHubba%2BBubba&amp;minPrice=&amp;categoryId=25573&amp;storeId=10601&quot;,&quot;name&quot;:&quot;Hubba Bubba&quot;,&quot;count&quot;:&quot;2&quot;,&quot;className&quot;:&quot;&quot;},{&quot;url&quot;:&quot;http://shop.coles.com.au/online/SearchDisplay?searchTermScope=&amp;multiSearch=&amp;searchType=2&amp;maxPrice=&amp;showResultsPage=true&amp;langId=-1&amp;beginIndex=0&amp;sType=SimpleSearch&amp;metaData=&amp;browseView=true&amp;manufacturer=&amp;resultCatEntryType=&amp;catalogId=10576&amp;pageView=&amp;facet=mfName_ntk_cs%253AHubbards&amp;minPrice=&amp;categoryId=25573&amp;storeId=10601&quot;,&quot;name&quot;:&quot;Hubbards&quot;,&quot;count&quot;:&quot;9&quot;,&quot;className&quot;:&quot;&quot;},{&quot;url&quot;:&quot;http://shop.coles.com.au/online/SearchDisplay?searchTermScope=&amp;multiSearch=&amp;searchType=2&amp;maxPrice=&amp;showResultsPage=true&amp;langId=-1&amp;beginIndex=0&amp;sType=SimpleSearch&amp;metaData=&amp;browseView=true&amp;manufacturer=&amp;resultCatEntryType=&amp;catalogId=10576&amp;pageView=&amp;facet=mfName_ntk_cs%253AHunts&amp;minPrice=&amp;categoryId=25573&amp;storeId=10601&quot;,&quot;name&quot;:&quot;Hunts&quot;,&quot;count&quot;:&quot;3&quot;,&quot;className&quot;:&quot;&quot;},{&quot;url&quot;:&quot;http://shop.coles.com.au/online/SearchDisplay?searchTermScope=&amp;multiSearch=&amp;searchType=2&amp;maxPrice=&amp;showResultsPage=true&amp;langId=-1&amp;beginIndex=0&amp;sType=SimpleSearch&amp;metaData=&amp;browseView=true&amp;manufacturer=&amp;resultCatEntryType=&amp;catalogId=10576&amp;pageView=&amp;facet=mfName_ntk_cs%253AIXL&amp;minPrice=&amp;categoryId=25573&amp;storeId=10601&quot;,&quot;name&quot;:&quot;IXL&quot;,&quot;count&quot;:&quot;21&quot;,&quot;className&quot;:&quot;&quot;},{&quot;url&quot;:&quot;http://shop.coles.com.au/online/SearchDisplay?searchTermScope=&amp;multiSearch=&amp;searchType=2&amp;maxPrice=&amp;showResultsPage=true&amp;langId=-1&amp;beginIndex=0&amp;sType=SimpleSearch&amp;metaData=&amp;browseView=true&amp;manufacturer=&amp;resultCatEntryType=&amp;catalogId=10576&amp;pageView=&amp;facet=mfName_ntk_cs%253AIddy%2BBiddy&amp;minPrice=&amp;categoryId=25573&amp;storeId=10601&quot;,&quot;name&quot;:&quot;Iddy Biddy&quot;,&quot;count&quot;:&quot;3&quot;,&quot;className&quot;:&quot;&quot;},{&quot;url&quot;:&quot;http://shop.coles.com.au/online/SearchDisplay?searchTermScope=&amp;multiSearch=&amp;searchType=2&amp;maxPrice=&amp;showResultsPage=true&amp;langId=-1&amp;beginIndex=0&amp;sType=SimpleSearch&amp;metaData=&amp;browseView=true&amp;manufacturer=&amp;resultCatEntryType=&amp;catalogId=10576&amp;pageView=&amp;facet=mfName_ntk_cs%253AIlly%2BCaffe&amp;minPrice=&amp;categoryId=25573&amp;storeId=10601&quot;,&quot;name&quot;:&quot;Illy Caffe&quot;,&quot;count&quot;:&quot;2&quot;,&quot;className&quot;:&quot;&quot;},{&quot;url&quot;:&quot;http://shop.coles.com.au/online/SearchDisplay?searchTermScope=&amp;multiSearch=&amp;searchType=2&amp;maxPrice=&amp;showResultsPage=true&amp;langId=-1&amp;beginIndex=0&amp;sType=SimpleSearch&amp;metaData=&amp;browseView=true&amp;manufacturer=&amp;resultCatEntryType=&amp;catalogId=10576&amp;pageView=&amp;facet=mfName_ntk_cs%253AIndo%2BMie&amp;minPrice=&amp;categoryId=25573&amp;storeId=10601&quot;,&quot;name&quot;:&quot;Indo Mie&quot;,&quot;count&quot;:&quot;2&quot;,&quot;className&quot;:&quot;&quot;},{&quot;url&quot;:&quot;http://shop.coles.com.au/online/SearchDisplay?searchTermScope=&amp;multiSearch=&amp;searchType=2&amp;maxPrice=&amp;showResultsPage=true&amp;langId=-1&amp;beginIndex=0&amp;sType=SimpleSearch&amp;metaData=&amp;browseView=true&amp;manufacturer=&amp;resultCatEntryType=&amp;catalogId=10576&amp;pageView=&amp;facet=mfName_ntk_cs%253AIndofood&amp;minPrice=&amp;categoryId=25573&amp;storeId=10601&quot;,&quot;name&quot;:&quot;Indofood&quot;,&quot;count&quot;:&quot;1&quot;,&quot;className&quot;:&quot;&quot;},{&quot;url&quot;:&quot;http://shop.coles.com.au/online/SearchDisplay?searchTermScope=&amp;multiSearch=&amp;searchType=2&amp;maxPrice=&amp;showResultsPage=true&amp;langId=-1&amp;beginIndex=0&amp;sType=SimpleSearch&amp;metaData=&amp;browseView=true&amp;manufacturer=&amp;resultCatEntryType=&amp;catalogId=10576&amp;pageView=&amp;facet=mfName_ntk_cs%253AIndomie&amp;minPrice=&amp;categoryId=25573&amp;storeId=10601&quot;,&quot;name&quot;:&quot;Indomie&quot;,&quot;count&quot;:&quot;7&quot;,&quot;className&quot;:&quot;&quot;},{&quot;url&quot;:&quot;http://shop.coles.com.au/online/SearchDisplay?searchTermScope=&amp;multiSearch=&amp;searchType=2&amp;maxPrice=&amp;showResultsPage=true&amp;langId=-1&amp;beginIndex=0&amp;sType=SimpleSearch&amp;metaData=&amp;browseView=true&amp;manufacturer=&amp;resultCatEntryType=&amp;catalogId=10576&amp;pageView=&amp;facet=mfName_ntk_cs%253AInternational%2BRoast&amp;minPrice=&amp;categoryId=25573&amp;storeId=10601&quot;,&quot;name&quot;:&quot;International Roast&quot;,&quot;count&quot;:&quot;2&quot;,&quot;className&quot;:&quot;&quot;},{&quot;url&quot;:&quot;http://shop.coles.com.au/online/SearchDisplay?searchTermScope=&amp;multiSearch=&amp;searchType=2&amp;maxPrice=&amp;showResultsPage=true&amp;langId=-1&amp;beginIndex=0&amp;sType=SimpleSearch&amp;metaData=&amp;browseView=true&amp;manufacturer=&amp;resultCatEntryType=&amp;catalogId=10576&amp;pageView=&amp;facet=mfName_ntk_cs%253AItal&amp;minPrice=&amp;categoryId=25573&amp;storeId=10601&quot;,&quot;name&quot;:&quot;Ital&quot;,&quot;count&quot;:&quot;1&quot;,&quot;className&quot;:&quot;&quot;},{&quot;url&quot;:&quot;http://shop.coles.com.au/online/SearchDisplay?searchTermScope=&amp;multiSearch=&amp;searchType=2&amp;maxPrice=&amp;showResultsPage=true&amp;langId=-1&amp;beginIndex=0&amp;sType=SimpleSearch&amp;metaData=&amp;browseView=true&amp;manufacturer=&amp;resultCatEntryType=&amp;catalogId=10576&amp;pageView=&amp;facet=mfName_ntk_cs%253AItoen&amp;minPrice=&amp;categoryId=25573&amp;storeId=10601&quot;,&quot;name&quot;:&quot;Itoen&quot;,&quot;count&quot;:&quot;1&quot;,&quot;className&quot;:&quot;&quot;},{&quot;url&quot;:&quot;http://shop.coles.com.au/online/SearchDisplay?searchTermScope=&amp;multiSearch=&amp;searchType=2&amp;maxPrice=&amp;showResultsPage=true&amp;langId=-1&amp;beginIndex=0&amp;sType=SimpleSearch&amp;metaData=&amp;browseView=true&amp;manufacturer=&amp;resultCatEntryType=&amp;catalogId=10576&amp;pageView=&amp;facet=mfName_ntk_cs%253AJack%2BLink%2527s&amp;minPrice=&amp;categoryId=25573&amp;storeId=10601&quot;,&quot;name&quot;:&quot;Jack Link's&quot;,&quot;count&quot;:&quot;3&quot;,&quot;className&quot;:&quot;&quot;},{&quot;url&quot;:&quot;http://shop.coles.com.au/online/SearchDisplay?searchTermScope=&amp;multiSearch=&amp;searchType=2&amp;maxPrice=&amp;showResultsPage=true&amp;langId=-1&amp;beginIndex=0&amp;sType=SimpleSearch&amp;metaData=&amp;browseView=true&amp;manufacturer=&amp;resultCatEntryType=&amp;catalogId=10576&amp;pageView=&amp;facet=mfName_ntk_cs%253AJacobs&amp;minPrice=&amp;categoryId=25573&amp;storeId=10601&quot;,&quot;name&quot;:&quot;Jacobs&quot;,&quot;count&quot;:&quot;1&quot;,&quot;className&quot;:&quot;&quot;},{&quot;url&quot;:&quot;http://shop.coles.com.au/online/SearchDisplay?searchTermScope=&amp;multiSearch=&amp;searchType=2&amp;maxPrice=&amp;showResultsPage=true&amp;langId=-1&amp;beginIndex=0&amp;sType=SimpleSearch&amp;metaData=&amp;browseView=true&amp;manufacturer=&amp;resultCatEntryType=&amp;catalogId=10576&amp;pageView=&amp;facet=mfName_ntk_cs%253AJammie%2BDodgers&amp;minPrice=&amp;categoryId=25573&amp;storeId=10601&quot;,&quot;name&quot;:&quot;Jammie Dodgers&quot;,&quot;count&quot;:&quot;1&quot;,&quot;className&quot;:&quot;&quot;},{&quot;url&quot;:&quot;http://shop.coles.com.au/online/SearchDisplay?searchTermScope=&amp;multiSearch=&amp;searchType=2&amp;maxPrice=&amp;showResultsPage=true&amp;langId=-1&amp;beginIndex=0&amp;sType=SimpleSearch&amp;metaData=&amp;browseView=true&amp;manufacturer=&amp;resultCatEntryType=&amp;catalogId=10576&amp;pageView=&amp;facet=mfName_ntk_cs%253AJarrah&amp;minPrice=&amp;categoryId=25573&amp;storeId=10601&quot;,&quot;name&quot;:&quot;Jarrah&quot;,&quot;count&quot;:&quot;5&quot;,&quot;className&quot;:&quot;&quot;},{&quot;url&quot;:&quot;http://shop.coles.com.au/online/SearchDisplay?searchTermScope=&amp;multiSearch=&amp;searchType=2&amp;maxPrice=&amp;showResultsPage=true&amp;langId=-1&amp;beginIndex=0&amp;sType=SimpleSearch&amp;metaData=&amp;browseView=true&amp;manufacturer=&amp;resultCatEntryType=&amp;catalogId=10576&amp;pageView=&amp;facet=mfName_ntk_cs%253AJeenys&amp;minPrice=&amp;categoryId=25573&amp;storeId=10601&quot;,&quot;name&quot;:&quot;Jeenys&quot;,&quot;count&quot;:&quot;1&quot;,&quot;className&quot;:&quot;&quot;},{&quot;url&quot;:&quot;http://shop.coles.com.au/online/SearchDisplay?searchTermScope=&amp;multiSearch=&amp;searchType=2&amp;maxPrice=&amp;showResultsPage=true&amp;langId=-1&amp;beginIndex=0&amp;sType=SimpleSearch&amp;metaData=&amp;browseView=true&amp;manufacturer=&amp;resultCatEntryType=&amp;catalogId=10576&amp;pageView=&amp;facet=mfName_ntk_cs%253AJenny%2527s&amp;minPrice=&amp;categoryId=25573&amp;storeId=10601&quot;,&quot;name&quot;:&quot;Jenny's&quot;,&quot;count&quot;:&quot;1&quot;,&quot;className&quot;:&quot;&quot;},{&quot;url&quot;:&quot;http://shop.coles.com.au/online/SearchDisplay?searchTermScope=&amp;multiSearch=&amp;searchType=2&amp;maxPrice=&amp;showResultsPage=true&amp;langId=-1&amp;beginIndex=0&amp;sType=SimpleSearch&amp;metaData=&amp;browseView=true&amp;manufacturer=&amp;resultCatEntryType=&amp;catalogId=10576&amp;pageView=&amp;facet=mfName_ntk_cs%253AJensens&amp;minPrice=&amp;categoryId=25573&amp;storeId=10601&quot;,&quot;name&quot;:&quot;Jensens&quot;,&quot;count&quot;:&quot;2&quot;,&quot;className&quot;:&quot;&quot;},{&quot;url&quot;:&quot;http://shop.coles.com.au/online/SearchDisplay?searchTermScope=&amp;multiSearch=&amp;searchType=2&amp;maxPrice=&amp;showResultsPage=true&amp;langId=-1&amp;beginIndex=0&amp;sType=SimpleSearch&amp;metaData=&amp;browseView=true&amp;manufacturer=&amp;resultCatEntryType=&amp;catalogId=10576&amp;pageView=&amp;facet=mfName_ntk_cs%253AJensens%2BChoice&amp;minPrice=&amp;categoryId=25573&amp;storeId=10601&quot;,&quot;name&quot;:&quot;Jensens Choice&quot;,&quot;count&quot;:&quot;2&quot;,&quot;className&quot;:&quot;&quot;},{&quot;url&quot;:&quot;http://shop.coles.com.au/online/SearchDisplay?searchTermScope=&amp;multiSearch=&amp;searchType=2&amp;maxPrice=&amp;showResultsPage=true&amp;langId=-1&amp;beginIndex=0&amp;sType=SimpleSearch&amp;metaData=&amp;browseView=true&amp;manufacturer=&amp;resultCatEntryType=&amp;catalogId=10576&amp;pageView=&amp;facet=mfName_ntk_cs%253AJila&amp;minPrice=&amp;categoryId=25573&amp;storeId=10601&quot;,&quot;name&quot;:&quot;Jila&quot;,&quot;count&quot;:&quot;3&quot;,&quot;className&quot;:&quot;&quot;},{&quot;url&quot;:&quot;http://shop.coles.com.au/online/SearchDisplay?searchTermScope=&amp;multiSearch=&amp;searchType=2&amp;maxPrice=&amp;showResultsPage=true&amp;langId=-1&amp;beginIndex=0&amp;sType=SimpleSearch&amp;metaData=&amp;browseView=true&amp;manufacturer=&amp;resultCatEntryType=&amp;catalogId=10576&amp;pageView=&amp;facet=mfName_ntk_cs%253AJills%2BCuisine&amp;minPrice=&amp;categoryId=25573&amp;storeId=10601&quot;,&quot;name&quot;:&quot;Jills Cuisine&quot;,&quot;count&quot;:&quot;1&quot;,&quot;className&quot;:&quot;&quot;},{&quot;url&quot;:&quot;http://shop.coles.com.au/online/SearchDisplay?searchTermScope=&amp;multiSearch=&amp;searchType=2&amp;maxPrice=&amp;showResultsPage=true&amp;langId=-1&amp;beginIndex=0&amp;sType=SimpleSearch&amp;metaData=&amp;browseView=true&amp;manufacturer=&amp;resultCatEntryType=&amp;catalogId=10576&amp;pageView=&amp;facet=mfName_ntk_cs%253AJimmys%2BMasterchef%2BRange&amp;minPrice=&amp;categoryId=25573&amp;storeId=10601&quot;,&quot;name&quot;:&quot;Jimmys Masterchef Range&quot;,&quot;count&quot;:&quot;1&quot;,&quot;className&quot;:&quot;&quot;},{&quot;url&quot;:&quot;http://shop.coles.com.au/online/SearchDisplay?searchTermScope=&amp;multiSearch=&amp;searchType=2&amp;maxPrice=&amp;showResultsPage=true&amp;langId=-1&amp;beginIndex=0&amp;sType=SimpleSearch&amp;metaData=&amp;browseView=true&amp;manufacturer=&amp;resultCatEntryType=&amp;catalogId=10576&amp;pageView=&amp;facet=mfName_ntk_cs%253AJohn%2BWest&amp;minPrice=&amp;categoryId=25573&amp;storeId=10601&quot;,&quot;name&quot;:&quot;John West&quot;,&quot;count&quot;:&quot;84&quot;,&quot;className&quot;:&quot;&quot;},{&quot;url&quot;:&quot;http://shop.coles.com.au/online/SearchDisplay?searchTermScope=&amp;multiSearch=&amp;searchType=2&amp;maxPrice=&amp;showResultsPage=true&amp;langId=-1&amp;beginIndex=0&amp;sType=SimpleSearch&amp;metaData=&amp;browseView=true&amp;manufacturer=&amp;resultCatEntryType=&amp;catalogId=10576&amp;pageView=&amp;facet=mfName_ntk_cs%253AJols&amp;minPrice=&amp;categoryId=25573&amp;storeId=10601&quot;,&quot;name&quot;:&quot;Jols&quot;,&quot;count&quot;:&quot;3&quot;,&quot;className&quot;:&quot;&quot;},{&quot;url&quot;:&quot;http://shop.coles.com.au/online/SearchDisplay?searchTermScope=&amp;multiSearch=&amp;searchType=2&amp;maxPrice=&amp;showResultsPage=true&amp;langId=-1&amp;beginIndex=0&amp;sType=SimpleSearch&amp;metaData=&amp;browseView=true&amp;manufacturer=&amp;resultCatEntryType=&amp;catalogId=10576&amp;pageView=&amp;facet=mfName_ntk_cs%253AJordan%2527s&amp;minPrice=&amp;categoryId=25573&amp;storeId=10601&quot;,&quot;name&quot;:&quot;Jordan's&quot;,&quot;count&quot;:&quot;7&quot;,&quot;className&quot;:&quot;&quot;},{&quot;url&quot;:&quot;http://shop.coles.com.au/online/SearchDisplay?searchTermScope=&amp;multiSearch=&amp;searchType=2&amp;maxPrice=&amp;showResultsPage=true&amp;langId=-1&amp;beginIndex=0&amp;sType=SimpleSearch&amp;metaData=&amp;browseView=true&amp;manufacturer=&amp;resultCatEntryType=&amp;catalogId=10576&amp;pageView=&amp;facet=mfName_ntk_cs%253AJordans&amp;minPrice=&amp;categoryId=25573&amp;storeId=10601&quot;,&quot;name&quot;:&quot;Jordans&quot;,&quot;count&quot;:&quot;1&quot;,&quot;className&quot;:&quot;&quot;},{&quot;url&quot;:&quot;http://shop.coles.com.au/online/SearchDisplay?searchTermScope=&amp;multiSearch=&amp;searchType=2&amp;maxPrice=&amp;showResultsPage=true&amp;langId=-1&amp;beginIndex=0&amp;sType=SimpleSearch&amp;metaData=&amp;browseView=true&amp;manufacturer=&amp;resultCatEntryType=&amp;catalogId=10576&amp;pageView=&amp;facet=mfName_ntk_cs%253AJumpy%2527s&amp;minPrice=&amp;categoryId=25573&amp;storeId=10601&quot;,&quot;name&quot;:&quot;Jumpy's&quot;,&quot;count&quot;:&quot;1&quot;,&quot;className&quot;:&quot;&quot;},{&quot;url&quot;:&quot;http://shop.coles.com.au/online/SearchDisplay?searchTermScope=&amp;multiSearch=&amp;searchType=2&amp;maxPrice=&amp;showResultsPage=true&amp;langId=-1&amp;beginIndex=0&amp;sType=SimpleSearch&amp;metaData=&amp;browseView=true&amp;manufacturer=&amp;resultCatEntryType=&amp;catalogId=10576&amp;pageView=&amp;facet=mfName_ntk_cs%253AJust%2BRooibos&amp;minPrice=&amp;categoryId=25573&amp;storeId=10601&quot;,&quot;name&quot;:&quot;Just Rooibos&quot;,&quot;count&quot;:&quot;1&quot;,&quot;className&quot;:&quot;&quot;},{&quot;url&quot;:&quot;http://shop.coles.com.au/online/SearchDisplay?searchTermScope=&amp;multiSearch=&amp;searchType=2&amp;maxPrice=&amp;showResultsPage=true&amp;langId=-1&amp;beginIndex=0&amp;sType=SimpleSearch&amp;metaData=&amp;browseView=true&amp;manufacturer=&amp;resultCatEntryType=&amp;catalogId=10576&amp;pageView=&amp;facet=mfName_ntk_cs%253AKan%2BTong&amp;minPrice=&amp;categoryId=25573&amp;storeId=10601&quot;,&quot;name&quot;:&quot;Kan Tong&quot;,&quot;count&quot;:&quot;23&quot;,&quot;className&quot;:&quot;&quot;},{&quot;url&quot;:&quot;http://shop.coles.com.au/online/SearchDisplay?searchTermScope=&amp;multiSearch=&amp;searchType=2&amp;maxPrice=&amp;showResultsPage=true&amp;langId=-1&amp;beginIndex=0&amp;sType=SimpleSearch&amp;metaData=&amp;browseView=true&amp;manufacturer=&amp;resultCatEntryType=&amp;catalogId=10576&amp;pageView=&amp;facet=mfName_ntk_cs%253AKantong&amp;minPrice=&amp;categoryId=25573&amp;storeId=10601&quot;,&quot;name&quot;:&quot;Kantong&quot;,&quot;count&quot;:&quot;2&quot;,&quot;className&quot;:&quot;&quot;},{&quot;url&quot;:&quot;http://shop.coles.com.au/online/SearchDisplay?searchTermScope=&amp;multiSearch=&amp;searchType=2&amp;maxPrice=&amp;showResultsPage=true&amp;langId=-1&amp;beginIndex=0&amp;sType=SimpleSearch&amp;metaData=&amp;browseView=true&amp;manufacturer=&amp;resultCatEntryType=&amp;catalogId=10576&amp;pageView=&amp;facet=mfName_ntk_cs%253AKeens&amp;minPrice=&amp;categoryId=25573&amp;storeId=10601&quot;,&quot;name&quot;:&quot;Keens&quot;,&quot;count&quot;:&quot;2&quot;,&quot;className&quot;:&quot;&quot;},{&quot;url&quot;:&quot;http://shop.coles.com.au/online/SearchDisplay?searchTermScope=&amp;multiSearch=&amp;searchType=2&amp;maxPrice=&amp;showResultsPage=true&amp;langId=-1&amp;beginIndex=0&amp;sType=SimpleSearch&amp;metaData=&amp;browseView=true&amp;manufacturer=&amp;resultCatEntryType=&amp;catalogId=10576&amp;pageView=&amp;facet=mfName_ntk_cs%253AKellogg%2527s&amp;minPrice=&amp;categoryId=25573&amp;storeId=10601&quot;,&quot;name&quot;:&quot;Kellogg's&quot;,&quot;count&quot;:&quot;77&quot;,&quot;className&quot;:&quot;&quot;},{&quot;url&quot;:&quot;http://shop.coles.com.au/online/SearchDisplay?searchTermScope=&amp;multiSearch=&amp;searchType=2&amp;maxPrice=&amp;showResultsPage=true&amp;langId=-1&amp;beginIndex=0&amp;sType=SimpleSearch&amp;metaData=&amp;browseView=true&amp;manufacturer=&amp;resultCatEntryType=&amp;catalogId=10576&amp;pageView=&amp;facet=mfName_ntk_cs%253AKenco&amp;minPrice=&amp;categoryId=25573&amp;storeId=10601&quot;,&quot;name&quot;:&quot;Kenco&quot;,&quot;count&quot;:&quot;2&quot;,&quot;className&quot;:&quot;&quot;},{&quot;url&quot;:&quot;http://shop.coles.com.au/online/SearchDisplay?searchTermScope=&amp;multiSearch=&amp;searchType=2&amp;maxPrice=&amp;showResultsPage=true&amp;langId=-1&amp;beginIndex=0&amp;sType=SimpleSearch&amp;metaData=&amp;browseView=true&amp;manufacturer=&amp;resultCatEntryType=&amp;catalogId=10576&amp;pageView=&amp;facet=mfName_ntk_cs%253AKettle&amp;minPrice=&amp;categoryId=25573&amp;storeId=10601&quot;,&quot;name&quot;:&quot;Kettle&quot;,&quot;count&quot;:&quot;10&quot;,&quot;className&quot;:&quot;&quot;},{&quot;url&quot;:&quot;http://shop.coles.com.au/online/SearchDisplay?searchTermScope=&amp;multiSearch=&amp;searchType=2&amp;maxPrice=&amp;showResultsPage=true&amp;langId=-1&amp;beginIndex=0&amp;sType=SimpleSearch&amp;metaData=&amp;browseView=true&amp;manufacturer=&amp;resultCatEntryType=&amp;catalogId=10576&amp;pageView=&amp;facet=mfName_ntk_cs%253AKewpie&amp;minPrice=&amp;categoryId=25573&amp;storeId=10601&quot;,&quot;name&quot;:&quot;Kewpie&quot;,&quot;count&quot;:&quot;4&quot;,&quot;className&quot;:&quot;&quot;},{&quot;url&quot;:&quot;http://shop.coles.com.au/online/SearchDisplay?searchTermScope=&amp;multiSearch=&amp;searchType=2&amp;maxPrice=&amp;showResultsPage=true&amp;langId=-1&amp;beginIndex=0&amp;sType=SimpleSearch&amp;metaData=&amp;browseView=true&amp;manufacturer=&amp;resultCatEntryType=&amp;catalogId=10576&amp;pageView=&amp;facet=mfName_ntk_cs%253AKez%2527s&amp;minPrice=&amp;categoryId=25573&amp;storeId=10601&quot;,&quot;name&quot;:&quot;Kez's&quot;,&quot;count&quot;:&quot;7&quot;,&quot;className&quot;:&quot;&quot;},{&quot;url&quot;:&quot;http://shop.coles.com.au/online/SearchDisplay?searchTermScope=&amp;multiSearch=&amp;searchType=2&amp;maxPrice=&amp;showResultsPage=true&amp;langId=-1&amp;beginIndex=0&amp;sType=SimpleSearch&amp;metaData=&amp;browseView=true&amp;manufacturer=&amp;resultCatEntryType=&amp;catalogId=10576&amp;pageView=&amp;facet=mfName_ntk_cs%253AKikkoman&amp;minPrice=&amp;categoryId=25573&amp;storeId=10601&quot;,&quot;name&quot;:&quot;Kikkoman&quot;,&quot;count&quot;:&quot;11&quot;,&quot;className&quot;:&quot;&quot;},{&quot;url&quot;:&quot;http://shop.coles.com.au/online/SearchDisplay?searchTermScope=&amp;multiSearch=&amp;searchType=2&amp;maxPrice=&amp;showResultsPage=true&amp;langId=-1&amp;beginIndex=0&amp;sType=SimpleSearch&amp;metaData=&amp;browseView=true&amp;manufacturer=&amp;resultCatEntryType=&amp;catalogId=10576&amp;pageView=&amp;facet=mfName_ntk_cs%253AKinder&amp;minPrice=&amp;categoryId=25573&amp;storeId=10601&quot;,&quot;name&quot;:&quot;Kinder&quot;,&quot;count&quot;:&quot;6&quot;,&quot;className&quot;:&quot;&quot;},{&quot;url&quot;:&quot;http://shop.coles.com.au/online/SearchDisplay?searchTermScope=&amp;multiSearch=&amp;searchType=2&amp;maxPrice=&amp;showResultsPage=true&amp;langId=-1&amp;beginIndex=0&amp;sType=SimpleSearch&amp;metaData=&amp;browseView=true&amp;manufacturer=&amp;resultCatEntryType=&amp;catalogId=10576&amp;pageView=&amp;facet=mfName_ntk_cs%253AKing%2BOscar&amp;minPrice=&amp;categoryId=25573&amp;storeId=10601&quot;,&quot;name&quot;:&quot;King Oscar&quot;,&quot;count&quot;:&quot;4&quot;,&quot;className&quot;:&quot;&quot;},{&quot;url&quot;:&quot;http://shop.coles.com.au/online/SearchDisplay?searchTermScope=&amp;multiSearch=&amp;searchType=2&amp;maxPrice=&amp;showResultsPage=true&amp;langId=-1&amp;beginIndex=0&amp;sType=SimpleSearch&amp;metaData=&amp;browseView=true&amp;manufacturer=&amp;resultCatEntryType=&amp;catalogId=10576&amp;pageView=&amp;facet=mfName_ntk_cs%253AKinkara&amp;minPrice=&amp;categoryId=25573&amp;storeId=10601&quot;,&quot;name&quot;:&quot;Kinkara&quot;,&quot;count&quot;:&quot;1&quot;,&quot;className&quot;:&quot;&quot;},{&quot;url&quot;:&quot;http://shop.coles.com.au/online/SearchDisplay?searchTermScope=&amp;multiSearch=&amp;searchType=2&amp;maxPrice=&amp;showResultsPage=true&amp;langId=-1&amp;beginIndex=0&amp;sType=SimpleSearch&amp;metaData=&amp;browseView=true&amp;manufacturer=&amp;resultCatEntryType=&amp;catalogId=10576&amp;pageView=&amp;facet=mfName_ntk_cs%253AKokuho&amp;minPrice=&amp;categoryId=25573&amp;storeId=10601&quot;,&quot;name&quot;:&quot;Kokuho&quot;,&quot;count&quot;:&quot;1&quot;,&quot;className&quot;:&quot;&quot;},{&quot;url&quot;:&quot;http://shop.coles.com.au/online/SearchDisplay?searchTermScope=&amp;multiSearch=&amp;searchType=2&amp;maxPrice=&amp;showResultsPage=true&amp;langId=-1&amp;beginIndex=0&amp;sType=SimpleSearch&amp;metaData=&amp;browseView=true&amp;manufacturer=&amp;resultCatEntryType=&amp;catalogId=10576&amp;pageView=&amp;facet=mfName_ntk_cs%253AKook%2BA%2BCrumb&amp;minPrice=&amp;categoryId=25573&amp;storeId=10601&quot;,&quot;name&quot;:&quot;Kook A Crumb&quot;,&quot;count&quot;:&quot;1&quot;,&quot;className&quot;:&quot;&quot;},{&quot;url&quot;:&quot;http://shop.coles.com.au/online/SearchDisplay?searchTermScope=&amp;multiSearch=&amp;searchType=2&amp;maxPrice=&amp;showResultsPage=true&amp;langId=-1&amp;beginIndex=0&amp;sType=SimpleSearch&amp;metaData=&amp;browseView=true&amp;manufacturer=&amp;resultCatEntryType=&amp;catalogId=10576&amp;pageView=&amp;facet=mfName_ntk_cs%253AKooka%2BA%2BKrumb&amp;minPrice=&amp;categoryId=25573&amp;storeId=10601&quot;,&quot;name&quot;:&quot;Kooka A Krumb&quot;,&quot;count&quot;:&quot;1&quot;,&quot;className&quot;:&quot;&quot;},{&quot;url&quot;:&quot;http://shop.coles.com.au/online/SearchDisplay?searchTermScope=&amp;multiSearch=&amp;searchType=2&amp;maxPrice=&amp;showResultsPage=true&amp;langId=-1&amp;beginIndex=0&amp;sType=SimpleSearch&amp;metaData=&amp;browseView=true&amp;manufacturer=&amp;resultCatEntryType=&amp;catalogId=10576&amp;pageView=&amp;facet=mfName_ntk_cs%253AKooka%2527s&amp;minPrice=&amp;categoryId=25573&amp;storeId=10601&quot;,&quot;name&quot;:&quot;Kooka's&quot;,&quot;count&quot;:&quot;2&quot;,&quot;className&quot;:&quot;&quot;},{&quot;url&quot;:&quot;http://shop.coles.com.au/online/SearchDisplay?searchTermScope=&amp;multiSearch=&amp;searchType=2&amp;maxPrice=&amp;showResultsPage=true&amp;langId=-1&amp;beginIndex=0&amp;sType=SimpleSearch&amp;metaData=&amp;browseView=true&amp;manufacturer=&amp;resultCatEntryType=&amp;catalogId=10576&amp;pageView=&amp;facet=mfName_ntk_cs%253AKookaburra&amp;minPrice=&amp;categoryId=25573&amp;storeId=10601&quot;,&quot;name&quot;:&quot;Kookaburra&quot;,&quot;count&quot;:&quot;1&quot;,&quot;className&quot;:&quot;&quot;},{&quot;url&quot;:&quot;http://shop.coles.com.au/online/SearchDisplay?searchTermScope=&amp;multiSearch=&amp;searchType=2&amp;maxPrice=&amp;showResultsPage=true&amp;langId=-1&amp;beginIndex=0&amp;sType=SimpleSearch&amp;metaData=&amp;browseView=true&amp;manufacturer=&amp;resultCatEntryType=&amp;catalogId=10576&amp;pageView=&amp;facet=mfName_ntk_cs%253AKopiko&amp;minPrice=&amp;categoryId=25573&amp;storeId=10601&quot;,&quot;name&quot;:&quot;Kopiko&quot;,&quot;count&quot;:&quot;1&quot;,&quot;className&quot;:&quot;&quot;},{&quot;url&quot;:&quot;http://shop.coles.com.au/online/SearchDisplay?searchTermScope=&amp;multiSearch=&amp;searchType=2&amp;maxPrice=&amp;showResultsPage=true&amp;langId=-1&amp;beginIndex=0&amp;sType=SimpleSearch&amp;metaData=&amp;browseView=true&amp;manufacturer=&amp;resultCatEntryType=&amp;catalogId=10576&amp;pageView=&amp;facet=mfName_ntk_cs%253AKoska&amp;minPrice=&amp;categoryId=25573&amp;storeId=10601&quot;,&quot;name&quot;:&quot;Koska&quot;,&quot;count&quot;:&quot;2&quot;,&quot;className&quot;:&quot;&quot;},{&quot;url&quot;:&quot;http://shop.coles.com.au/online/SearchDisplay?searchTermScope=&amp;multiSearch=&amp;searchType=2&amp;maxPrice=&amp;showResultsPage=true&amp;langId=-1&amp;beginIndex=0&amp;sType=SimpleSearch&amp;metaData=&amp;browseView=true&amp;manufacturer=&amp;resultCatEntryType=&amp;catalogId=10576&amp;pageView=&amp;facet=mfName_ntk_cs%253AKraft&amp;minPrice=&amp;categoryId=25573&amp;storeId=10601&quot;,&quot;name&quot;:&quot;Kraft&quot;,&quot;count&quot;:&quot;60&quot;,&quot;className&quot;:&quot;&quot;},{&quot;url&quot;:&quot;http://shop.coles.com.au/online/SearchDisplay?searchTermScope=&amp;multiSearch=&amp;searchType=2&amp;maxPrice=&amp;showResultsPage=true&amp;langId=-1&amp;beginIndex=0&amp;sType=SimpleSearch&amp;metaData=&amp;browseView=true&amp;manufacturer=&amp;resultCatEntryType=&amp;catalogId=10576&amp;pageView=&amp;facet=mfName_ntk_cs%253AKraft%2BIn%2BA%2BBiskit&amp;minPrice=&amp;categoryId=25573&amp;storeId=10601&quot;,&quot;name&quot;:&quot;Kraft In A Biskit&quot;,&quot;count&quot;:&quot;1&quot;,&quot;className&quot;:&quot;&quot;},{&quot;url&quot;:&quot;http://shop.coles.com.au/online/SearchDisplay?searchTermScope=&amp;multiSearch=&amp;searchType=2&amp;maxPrice=&amp;showResultsPage=true&amp;langId=-1&amp;beginIndex=0&amp;sType=SimpleSearch&amp;metaData=&amp;browseView=true&amp;manufacturer=&amp;resultCatEntryType=&amp;catalogId=10576&amp;pageView=&amp;facet=mfName_ntk_cs%253AKurrajong%2BKitchen&amp;minPrice=&amp;categoryId=25573&amp;storeId=10601&quot;,&quot;name&quot;:&quot;Kurrajong Kitchen&quot;,&quot;count&quot;:&quot;1&quot;,&quot;className&quot;:&quot;&quot;},{&quot;url&quot;:&quot;http://shop.coles.com.au/online/SearchDisplay?searchTermScope=&amp;multiSearch=&amp;searchType=2&amp;maxPrice=&amp;showResultsPage=true&amp;langId=-1&amp;beginIndex=0&amp;sType=SimpleSearch&amp;metaData=&amp;browseView=true&amp;manufacturer=&amp;resultCatEntryType=&amp;catalogId=10576&amp;pageView=&amp;facet=mfName_ntk_cs%253AL%2527or%2BEspresso&amp;minPrice=&amp;categoryId=25573&amp;storeId=10601&quot;,&quot;name&quot;:&quot;L'or Espresso&quot;,&quot;count&quot;:&quot;9&quot;,&quot;className&quot;:&quot;&quot;},{&quot;url&quot;:&quot;http://shop.coles.com.au/online/SearchDisplay?searchTermScope=&amp;multiSearch=&amp;searchType=2&amp;maxPrice=&amp;showResultsPage=true&amp;langId=-1&amp;beginIndex=0&amp;sType=SimpleSearch&amp;metaData=&amp;browseView=true&amp;manufacturer=&amp;resultCatEntryType=&amp;catalogId=10576&amp;pageView=&amp;facet=mfName_ntk_cs%253ALa%2BEspanola&amp;minPrice=&amp;categoryId=25573&amp;storeId=10601&quot;,&quot;name&quot;:&quot;La Espanola&quot;,&quot;count&quot;:&quot;6&quot;,&quot;className&quot;:&quot;&quot;},{&quot;url&quot;:&quot;http://shop.coles.com.au/online/SearchDisplay?searchTermScope=&amp;multiSearch=&amp;searchType=2&amp;maxPrice=&amp;showResultsPage=true&amp;langId=-1&amp;beginIndex=0&amp;sType=SimpleSearch&amp;metaData=&amp;browseView=true&amp;manufacturer=&amp;resultCatEntryType=&amp;catalogId=10576&amp;pageView=&amp;facet=mfName_ntk_cs%253ALa%2BMolisana&amp;minPrice=&amp;categoryId=25573&amp;storeId=10601&quot;,&quot;name&quot;:&quot;La Molisana&quot;,&quot;count&quot;:&quot;1&quot;,&quot;className&quot;:&quot;&quot;},{&quot;url&quot;:&quot;http://shop.coles.com.au/online/SearchDisplay?searchTermScope=&amp;multiSearch=&amp;searchType=2&amp;maxPrice=&amp;showResultsPage=true&amp;langId=-1&amp;beginIndex=0&amp;sType=SimpleSearch&amp;metaData=&amp;browseView=true&amp;manufacturer=&amp;resultCatEntryType=&amp;catalogId=10576&amp;pageView=&amp;facet=mfName_ntk_cs%253ALa%2BPanza&amp;minPrice=&amp;categoryId=25573&amp;storeId=10601&quot;,&quot;name&quot;:&quot;La Panza&quot;,&quot;count&quot;:&quot;2&quot;,&quot;className&quot;:&quot;&quot;},{&quot;url&quot;:&quot;http://shop.coles.com.au/online/SearchDisplay?searchTermScope=&amp;multiSearch=&amp;searchType=2&amp;maxPrice=&amp;showResultsPage=true&amp;langId=-1&amp;beginIndex=0&amp;sType=SimpleSearch&amp;metaData=&amp;browseView=true&amp;manufacturer=&amp;resultCatEntryType=&amp;catalogId=10576&amp;pageView=&amp;facet=mfName_ntk_cs%253ALa%2BZuppa&amp;minPrice=&amp;categoryId=25573&amp;storeId=10601&quot;,&quot;name&quot;:&quot;La Zuppa&quot;,&quot;count&quot;:&quot;16&quot;,&quot;className&quot;:&quot;&quot;},{&quot;url&quot;:&quot;http://shop.coles.com.au/online/SearchDisplay?searchTermScope=&amp;multiSearch=&amp;searchType=2&amp;maxPrice=&amp;showResultsPage=true&amp;langId=-1&amp;beginIndex=0&amp;sType=SimpleSearch&amp;metaData=&amp;browseView=true&amp;manufacturer=&amp;resultCatEntryType=&amp;catalogId=10576&amp;pageView=&amp;facet=mfName_ntk_cs%253ALanchoo&amp;minPrice=&amp;categoryId=25573&amp;storeId=10601&quot;,&quot;name&quot;:&quot;Lanchoo&quot;,&quot;count&quot;:&quot;2&quot;,&quot;className&quot;:&quot;&quot;},{&quot;url&quot;:&quot;http://shop.coles.com.au/online/SearchDisplay?searchTermScope=&amp;multiSearch=&amp;searchType=2&amp;maxPrice=&amp;showResultsPage=true&amp;langId=-1&amp;beginIndex=0&amp;sType=SimpleSearch&amp;metaData=&amp;browseView=true&amp;manufacturer=&amp;resultCatEntryType=&amp;catalogId=10576&amp;pageView=&amp;facet=mfName_ntk_cs%253ALatina&amp;minPrice=&amp;categoryId=25573&amp;storeId=10601&quot;,&quot;name&quot;:&quot;Latina&quot;,&quot;count&quot;:&quot;16&quot;,&quot;className&quot;:&quot;&quot;},{&quot;url&quot;:&quot;http://shop.coles.com.au/online/SearchDisplay?searchTermScope=&amp;multiSearch=&amp;searchType=2&amp;maxPrice=&amp;showResultsPage=true&amp;langId=-1&amp;beginIndex=0&amp;sType=SimpleSearch&amp;metaData=&amp;browseView=true&amp;manufacturer=&amp;resultCatEntryType=&amp;catalogId=10576&amp;pageView=&amp;facet=mfName_ntk_cs%253ALaucke&amp;minPrice=&amp;categoryId=25573&amp;storeId=10601&quot;,&quot;name&quot;:&quot;Laucke&quot;,&quot;count&quot;:&quot;10&quot;,&quot;className&quot;:&quot;&quot;},{&quot;url&quot;:&quot;http://shop.coles.com.au/online/SearchDisplay?searchTermScope=&amp;multiSearch=&amp;searchType=2&amp;maxPrice=&amp;showResultsPage=true&amp;langId=-1&amp;beginIndex=0&amp;sType=SimpleSearch&amp;metaData=&amp;browseView=true&amp;manufacturer=&amp;resultCatEntryType=&amp;catalogId=10576&amp;pageView=&amp;facet=mfName_ntk_cs%253ALaucke%2BEasy%2BBakers&amp;minPrice=&amp;categoryId=25573&amp;storeId=10601&quot;,&quot;name&quot;:&quot;Laucke Easy Bakers&quot;,&quot;count&quot;:&quot;2&quot;,&quot;className&quot;:&quot;&quot;},{&quot;url&quot;:&quot;http://shop.coles.com.au/online/SearchDisplay?searchTermScope=&amp;multiSearch=&amp;searchType=2&amp;maxPrice=&amp;showResultsPage=true&amp;langId=-1&amp;beginIndex=0&amp;sType=SimpleSearch&amp;metaData=&amp;browseView=true&amp;manufacturer=&amp;resultCatEntryType=&amp;catalogId=10576&amp;pageView=&amp;facet=mfName_ntk_cs%253ALavazza&amp;minPrice=&amp;categoryId=25573&amp;storeId=10601&quot;,&quot;name&quot;:&quot;Lavazza&quot;,&quot;count&quot;:&quot;18&quot;,&quot;className&quot;:&quot;&quot;},{&quot;url&quot;:&quot;http://shop.coles.com.au/online/SearchDisplay?searchTermScope=&amp;multiSearch=&amp;searchType=2&amp;maxPrice=&amp;showResultsPage=true&amp;langId=-1&amp;beginIndex=0&amp;sType=SimpleSearch&amp;metaData=&amp;browseView=true&amp;manufacturer=&amp;resultCatEntryType=&amp;catalogId=10576&amp;pageView=&amp;facet=mfName_ntk_cs%253ALea%2B%2526%2BPerrins&amp;minPrice=&amp;categoryId=25573&amp;storeId=10601&quot;,&quot;name&quot;:&quot;Lea &amp; Perrins&quot;,&quot;count&quot;:&quot;1&quot;,&quot;className&quot;:&quot;&quot;},{&quot;url&quot;:&quot;http://shop.coles.com.au/online/SearchDisplay?searchTermScope=&amp;multiSearch=&amp;searchType=2&amp;maxPrice=&amp;showResultsPage=true&amp;langId=-1&amp;beginIndex=0&amp;sType=SimpleSearch&amp;metaData=&amp;browseView=true&amp;manufacturer=&amp;resultCatEntryType=&amp;catalogId=10576&amp;pageView=&amp;facet=mfName_ntk_cs%253ALeda&amp;minPrice=&amp;categoryId=25573&amp;storeId=10601&quot;,&quot;name&quot;:&quot;Leda&quot;,&quot;count&quot;:&quot;7&quot;,&quot;className&quot;:&quot;&quot;},{&quot;url&quot;:&quot;http://shop.coles.com.au/online/SearchDisplay?searchTermScope=&amp;multiSearch=&amp;searchType=2&amp;maxPrice=&amp;showResultsPage=true&amp;langId=-1&amp;beginIndex=0&amp;sType=SimpleSearch&amp;metaData=&amp;browseView=true&amp;manufacturer=&amp;resultCatEntryType=&amp;catalogId=10576&amp;pageView=&amp;facet=mfName_ntk_cs%253ALeda%2BNutrition&amp;minPrice=&amp;categoryId=25573&amp;storeId=10601&quot;,&quot;name&quot;:&quot;Leda Nutrition&quot;,&quot;count&quot;:&quot;2&quot;,&quot;className&quot;:&quot;&quot;},{&quot;url&quot;:&quot;http://shop.coles.com.au/online/SearchDisplay?searchTermScope=&amp;multiSearch=&amp;searchType=2&amp;maxPrice=&amp;showResultsPage=true&amp;langId=-1&amp;beginIndex=0&amp;sType=SimpleSearch&amp;metaData=&amp;browseView=true&amp;manufacturer=&amp;resultCatEntryType=&amp;catalogId=10576&amp;pageView=&amp;facet=mfName_ntk_cs%253ALee%2BKum%2BKee&amp;minPrice=&amp;categoryId=25573&amp;storeId=10601&quot;,&quot;name&quot;:&quot;Lee Kum Kee&quot;,&quot;count&quot;:&quot;22&quot;,&quot;className&quot;:&quot;&quot;},{&quot;url&quot;:&quot;http://shop.coles.com.au/online/SearchDisplay?searchTermScope=&amp;multiSearch=&amp;searchType=2&amp;maxPrice=&amp;showResultsPage=true&amp;langId=-1&amp;beginIndex=0&amp;sType=SimpleSearch&amp;metaData=&amp;browseView=true&amp;manufacturer=&amp;resultCatEntryType=&amp;catalogId=10576&amp;pageView=&amp;facet=mfName_ntk_cs%253ALeggo%2527s&amp;minPrice=&amp;categoryId=25573&amp;storeId=10601&quot;,&quot;name&quot;:&quot;Leggo's&quot;,&quot;count&quot;:&quot;52&quot;,&quot;className&quot;:&quot;&quot;},{&quot;url&quot;:&quot;http://shop.coles.com.au/online/SearchDisplay?searchTermScope=&amp;multiSearch=&amp;searchType=2&amp;maxPrice=&amp;showResultsPage=true&amp;langId=-1&amp;beginIndex=0&amp;sType=SimpleSearch&amp;metaData=&amp;browseView=true&amp;manufacturer=&amp;resultCatEntryType=&amp;catalogId=10576&amp;pageView=&amp;facet=mfName_ntk_cs%253ALicensed&amp;minPrice=&amp;categoryId=25573&amp;storeId=10601&quot;,&quot;name&quot;:&quot;Licensed&quot;,&quot;count&quot;:&quot;1&quot;,&quot;className&quot;:&quot;&quot;},{&quot;url&quot;:&quot;http://shop.coles.com.au/online/SearchDisplay?searchTermScope=&amp;multiSearch=&amp;searchType=2&amp;maxPrice=&amp;showResultsPage=true&amp;langId=-1&amp;beginIndex=0&amp;sType=SimpleSearch&amp;metaData=&amp;browseView=true&amp;manufacturer=&amp;resultCatEntryType=&amp;catalogId=10576&amp;pageView=&amp;facet=mfName_ntk_cs%253ALicorette&amp;minPrice=&amp;categoryId=25573&amp;storeId=10601&quot;,&quot;name&quot;:&quot;Licorette&quot;,&quot;count&quot;:&quot;1&quot;,&quot;className&quot;:&quot;&quot;},{&quot;url&quot;:&quot;http://shop.coles.com.au/online/SearchDisplay?searchTermScope=&amp;multiSearch=&amp;searchType=2&amp;maxPrice=&amp;showResultsPage=true&amp;langId=-1&amp;beginIndex=0&amp;sType=SimpleSearch&amp;metaData=&amp;browseView=true&amp;manufacturer=&amp;resultCatEntryType=&amp;catalogId=10576&amp;pageView=&amp;facet=mfName_ntk_cs%253ALiddells&amp;minPrice=&amp;categoryId=25573&amp;storeId=10601&quot;,&quot;name&quot;:&quot;Liddells&quot;,&quot;count&quot;:&quot;2&quot;,&quot;className&quot;:&quot;&quot;},{&quot;url&quot;:&quot;http://shop.coles.com.au/online/SearchDisplay?searchTermScope=&amp;multiSearch=&amp;searchType=2&amp;maxPrice=&amp;showResultsPage=true&amp;langId=-1&amp;beginIndex=0&amp;sType=SimpleSearch&amp;metaData=&amp;browseView=true&amp;manufacturer=&amp;resultCatEntryType=&amp;catalogId=10576&amp;pageView=&amp;facet=mfName_ntk_cs%253ALifesavers&amp;minPrice=&amp;categoryId=25573&amp;storeId=10601&quot;,&quot;name&quot;:&quot;Lifesavers&quot;,&quot;count&quot;:&quot;6&quot;,&quot;className&quot;:&quot;&quot;},{&quot;url&quot;:&quot;http://shop.coles.com.au/online/SearchDisplay?searchTermScope=&amp;multiSearch=&amp;searchType=2&amp;maxPrice=&amp;showResultsPage=true&amp;langId=-1&amp;beginIndex=0&amp;sType=SimpleSearch&amp;metaData=&amp;browseView=true&amp;manufacturer=&amp;resultCatEntryType=&amp;catalogId=10576&amp;pageView=&amp;facet=mfName_ntk_cs%253ALifestyle%2BBakery&amp;minPrice=&amp;categoryId=25573&amp;storeId=10601&quot;,&quot;name&quot;:&quot;Lifestyle Bakery&quot;,&quot;count&quot;:&quot;1&quot;,&quot;className&quot;:&quot;&quot;},{&quot;url&quot;:&quot;http://shop.coles.com.au/online/SearchDisplay?searchTermScope=&amp;multiSearch=&amp;searchType=2&amp;maxPrice=&amp;showResultsPage=true&amp;langId=-1&amp;beginIndex=0&amp;sType=SimpleSearch&amp;metaData=&amp;browseView=true&amp;manufacturer=&amp;resultCatEntryType=&amp;catalogId=10576&amp;pageView=&amp;facet=mfName_ntk_cs%253ALindt&amp;minPrice=&amp;categoryId=25573&amp;storeId=10601&quot;,&quot;name&quot;:&quot;Lindt&quot;,&quot;count&quot;:&quot;53&quot;,&quot;className&quot;:&quot;&quot;},{&quot;url&quot;:&quot;http://shop.coles.com.au/online/SearchDisplay?searchTermScope=&amp;multiSearch=&amp;searchType=2&amp;maxPrice=&amp;showResultsPage=true&amp;langId=-1&amp;beginIndex=0&amp;sType=SimpleSearch&amp;metaData=&amp;browseView=true&amp;manufacturer=&amp;resultCatEntryType=&amp;catalogId=10576&amp;pageView=&amp;facet=mfName_ntk_cs%253ALingham%2527s&amp;minPrice=&amp;categoryId=25573&amp;storeId=10601&quot;,&quot;name&quot;:&quot;Lingham's&quot;,&quot;count&quot;:&quot;1&quot;,&quot;className&quot;:&quot;&quot;},{&quot;url&quot;:&quot;http://shop.coles.com.au/online/SearchDisplay?searchTermScope=&amp;multiSearch=&amp;searchType=2&amp;maxPrice=&amp;showResultsPage=true&amp;langId=-1&amp;beginIndex=0&amp;sType=SimpleSearch&amp;metaData=&amp;browseView=true&amp;manufacturer=&amp;resultCatEntryType=&amp;catalogId=10576&amp;pageView=&amp;facet=mfName_ntk_cs%253ALinghams&amp;minPrice=&amp;categoryId=25573&amp;storeId=10601&quot;,&quot;name&quot;:&quot;Linghams&quot;,&quot;count&quot;:&quot;1&quot;,&quot;className&quot;:&quot;&quot;},{&quot;url&quot;:&quot;http://shop.coles.com.au/online/SearchDisplay?searchTermScope=&amp;multiSearch=&amp;searchType=2&amp;maxPrice=&amp;showResultsPage=true&amp;langId=-1&amp;beginIndex=0&amp;sType=SimpleSearch&amp;metaData=&amp;browseView=true&amp;manufacturer=&amp;resultCatEntryType=&amp;catalogId=10576&amp;pageView=&amp;facet=mfName_ntk_cs%253ALino&amp;minPrice=&amp;categoryId=25573&amp;storeId=10601&quot;,&quot;name&quot;:&quot;Lino&quot;,&quot;count&quot;:&quot;2&quot;,&quot;className&quot;:&quot;&quot;},{&quot;url&quot;:&quot;http://shop.coles.com.au/online/SearchDisplay?searchTermScope=&amp;multiSearch=&amp;searchType=2&amp;maxPrice=&amp;showResultsPage=true&amp;langId=-1&amp;beginIndex=0&amp;sType=SimpleSearch&amp;metaData=&amp;browseView=true&amp;manufacturer=&amp;resultCatEntryType=&amp;catalogId=10576&amp;pageView=&amp;facet=mfName_ntk_cs%253ALipton&amp;minPrice=&amp;categoryId=25573&amp;storeId=10601&quot;,&quot;name&quot;:&quot;Lipton&quot;,&quot;count&quot;:&quot;51&quot;,&quot;className&quot;:&quot;&quot;},{&quot;url&quot;:&quot;http://shop.coles.com.au/online/SearchDisplay?searchTermScope=&amp;multiSearch=&amp;searchType=2&amp;maxPrice=&amp;showResultsPage=true&amp;langId=-1&amp;beginIndex=0&amp;sType=SimpleSearch&amp;metaData=&amp;browseView=true&amp;manufacturer=&amp;resultCatEntryType=&amp;catalogId=10576&amp;pageView=&amp;facet=mfName_ntk_cs%253ALocal%2BLegends&amp;minPrice=&amp;categoryId=25573&amp;storeId=10601&quot;,&quot;name&quot;:&quot;Local Legends&quot;,&quot;count&quot;:&quot;2&quot;,&quot;className&quot;:&quot;&quot;},{&quot;url&quot;:&quot;http://shop.coles.com.au/online/SearchDisplay?searchTermScope=&amp;multiSearch=&amp;searchType=2&amp;maxPrice=&amp;showResultsPage=true&amp;langId=-1&amp;beginIndex=0&amp;sType=SimpleSearch&amp;metaData=&amp;browseView=true&amp;manufacturer=&amp;resultCatEntryType=&amp;catalogId=10576&amp;pageView=&amp;facet=mfName_ntk_cs%253ALotus&amp;minPrice=&amp;categoryId=25573&amp;storeId=10601&quot;,&quot;name&quot;:&quot;Lotus&quot;,&quot;count&quot;:&quot;1&quot;,&quot;className&quot;:&quot;&quot;},{&quot;url&quot;:&quot;http://shop.coles.com.au/online/SearchDisplay?searchTermScope=&amp;multiSearch=&amp;searchType=2&amp;maxPrice=&amp;showResultsPage=true&amp;langId=-1&amp;beginIndex=0&amp;sType=SimpleSearch&amp;metaData=&amp;browseView=true&amp;manufacturer=&amp;resultCatEntryType=&amp;catalogId=10576&amp;pageView=&amp;facet=mfName_ntk_cs%253ALotus%2BPeak&amp;minPrice=&amp;categoryId=25573&amp;storeId=10601&quot;,&quot;name&quot;:&quot;Lotus Peak&quot;,&quot;count&quot;:&quot;2&quot;,&quot;className&quot;:&quot;&quot;},{&quot;url&quot;:&quot;http://shop.coles.com.au/online/SearchDisplay?searchTermScope=&amp;multiSearch=&amp;searchType=2&amp;maxPrice=&amp;showResultsPage=true&amp;langId=-1&amp;beginIndex=0&amp;sType=SimpleSearch&amp;metaData=&amp;browseView=true&amp;manufacturer=&amp;resultCatEntryType=&amp;catalogId=10576&amp;pageView=&amp;facet=mfName_ntk_cs%253ALowan&amp;minPrice=&amp;categoryId=25573&amp;storeId=10601&quot;,&quot;name&quot;:&quot;Lowan&quot;,&quot;count&quot;:&quot;12&quot;,&quot;className&quot;:&quot;&quot;},{&quot;url&quot;:&quot;http://shop.coles.com.au/online/SearchDisplay?searchTermScope=&amp;multiSearch=&amp;searchType=2&amp;maxPrice=&amp;showResultsPage=true&amp;langId=-1&amp;beginIndex=0&amp;sType=SimpleSearch&amp;metaData=&amp;browseView=true&amp;manufacturer=&amp;resultCatEntryType=&amp;catalogId=10576&amp;pageView=&amp;facet=mfName_ntk_cs%253ALucky&amp;minPrice=&amp;categoryId=25573&amp;storeId=10601&quot;,&quot;name&quot;:&quot;Lucky&quot;,&quot;count&quot;:&quot;49&quot;,&quot;className&quot;:&quot;&quot;},{&quot;url&quot;:&quot;http://shop.coles.com.au/online/SearchDisplay?searchTermScope=&amp;multiSearch=&amp;searchType=2&amp;maxPrice=&amp;showResultsPage=true&amp;langId=-1&amp;beginIndex=0&amp;sType=SimpleSearch&amp;metaData=&amp;browseView=true&amp;manufacturer=&amp;resultCatEntryType=&amp;catalogId=10576&amp;pageView=&amp;facet=mfName_ntk_cs%253AM%2526Ms&amp;minPrice=&amp;categoryId=25573&amp;storeId=10601&quot;,&quot;name&quot;:&quot;M&amp;Ms&quot;,&quot;count&quot;:&quot;1&quot;,&quot;className&quot;:&quot;&quot;},{&quot;url&quot;:&quot;http://shop.coles.com.au/online/SearchDisplay?searchTermScope=&amp;multiSearch=&amp;searchType=2&amp;maxPrice=&amp;showResultsPage=true&amp;langId=-1&amp;beginIndex=0&amp;sType=SimpleSearch&amp;metaData=&amp;browseView=true&amp;manufacturer=&amp;resultCatEntryType=&amp;catalogId=10576&amp;pageView=&amp;facet=mfName_ntk_cs%253AMadame%2BFlavour&amp;minPrice=&amp;categoryId=25573&amp;storeId=10601&quot;,&quot;name&quot;:&quot;Madame Flavour&quot;,&quot;count&quot;:&quot;5&quot;,&quot;className&quot;:&quot;&quot;},{&quot;url&quot;:&quot;http://shop.coles.com.au/online/SearchDisplay?searchTermScope=&amp;multiSearch=&amp;searchType=2&amp;maxPrice=&amp;showResultsPage=true&amp;langId=-1&amp;beginIndex=0&amp;sType=SimpleSearch&amp;metaData=&amp;browseView=true&amp;manufacturer=&amp;resultCatEntryType=&amp;catalogId=10576&amp;pageView=&amp;facet=mfName_ntk_cs%253AMadura&amp;minPrice=&amp;categoryId=25573&amp;storeId=10601&quot;,&quot;name&quot;:&quot;Madura&quot;,&quot;count&quot;:&quot;10&quot;,&quot;className&quot;:&quot;&quot;},{&quot;url&quot;:&quot;http://shop.coles.com.au/online/SearchDisplay?searchTermScope=&amp;multiSearch=&amp;searchType=2&amp;maxPrice=&amp;showResultsPage=true&amp;langId=-1&amp;beginIndex=0&amp;sType=SimpleSearch&amp;metaData=&amp;browseView=true&amp;manufacturer=&amp;resultCatEntryType=&amp;catalogId=10576&amp;pageView=&amp;facet=mfName_ntk_cs%253AMae%2BPloy&amp;minPrice=&amp;categoryId=25573&amp;storeId=10601&quot;,&quot;name&quot;:&quot;Mae Ploy&quot;,&quot;count&quot;:&quot;4&quot;,&quot;className&quot;:&quot;&quot;},{&quot;url&quot;:&quot;http://shop.coles.com.au/online/SearchDisplay?searchTermScope=&amp;multiSearch=&amp;searchType=2&amp;maxPrice=&amp;showResultsPage=true&amp;langId=-1&amp;beginIndex=0&amp;sType=SimpleSearch&amp;metaData=&amp;browseView=true&amp;manufacturer=&amp;resultCatEntryType=&amp;catalogId=10576&amp;pageView=&amp;facet=mfName_ntk_cs%253AMaggi&amp;minPrice=&amp;categoryId=25573&amp;storeId=10601&quot;,&quot;name&quot;:&quot;Maggi&quot;,&quot;count&quot;:&quot;55&quot;,&quot;className&quot;:&quot;&quot;},{&quot;url&quot;:&quot;http://shop.coles.com.au/online/SearchDisplay?searchTermScope=&amp;multiSearch=&amp;searchType=2&amp;maxPrice=&amp;showResultsPage=true&amp;langId=-1&amp;beginIndex=0&amp;sType=SimpleSearch&amp;metaData=&amp;browseView=true&amp;manufacturer=&amp;resultCatEntryType=&amp;catalogId=10576&amp;pageView=&amp;facet=mfName_ntk_cs%253AMaharajahs%2BChoice&amp;minPrice=&amp;categoryId=25573&amp;storeId=10601&quot;,&quot;name&quot;:&quot;Maharajahs Choice&quot;,&quot;count&quot;:&quot;1&quot;,&quot;className&quot;:&quot;&quot;},{&quot;url&quot;:&quot;http://shop.coles.com.au/online/SearchDisplay?searchTermScope=&amp;multiSearch=&amp;searchType=2&amp;maxPrice=&amp;showResultsPage=true&amp;langId=-1&amp;beginIndex=0&amp;sType=SimpleSearch&amp;metaData=&amp;browseView=true&amp;manufacturer=&amp;resultCatEntryType=&amp;catalogId=10576&amp;pageView=&amp;facet=mfName_ntk_cs%253AMaille&amp;minPrice=&amp;categoryId=25573&amp;storeId=10601&quot;,&quot;name&quot;:&quot;Maille&quot;,&quot;count&quot;:&quot;8&quot;,&quot;className&quot;:&quot;&quot;},{&quot;url&quot;:&quot;http://shop.coles.com.au/online/SearchDisplay?searchTermScope=&amp;multiSearch=&amp;searchType=2&amp;maxPrice=&amp;showResultsPage=true&amp;langId=-1&amp;beginIndex=0&amp;sType=SimpleSearch&amp;metaData=&amp;browseView=true&amp;manufacturer=&amp;resultCatEntryType=&amp;catalogId=10576&amp;pageView=&amp;facet=mfName_ntk_cs%253AMajan%2527s&amp;minPrice=&amp;categoryId=25573&amp;storeId=10601&quot;,&quot;name&quot;:&quot;Majan's&quot;,&quot;count&quot;:&quot;3&quot;,&quot;className&quot;:&quot;&quot;},{&quot;url&quot;:&quot;http://shop.coles.com.au/online/SearchDisplay?searchTermScope=&amp;multiSearch=&amp;searchType=2&amp;maxPrice=&amp;showResultsPage=true&amp;langId=-1&amp;beginIndex=0&amp;sType=SimpleSearch&amp;metaData=&amp;browseView=true&amp;manufacturer=&amp;resultCatEntryType=&amp;catalogId=10576&amp;pageView=&amp;facet=mfName_ntk_cs%253AMaldon&amp;minPrice=&amp;categoryId=25573&amp;storeId=10601&quot;,&quot;name&quot;:&quot;Maldon&quot;,&quot;count&quot;:&quot;1&quot;,&quot;className&quot;:&quot;&quot;},{&quot;url&quot;:&quot;http://shop.coles.com.au/online/SearchDisplay?searchTermScope=&amp;multiSearch=&amp;searchType=2&amp;maxPrice=&amp;showResultsPage=true&amp;langId=-1&amp;beginIndex=0&amp;sType=SimpleSearch&amp;metaData=&amp;browseView=true&amp;manufacturer=&amp;resultCatEntryType=&amp;catalogId=10576&amp;pageView=&amp;facet=mfName_ntk_cs%253AMalteaster&amp;minPrice=&amp;categoryId=25573&amp;storeId=10601&quot;,&quot;name&quot;:&quot;Malteaster&quot;,&quot;count&quot;:&quot;2&quot;,&quot;className&quot;:&quot;&quot;},{&quot;url&quot;:&quot;http://shop.coles.com.au/online/SearchDisplay?searchTermScope=&amp;multiSearch=&amp;searchType=2&amp;maxPrice=&amp;showResultsPage=true&amp;langId=-1&amp;beginIndex=0&amp;sType=SimpleSearch&amp;metaData=&amp;browseView=true&amp;manufacturer=&amp;resultCatEntryType=&amp;catalogId=10576&amp;pageView=&amp;facet=mfName_ntk_cs%253AMaltesers&amp;minPrice=&amp;categoryId=25573&amp;storeId=10601&quot;,&quot;name&quot;:&quot;Maltesers&quot;,&quot;count&quot;:&quot;1&quot;,&quot;className&quot;:&quot;&quot;},{&quot;url&quot;:&quot;http://shop.coles.com.au/online/SearchDisplay?searchTermScope=&amp;multiSearch=&amp;searchType=2&amp;maxPrice=&amp;showResultsPage=true&amp;langId=-1&amp;beginIndex=0&amp;sType=SimpleSearch&amp;metaData=&amp;browseView=true&amp;manufacturer=&amp;resultCatEntryType=&amp;catalogId=10576&amp;pageView=&amp;facet=mfName_ntk_cs%253AMamee&amp;minPrice=&amp;categoryId=25573&amp;storeId=10601&quot;,&quot;name&quot;:&quot;Mamee&quot;,&quot;count&quot;:&quot;5&quot;,&quot;className&quot;:&quot;&quot;},{&quot;url&quot;:&quot;http://shop.coles.com.au/online/SearchDisplay?searchTermScope=&amp;multiSearch=&amp;searchType=2&amp;maxPrice=&amp;showResultsPage=true&amp;langId=-1&amp;beginIndex=0&amp;sType=SimpleSearch&amp;metaData=&amp;browseView=true&amp;manufacturer=&amp;resultCatEntryType=&amp;catalogId=10576&amp;pageView=&amp;facet=mfName_ntk_cs%253AMap&amp;minPrice=&amp;categoryId=25573&amp;storeId=10601&quot;,&quot;name&quot;:&quot;Map&quot;,&quot;count&quot;:&quot;1&quot;,&quot;className&quot;:&quot;&quot;},{&quot;url&quot;:&quot;http://shop.coles.com.au/online/SearchDisplay?searchTermScope=&amp;multiSearch=&amp;searchType=2&amp;maxPrice=&amp;showResultsPage=true&amp;langId=-1&amp;beginIndex=0&amp;sType=SimpleSearch&amp;metaData=&amp;browseView=true&amp;manufacturer=&amp;resultCatEntryType=&amp;catalogId=10576&amp;pageView=&amp;facet=mfName_ntk_cs%253AMap%2BCaffitaly&amp;minPrice=&amp;categoryId=25573&amp;storeId=10601&quot;,&quot;name&quot;:&quot;Map Caffitaly&quot;,&quot;count&quot;:&quot;2&quot;,&quot;className&quot;:&quot;&quot;},{&quot;url&quot;:&quot;http://shop.coles.com.au/online/SearchDisplay?searchTermScope=&amp;multiSearch=&amp;searchType=2&amp;maxPrice=&amp;showResultsPage=true&amp;langId=-1&amp;beginIndex=0&amp;sType=SimpleSearch&amp;metaData=&amp;browseView=true&amp;manufacturer=&amp;resultCatEntryType=&amp;catalogId=10576&amp;pageView=&amp;facet=mfName_ntk_cs%253AMarco%2BPolo&amp;minPrice=&amp;categoryId=25573&amp;storeId=10601&quot;,&quot;name&quot;:&quot;Marco Polo&quot;,&quot;count&quot;:&quot;1&quot;,&quot;className&quot;:&quot;&quot;},{&quot;url&quot;:&quot;http://shop.coles.com.au/online/SearchDisplay?searchTermScope=&amp;multiSearch=&amp;searchType=2&amp;maxPrice=&amp;showResultsPage=true&amp;langId=-1&amp;beginIndex=0&amp;sType=SimpleSearch&amp;metaData=&amp;browseView=true&amp;manufacturer=&amp;resultCatEntryType=&amp;catalogId=10576&amp;pageView=&amp;facet=mfName_ntk_cs%253AMario%2527s&amp;minPrice=&amp;categoryId=25573&amp;storeId=10601&quot;,&quot;name&quot;:&quot;Mario's&quot;,&quot;count&quot;:&quot;4&quot;,&quot;className&quot;:&quot;&quot;},{&quot;url&quot;:&quot;http://shop.coles.com.au/online/SearchDisplay?searchTermScope=&amp;multiSearch=&amp;searchType=2&amp;maxPrice=&amp;showResultsPage=true&amp;langId=-1&amp;beginIndex=0&amp;sType=SimpleSearch&amp;metaData=&amp;browseView=true&amp;manufacturer=&amp;resultCatEntryType=&amp;catalogId=10576&amp;pageView=&amp;facet=mfName_ntk_cs%253AMarion%2527s%2BKitchen&amp;minPrice=&amp;categoryId=25573&amp;storeId=10601&quot;,&quot;name&quot;:&quot;Marion's Kitchen&quot;,&quot;count&quot;:&quot;6&quot;,&quot;className&quot;:&quot;&quot;},{&quot;url&quot;:&quot;http://shop.coles.com.au/online/SearchDisplay?searchTermScope=&amp;multiSearch=&amp;searchType=2&amp;maxPrice=&amp;showResultsPage=true&amp;langId=-1&amp;beginIndex=0&amp;sType=SimpleSearch&amp;metaData=&amp;browseView=true&amp;manufacturer=&amp;resultCatEntryType=&amp;catalogId=10576&amp;pageView=&amp;facet=mfName_ntk_cs%253AMarmite&amp;minPrice=&amp;categoryId=25573&amp;storeId=10601&quot;,&quot;name&quot;:&quot;Marmite&quot;,&quot;count&quot;:&quot;1&quot;,&quot;className&quot;:&quot;&quot;},{&quot;url&quot;:&quot;http://shop.coles.com.au/online/SearchDisplay?searchTermScope=&amp;multiSearch=&amp;searchType=2&amp;maxPrice=&amp;showResultsPage=true&amp;langId=-1&amp;beginIndex=0&amp;sType=SimpleSearch&amp;metaData=&amp;browseView=true&amp;manufacturer=&amp;resultCatEntryType=&amp;catalogId=10576&amp;pageView=&amp;facet=mfName_ntk_cs%253AMars&amp;minPrice=&amp;categoryId=25573&amp;storeId=10601&quot;,&quot;name&quot;:&quot;Mars&quot;,&quot;count&quot;:&quot;47&quot;,&quot;className&quot;:&quot;&quot;},{&quot;url&quot;:&quot;http://shop.coles.com.au/online/SearchDisplay?searchTermScope=&amp;multiSearch=&amp;searchType=2&amp;maxPrice=&amp;showResultsPage=true&amp;langId=-1&amp;beginIndex=0&amp;sType=SimpleSearch&amp;metaData=&amp;browseView=true&amp;manufacturer=&amp;resultCatEntryType=&amp;catalogId=10576&amp;pageView=&amp;facet=mfName_ntk_cs%253AMary%2BMacks&amp;minPrice=&amp;categoryId=25573&amp;storeId=10601&quot;,&quot;name&quot;:&quot;Mary Macks&quot;,&quot;count&quot;:&quot;1&quot;,&quot;className&quot;:&quot;&quot;},{&quot;url&quot;:&quot;http://shop.coles.com.au/online/SearchDisplay?searchTermScope=&amp;multiSearch=&amp;searchType=2&amp;maxPrice=&amp;showResultsPage=true&amp;langId=-1&amp;beginIndex=0&amp;sType=SimpleSearch&amp;metaData=&amp;browseView=true&amp;manufacturer=&amp;resultCatEntryType=&amp;catalogId=10576&amp;pageView=&amp;facet=mfName_ntk_cs%253AMary%2527s%2BGone&amp;minPrice=&amp;categoryId=25573&amp;storeId=10601&quot;,&quot;name&quot;:&quot;Mary's Gone&quot;,&quot;count&quot;:&quot;1&quot;,&quot;className&quot;:&quot;&quot;},{&quot;url&quot;:&quot;http://shop.coles.com.au/online/SearchDisplay?searchTermScope=&amp;multiSearch=&amp;searchType=2&amp;maxPrice=&amp;showResultsPage=true&amp;langId=-1&amp;beginIndex=0&amp;sType=SimpleSearch&amp;metaData=&amp;browseView=true&amp;manufacturer=&amp;resultCatEntryType=&amp;catalogId=10576&amp;pageView=&amp;facet=mfName_ntk_cs%253AMary%2527s%2BGone%2BCrackers&amp;minPrice=&amp;categoryId=25573&amp;storeId=10601&quot;,&quot;name&quot;:&quot;Mary's Gone Crackers&quot;,&quot;count&quot;:&quot;1&quot;,&quot;className&quot;:&quot;&quot;},{&quot;url&quot;:&quot;http://shop.coles.com.au/online/SearchDisplay?searchTermScope=&amp;multiSearch=&amp;searchType=2&amp;maxPrice=&amp;showResultsPage=true&amp;langId=-1&amp;beginIndex=0&amp;sType=SimpleSearch&amp;metaData=&amp;browseView=true&amp;manufacturer=&amp;resultCatEntryType=&amp;catalogId=10576&amp;pageView=&amp;facet=mfName_ntk_cs%253AMassel&amp;minPrice=&amp;categoryId=25573&amp;storeId=10601&quot;,&quot;name&quot;:&quot;Massel&quot;,&quot;count&quot;:&quot;17&quot;,&quot;className&quot;:&quot;&quot;},{&quot;url&quot;:&quot;http://shop.coles.com.au/online/SearchDisplay?searchTermScope=&amp;multiSearch=&amp;searchType=2&amp;maxPrice=&amp;showResultsPage=true&amp;langId=-1&amp;beginIndex=0&amp;sType=SimpleSearch&amp;metaData=&amp;browseView=true&amp;manufacturer=&amp;resultCatEntryType=&amp;catalogId=10576&amp;pageView=&amp;facet=mfName_ntk_cs%253AMastefoods&amp;minPrice=&amp;categoryId=25573&amp;storeId=10601&quot;,&quot;name&quot;:&quot;Mastefoods&quot;,&quot;count&quot;:&quot;4&quot;,&quot;className&quot;:&quot;&quot;},{&quot;url&quot;:&quot;http://shop.coles.com.au/online/SearchDisplay?searchTermScope=&amp;multiSearch=&amp;searchType=2&amp;maxPrice=&amp;showResultsPage=true&amp;langId=-1&amp;beginIndex=0&amp;sType=SimpleSearch&amp;metaData=&amp;browseView=true&amp;manufacturer=&amp;resultCatEntryType=&amp;catalogId=10576&amp;pageView=&amp;facet=mfName_ntk_cs%253AMasterfoods&amp;minPrice=&amp;categoryId=25573&amp;storeId=10601&quot;,&quot;name&quot;:&quot;Masterfoods&quot;,&quot;count&quot;:&quot;195&quot;,&quot;className&quot;:&quot;&quot;},{&quot;url&quot;:&quot;http://shop.coles.com.au/online/SearchDisplay?searchTermScope=&amp;multiSearch=&amp;searchType=2&amp;maxPrice=&amp;showResultsPage=true&amp;langId=-1&amp;beginIndex=0&amp;sType=SimpleSearch&amp;metaData=&amp;browseView=true&amp;manufacturer=&amp;resultCatEntryType=&amp;catalogId=10576&amp;pageView=&amp;facet=mfName_ntk_cs%253AMasterfoods%2BOven%2BEasy&amp;minPrice=&amp;categoryId=25573&amp;storeId=10601&quot;,&quot;name&quot;:&quot;Masterfoods Oven Easy&quot;,&quot;count&quot;:&quot;4&quot;,&quot;className&quot;:&quot;&quot;},{&quot;url&quot;:&quot;http://shop.coles.com.au/online/SearchDisplay?searchTermScope=&amp;multiSearch=&amp;searchType=2&amp;maxPrice=&amp;showResultsPage=true&amp;langId=-1&amp;beginIndex=0&amp;sType=SimpleSearch&amp;metaData=&amp;browseView=true&amp;manufacturer=&amp;resultCatEntryType=&amp;catalogId=10576&amp;pageView=&amp;facet=mfName_ntk_cs%253AMaynards&amp;minPrice=&amp;categoryId=25573&amp;storeId=10601&quot;,&quot;name&quot;:&quot;Maynards&quot;,&quot;count&quot;:&quot;2&quot;,&quot;className&quot;:&quot;&quot;},{&quot;url&quot;:&quot;http://shop.coles.com.au/online/SearchDisplay?searchTermScope=&amp;multiSearch=&amp;searchType=2&amp;maxPrice=&amp;showResultsPage=true&amp;langId=-1&amp;beginIndex=0&amp;sType=SimpleSearch&amp;metaData=&amp;browseView=true&amp;manufacturer=&amp;resultCatEntryType=&amp;catalogId=10576&amp;pageView=&amp;facet=mfName_ntk_cs%253AMayvers&amp;minPrice=&amp;categoryId=25573&amp;storeId=10601&quot;,&quot;name&quot;:&quot;Mayvers&quot;,&quot;count&quot;:&quot;7&quot;,&quot;className&quot;:&quot;&quot;},{&quot;url&quot;:&quot;http://shop.coles.com.au/online/SearchDisplay?searchTermScope=&amp;multiSearch=&amp;searchType=2&amp;maxPrice=&amp;showResultsPage=true&amp;langId=-1&amp;beginIndex=0&amp;sType=SimpleSearch&amp;metaData=&amp;browseView=true&amp;manufacturer=&amp;resultCatEntryType=&amp;catalogId=10576&amp;pageView=&amp;facet=mfName_ntk_cs%253AMazzetti&amp;minPrice=&amp;categoryId=25573&amp;storeId=10601&quot;,&quot;name&quot;:&quot;Mazzetti&quot;,&quot;count&quot;:&quot;4&quot;,&quot;className&quot;:&quot;&quot;},{&quot;url&quot;:&quot;http://shop.coles.com.au/online/SearchDisplay?searchTermScope=&amp;multiSearch=&amp;searchType=2&amp;maxPrice=&amp;showResultsPage=true&amp;langId=-1&amp;beginIndex=0&amp;sType=SimpleSearch&amp;metaData=&amp;browseView=true&amp;manufacturer=&amp;resultCatEntryType=&amp;catalogId=10576&amp;pageView=&amp;facet=mfName_ntk_cs%253AMcCormick&amp;minPrice=&amp;categoryId=25573&amp;storeId=10601&quot;,&quot;name&quot;:&quot;McCormick&quot;,&quot;count&quot;:&quot;16&quot;,&quot;className&quot;:&quot;&quot;},{&quot;url&quot;:&quot;http://shop.coles.com.au/online/SearchDisplay?searchTermScope=&amp;multiSearch=&amp;searchType=2&amp;maxPrice=&amp;showResultsPage=true&amp;langId=-1&amp;beginIndex=0&amp;sType=SimpleSearch&amp;metaData=&amp;browseView=true&amp;manufacturer=&amp;resultCatEntryType=&amp;catalogId=10576&amp;pageView=&amp;facet=mfName_ntk_cs%253AMcCormicks&amp;minPrice=&amp;categoryId=25573&amp;storeId=10601&quot;,&quot;name&quot;:&quot;McCormicks&quot;,&quot;count&quot;:&quot;2&quot;,&quot;className&quot;:&quot;&quot;},{&quot;url&quot;:&quot;http://shop.coles.com.au/online/SearchDisplay?searchTermScope=&amp;multiSearch=&amp;searchType=2&amp;maxPrice=&amp;showResultsPage=true&amp;langId=-1&amp;beginIndex=0&amp;sType=SimpleSearch&amp;metaData=&amp;browseView=true&amp;manufacturer=&amp;resultCatEntryType=&amp;catalogId=10576&amp;pageView=&amp;facet=mfName_ntk_cs%253AMcIlhenney&amp;minPrice=&amp;categoryId=25573&amp;storeId=10601&quot;,&quot;name&quot;:&quot;McIlhenney&quot;,&quot;count&quot;:&quot;3&quot;,&quot;className&quot;:&quot;&quot;},{&quot;url&quot;:&quot;http://shop.coles.com.au/online/SearchDisplay?searchTermScope=&amp;multiSearch=&amp;searchType=2&amp;maxPrice=&amp;showResultsPage=true&amp;langId=-1&amp;beginIndex=0&amp;sType=SimpleSearch&amp;metaData=&amp;browseView=true&amp;manufacturer=&amp;resultCatEntryType=&amp;catalogId=10576&amp;pageView=&amp;facet=mfName_ntk_cs%253AMcKenzie&amp;minPrice=&amp;categoryId=25573&amp;storeId=10601&quot;,&quot;name&quot;:&quot;McKenzie&quot;,&quot;count&quot;:&quot;1&quot;,&quot;className&quot;:&quot;&quot;},{&quot;url&quot;:&quot;http://shop.coles.com.au/online/SearchDisplay?searchTermScope=&amp;multiSearch=&amp;searchType=2&amp;maxPrice=&amp;showResultsPage=true&amp;langId=-1&amp;beginIndex=0&amp;sType=SimpleSearch&amp;metaData=&amp;browseView=true&amp;manufacturer=&amp;resultCatEntryType=&amp;catalogId=10576&amp;pageView=&amp;facet=mfName_ntk_cs%253AMcKenzie%2527s&amp;minPrice=&amp;categoryId=25573&amp;storeId=10601&quot;,&quot;name&quot;:&quot;McKenzie's&quot;,&quot;count&quot;:&quot;30&quot;,&quot;className&quot;:&quot;&quot;},{&quot;url&quot;:&quot;http://shop.coles.com.au/online/SearchDisplay?searchTermScope=&amp;multiSearch=&amp;searchType=2&amp;maxPrice=&amp;showResultsPage=true&amp;langId=-1&amp;beginIndex=0&amp;sType=SimpleSearch&amp;metaData=&amp;browseView=true&amp;manufacturer=&amp;resultCatEntryType=&amp;catalogId=10576&amp;pageView=&amp;facet=mfName_ntk_cs%253AMcVitie%2527s&amp;minPrice=&amp;categoryId=25573&amp;storeId=10601&quot;,&quot;name&quot;:&quot;McVitie's&quot;,&quot;count&quot;:&quot;4&quot;,&quot;className&quot;:&quot;&quot;},{&quot;url&quot;:&quot;http://shop.coles.com.au/online/SearchDisplay?searchTermScope=&amp;multiSearch=&amp;searchType=2&amp;maxPrice=&amp;showResultsPage=true&amp;langId=-1&amp;beginIndex=0&amp;sType=SimpleSearch&amp;metaData=&amp;browseView=true&amp;manufacturer=&amp;resultCatEntryType=&amp;catalogId=10576&amp;pageView=&amp;facet=mfName_ntk_cs%253AMccormick&amp;minPrice=&amp;categoryId=25573&amp;storeId=10601&quot;,&quot;name&quot;:&quot;Mccormick&quot;,&quot;count&quot;:&quot;2&quot;,&quot;className&quot;:&quot;&quot;},{&quot;url&quot;:&quot;http://shop.coles.com.au/online/SearchDisplay?searchTermScope=&amp;multiSearch=&amp;searchType=2&amp;maxPrice=&amp;showResultsPage=true&amp;langId=-1&amp;beginIndex=0&amp;sType=SimpleSearch&amp;metaData=&amp;browseView=true&amp;manufacturer=&amp;resultCatEntryType=&amp;catalogId=10576&amp;pageView=&amp;facet=mfName_ntk_cs%253AMckenzie%2527s&amp;minPrice=&amp;categoryId=25573&amp;storeId=10601&quot;,&quot;name&quot;:&quot;Mckenzie's&quot;,&quot;count&quot;:&quot;2&quot;,&quot;className&quot;:&quot;&quot;},{&quot;url&quot;:&quot;http://shop.coles.com.au/online/SearchDisplay?searchTermScope=&amp;multiSearch=&amp;searchType=2&amp;maxPrice=&amp;showResultsPage=true&amp;langId=-1&amp;beginIndex=0&amp;sType=SimpleSearch&amp;metaData=&amp;browseView=true&amp;manufacturer=&amp;resultCatEntryType=&amp;catalogId=10576&amp;pageView=&amp;facet=mfName_ntk_cs%253AMcvities&amp;minPrice=&amp;categoryId=25573&amp;storeId=10601&quot;,&quot;name&quot;:&quot;Mcvities&quot;,&quot;count&quot;:&quot;2&quot;,&quot;className&quot;:&quot;&quot;},{&quot;url&quot;:&quot;http://shop.coles.com.au/online/SearchDisplay?searchTermScope=&amp;multiSearch=&amp;searchType=2&amp;maxPrice=&amp;showResultsPage=true&amp;langId=-1&amp;beginIndex=0&amp;sType=SimpleSearch&amp;metaData=&amp;browseView=true&amp;manufacturer=&amp;resultCatEntryType=&amp;catalogId=10576&amp;pageView=&amp;facet=mfName_ntk_cs%253AMechalany&amp;minPrice=&amp;categoryId=25573&amp;storeId=10601&quot;,&quot;name&quot;:&quot;Mechalany&quot;,&quot;count&quot;:&quot;1&quot;,&quot;className&quot;:&quot;&quot;},{&quot;url&quot;:&quot;http://shop.coles.com.au/online/SearchDisplay?searchTermScope=&amp;multiSearch=&amp;searchType=2&amp;maxPrice=&amp;showResultsPage=true&amp;langId=-1&amp;beginIndex=0&amp;sType=SimpleSearch&amp;metaData=&amp;browseView=true&amp;manufacturer=&amp;resultCatEntryType=&amp;catalogId=10576&amp;pageView=&amp;facet=mfName_ntk_cs%253AMelinda%2527s&amp;minPrice=&amp;categoryId=25573&amp;storeId=10601&quot;,&quot;name&quot;:&quot;Melinda's&quot;,&quot;count&quot;:&quot;3&quot;,&quot;className&quot;:&quot;&quot;},{&quot;url&quot;:&quot;http://shop.coles.com.au/online/SearchDisplay?searchTermScope=&amp;multiSearch=&amp;searchType=2&amp;maxPrice=&amp;showResultsPage=true&amp;langId=-1&amp;beginIndex=0&amp;sType=SimpleSearch&amp;metaData=&amp;browseView=true&amp;manufacturer=&amp;resultCatEntryType=&amp;catalogId=10576&amp;pageView=&amp;facet=mfName_ntk_cs%253AMelitta&amp;minPrice=&amp;categoryId=25573&amp;storeId=10601&quot;,&quot;name&quot;:&quot;Melitta&quot;,&quot;count&quot;:&quot;2&quot;,&quot;className&quot;:&quot;&quot;},{&quot;url&quot;:&quot;http://shop.coles.com.au/online/SearchDisplay?searchTermScope=&amp;multiSearch=&amp;searchType=2&amp;maxPrice=&amp;showResultsPage=true&amp;langId=-1&amp;beginIndex=0&amp;sType=SimpleSearch&amp;metaData=&amp;browseView=true&amp;manufacturer=&amp;resultCatEntryType=&amp;catalogId=10576&amp;pageView=&amp;facet=mfName_ntk_cs%253AMelrose&amp;minPrice=&amp;categoryId=25573&amp;storeId=10601&quot;,&quot;name&quot;:&quot;Melrose&quot;,&quot;count&quot;:&quot;4&quot;,&quot;className&quot;:&quot;&quot;},{&quot;url&quot;:&quot;http://shop.coles.com.au/online/SearchDisplay?searchTermScope=&amp;multiSearch=&amp;searchType=2&amp;maxPrice=&amp;showResultsPage=true&amp;langId=-1&amp;beginIndex=0&amp;sType=SimpleSearch&amp;metaData=&amp;browseView=true&amp;manufacturer=&amp;resultCatEntryType=&amp;catalogId=10576&amp;pageView=&amp;facet=mfName_ntk_cs%253AMelrose%2BNaturals&amp;minPrice=&amp;categoryId=25573&amp;storeId=10601&quot;,&quot;name&quot;:&quot;Melrose Naturals&quot;,&quot;count&quot;:&quot;1&quot;,&quot;className&quot;:&quot;&quot;},{&quot;url&quot;:&quot;http://shop.coles.com.au/online/SearchDisplay?searchTermScope=&amp;multiSearch=&amp;searchType=2&amp;maxPrice=&amp;showResultsPage=true&amp;langId=-1&amp;beginIndex=0&amp;sType=SimpleSearch&amp;metaData=&amp;browseView=true&amp;manufacturer=&amp;resultCatEntryType=&amp;catalogId=10576&amp;pageView=&amp;facet=mfName_ntk_cs%253AMelrose%2BOrganic&amp;minPrice=&amp;categoryId=25573&amp;storeId=10601&quot;,&quot;name&quot;:&quot;Melrose Organic&quot;,&quot;count&quot;:&quot;2&quot;,&quot;className&quot;:&quot;&quot;},{&quot;url&quot;:&quot;http://shop.coles.com.au/online/SearchDisplay?searchTermScope=&amp;multiSearch=&amp;searchType=2&amp;maxPrice=&amp;showResultsPage=true&amp;langId=-1&amp;beginIndex=0&amp;sType=SimpleSearch&amp;metaData=&amp;browseView=true&amp;manufacturer=&amp;resultCatEntryType=&amp;catalogId=10576&amp;pageView=&amp;facet=mfName_ntk_cs%253AMentos&amp;minPrice=&amp;categoryId=25573&amp;storeId=10601&quot;,&quot;name&quot;:&quot;Mentos&quot;,&quot;count&quot;:&quot;19&quot;,&quot;className&quot;:&quot;&quot;},{&quot;url&quot;:&quot;http://shop.coles.com.au/online/SearchDisplay?searchTermScope=&amp;multiSearch=&amp;searchType=2&amp;maxPrice=&amp;showResultsPage=true&amp;langId=-1&amp;beginIndex=0&amp;sType=SimpleSearch&amp;metaData=&amp;browseView=true&amp;manufacturer=&amp;resultCatEntryType=&amp;catalogId=10576&amp;pageView=&amp;facet=mfName_ntk_cs%253AMighty%2BMite&amp;minPrice=&amp;categoryId=25573&amp;storeId=10601&quot;,&quot;name&quot;:&quot;Mighty Mite&quot;,&quot;count&quot;:&quot;1&quot;,&quot;className&quot;:&quot;&quot;},{&quot;url&quot;:&quot;http://shop.coles.com.au/online/SearchDisplay?searchTermScope=&amp;multiSearch=&amp;searchType=2&amp;maxPrice=&amp;showResultsPage=true&amp;langId=-1&amp;beginIndex=0&amp;sType=SimpleSearch&amp;metaData=&amp;browseView=true&amp;manufacturer=&amp;resultCatEntryType=&amp;catalogId=10576&amp;pageView=&amp;facet=mfName_ntk_cs%253AMilk%2BActive&amp;minPrice=&amp;categoryId=25573&amp;storeId=10601&quot;,&quot;name&quot;:&quot;Milk Active&quot;,&quot;count&quot;:&quot;2&quot;,&quot;className&quot;:&quot;&quot;},{&quot;url&quot;:&quot;http://shop.coles.com.au/online/SearchDisplay?searchTermScope=&amp;multiSearch=&amp;searchType=2&amp;maxPrice=&amp;showResultsPage=true&amp;langId=-1&amp;beginIndex=0&amp;sType=SimpleSearch&amp;metaData=&amp;browseView=true&amp;manufacturer=&amp;resultCatEntryType=&amp;catalogId=10576&amp;pageView=&amp;facet=mfName_ntk_cs%253AMilky%2BWay&amp;minPrice=&amp;categoryId=25573&amp;storeId=10601&quot;,&quot;name&quot;:&quot;Milky Way&quot;,&quot;count&quot;:&quot;1&quot;,&quot;className&quot;:&quot;&quot;},{&quot;url&quot;:&quot;http://shop.coles.com.au/online/SearchDisplay?searchTermScope=&amp;multiSearch=&amp;searchType=2&amp;maxPrice=&amp;showResultsPage=true&amp;langId=-1&amp;beginIndex=0&amp;sType=SimpleSearch&amp;metaData=&amp;browseView=true&amp;manufacturer=&amp;resultCatEntryType=&amp;catalogId=10576&amp;pageView=&amp;facet=mfName_ntk_cs%253AMinerva&amp;minPrice=&amp;categoryId=25573&amp;storeId=10601&quot;,&quot;name&quot;:&quot;Minerva&quot;,&quot;count&quot;:&quot;2&quot;,&quot;className&quot;:&quot;&quot;},{&quot;url&quot;:&quot;http://shop.coles.com.au/online/SearchDisplay?searchTermScope=&amp;multiSearch=&amp;searchType=2&amp;maxPrice=&amp;showResultsPage=true&amp;langId=-1&amp;beginIndex=0&amp;sType=SimpleSearch&amp;metaData=&amp;browseView=true&amp;manufacturer=&amp;resultCatEntryType=&amp;catalogId=10576&amp;pageView=&amp;facet=mfName_ntk_cs%253AMitani&amp;minPrice=&amp;categoryId=25573&amp;storeId=10601&quot;,&quot;name&quot;:&quot;Mitani&quot;,&quot;count&quot;:&quot;2&quot;,&quot;className&quot;:&quot;&quot;},{&quot;url&quot;:&quot;http://shop.coles.com.au/online/SearchDisplay?searchTermScope=&amp;multiSearch=&amp;searchType=2&amp;maxPrice=&amp;showResultsPage=true&amp;langId=-1&amp;beginIndex=0&amp;sType=SimpleSearch&amp;metaData=&amp;browseView=true&amp;manufacturer=&amp;resultCatEntryType=&amp;catalogId=10576&amp;pageView=&amp;facet=mfName_ntk_cs%253AMizkan&amp;minPrice=&amp;categoryId=25573&amp;storeId=10601&quot;,&quot;name&quot;:&quot;Mizkan&quot;,&quot;count&quot;:&quot;1&quot;,&quot;className&quot;:&quot;&quot;},{&quot;url&quot;:&quot;http://shop.coles.com.au/online/SearchDisplay?searchTermScope=&amp;multiSearch=&amp;searchType=2&amp;maxPrice=&amp;showResultsPage=true&amp;langId=-1&amp;beginIndex=0&amp;sType=SimpleSearch&amp;metaData=&amp;browseView=true&amp;manufacturer=&amp;resultCatEntryType=&amp;catalogId=10576&amp;pageView=&amp;facet=mfName_ntk_cs%253AMoccona&amp;minPrice=&amp;categoryId=25573&amp;storeId=10601&quot;,&quot;name&quot;:&quot;Moccona&quot;,&quot;count&quot;:&quot;27&quot;,&quot;className&quot;:&quot;&quot;},{&quot;url&quot;:&quot;http://shop.coles.com.au/online/SearchDisplay?searchTermScope=&amp;multiSearch=&amp;searchType=2&amp;maxPrice=&amp;showResultsPage=true&amp;langId=-1&amp;beginIndex=0&amp;sType=SimpleSearch&amp;metaData=&amp;browseView=true&amp;manufacturer=&amp;resultCatEntryType=&amp;catalogId=10576&amp;pageView=&amp;facet=mfName_ntk_cs%253AMomos%2BMeals&amp;minPrice=&amp;categoryId=25573&amp;storeId=10601&quot;,&quot;name&quot;:&quot;Momos Meals&quot;,&quot;count&quot;:&quot;3&quot;,&quot;className&quot;:&quot;&quot;},{&quot;url&quot;:&quot;http://shop.coles.com.au/online/SearchDisplay?searchTermScope=&amp;multiSearch=&amp;searchType=2&amp;maxPrice=&amp;showResultsPage=true&amp;langId=-1&amp;beginIndex=0&amp;sType=SimpleSearch&amp;metaData=&amp;browseView=true&amp;manufacturer=&amp;resultCatEntryType=&amp;catalogId=10576&amp;pageView=&amp;facet=mfName_ntk_cs%253AMon&amp;minPrice=&amp;categoryId=25573&amp;storeId=10601&quot;,&quot;name&quot;:&quot;Mon&quot;,&quot;count&quot;:&quot;1&quot;,&quot;className&quot;:&quot;&quot;},{&quot;url&quot;:&quot;http://shop.coles.com.au/online/SearchDisplay?searchTermScope=&amp;multiSearch=&amp;searchType=2&amp;maxPrice=&amp;showResultsPage=true&amp;langId=-1&amp;beginIndex=0&amp;sType=SimpleSearch&amp;metaData=&amp;browseView=true&amp;manufacturer=&amp;resultCatEntryType=&amp;catalogId=10576&amp;pageView=&amp;facet=mfName_ntk_cs%253AMonini&amp;minPrice=&amp;categoryId=25573&amp;storeId=10601&quot;,&quot;name&quot;:&quot;Monini&quot;,&quot;count&quot;:&quot;5&quot;,&quot;className&quot;:&quot;&quot;},{&quot;url&quot;:&quot;http://shop.coles.com.au/online/SearchDisplay?searchTermScope=&amp;multiSearch=&amp;searchType=2&amp;maxPrice=&amp;showResultsPage=true&amp;langId=-1&amp;beginIndex=0&amp;sType=SimpleSearch&amp;metaData=&amp;browseView=true&amp;manufacturer=&amp;resultCatEntryType=&amp;catalogId=10576&amp;pageView=&amp;facet=mfName_ntk_cs%253AMonster&amp;minPrice=&amp;categoryId=25573&amp;storeId=10601&quot;,&quot;name&quot;:&quot;Monster&quot;,&quot;count&quot;:&quot;2&quot;,&quot;className&quot;:&quot;&quot;},{&quot;url&quot;:&quot;http://shop.coles.com.au/online/SearchDisplay?searchTermScope=&amp;multiSearch=&amp;searchType=2&amp;maxPrice=&amp;showResultsPage=true&amp;langId=-1&amp;beginIndex=0&amp;sType=SimpleSearch&amp;metaData=&amp;browseView=true&amp;manufacturer=&amp;resultCatEntryType=&amp;catalogId=10576&amp;pageView=&amp;facet=mfName_ntk_cs%253AMonster%2BMuesli&amp;minPrice=&amp;categoryId=25573&amp;storeId=10601&quot;,&quot;name&quot;:&quot;Monster Muesli&quot;,&quot;count&quot;:&quot;1&quot;,&quot;className&quot;:&quot;&quot;},{&quot;url&quot;:&quot;http://shop.coles.com.au/online/SearchDisplay?searchTermScope=&amp;multiSearch=&amp;searchType=2&amp;maxPrice=&amp;showResultsPage=true&amp;langId=-1&amp;beginIndex=0&amp;sType=SimpleSearch&amp;metaData=&amp;browseView=true&amp;manufacturer=&amp;resultCatEntryType=&amp;catalogId=10576&amp;pageView=&amp;facet=mfName_ntk_cs%253AMoo%2BFree%2BMini%2BMoo%2527s&amp;minPrice=&amp;categoryId=25573&amp;storeId=10601&quot;,&quot;name&quot;:&quot;Moo Free Mini Moo's&quot;,&quot;count&quot;:&quot;2&quot;,&quot;className&quot;:&quot;&quot;},{&quot;url&quot;:&quot;http://shop.coles.com.au/online/SearchDisplay?searchTermScope=&amp;multiSearch=&amp;searchType=2&amp;maxPrice=&amp;showResultsPage=true&amp;langId=-1&amp;beginIndex=0&amp;sType=SimpleSearch&amp;metaData=&amp;browseView=true&amp;manufacturer=&amp;resultCatEntryType=&amp;catalogId=10576&amp;pageView=&amp;facet=mfName_ntk_cs%253AMorinaga&amp;minPrice=&amp;categoryId=25573&amp;storeId=10601&quot;,&quot;name&quot;:&quot;Morinaga&quot;,&quot;count&quot;:&quot;1&quot;,&quot;className&quot;:&quot;&quot;},{&quot;url&quot;:&quot;http://shop.coles.com.au/online/SearchDisplay?searchTermScope=&amp;multiSearch=&amp;searchType=2&amp;maxPrice=&amp;showResultsPage=true&amp;langId=-1&amp;beginIndex=0&amp;sType=SimpleSearch&amp;metaData=&amp;browseView=true&amp;manufacturer=&amp;resultCatEntryType=&amp;catalogId=10576&amp;pageView=&amp;facet=mfName_ntk_cs%253AMorita&amp;minPrice=&amp;categoryId=25573&amp;storeId=10601&quot;,&quot;name&quot;:&quot;Morita&quot;,&quot;count&quot;:&quot;1&quot;,&quot;className&quot;:&quot;&quot;},{&quot;url&quot;:&quot;http://shop.coles.com.au/online/SearchDisplay?searchTermScope=&amp;multiSearch=&amp;searchType=2&amp;maxPrice=&amp;showResultsPage=true&amp;langId=-1&amp;beginIndex=0&amp;sType=SimpleSearch&amp;metaData=&amp;browseView=true&amp;manufacturer=&amp;resultCatEntryType=&amp;catalogId=10576&amp;pageView=&amp;facet=mfName_ntk_cs%253AMorlife&amp;minPrice=&amp;categoryId=25573&amp;storeId=10601&quot;,&quot;name&quot;:&quot;Morlife&quot;,&quot;count&quot;:&quot;2&quot;,&quot;className&quot;:&quot;&quot;},{&quot;url&quot;:&quot;http://shop.coles.com.au/online/SearchDisplay?searchTermScope=&amp;multiSearch=&amp;searchType=2&amp;maxPrice=&amp;showResultsPage=true&amp;langId=-1&amp;beginIndex=0&amp;sType=SimpleSearch&amp;metaData=&amp;browseView=true&amp;manufacturer=&amp;resultCatEntryType=&amp;catalogId=10576&amp;pageView=&amp;facet=mfName_ntk_cs%253AMorning%2BSun&amp;minPrice=&amp;categoryId=25573&amp;storeId=10601&quot;,&quot;name&quot;:&quot;Morning Sun&quot;,&quot;count&quot;:&quot;4&quot;,&quot;className&quot;:&quot;&quot;},{&quot;url&quot;:&quot;http://shop.coles.com.au/online/SearchDisplay?searchTermScope=&amp;multiSearch=&amp;searchType=2&amp;maxPrice=&amp;showResultsPage=true&amp;langId=-1&amp;beginIndex=0&amp;sType=SimpleSearch&amp;metaData=&amp;browseView=true&amp;manufacturer=&amp;resultCatEntryType=&amp;catalogId=10576&amp;pageView=&amp;facet=mfName_ntk_cs%253AMoro&amp;minPrice=&amp;categoryId=25573&amp;storeId=10601&quot;,&quot;name&quot;:&quot;Moro&quot;,&quot;count&quot;:&quot;24&quot;,&quot;className&quot;:&quot;&quot;},{&quot;url&quot;:&quot;http://shop.coles.com.au/online/SearchDisplay?searchTermScope=&amp;multiSearch=&amp;searchType=2&amp;maxPrice=&amp;showResultsPage=true&amp;langId=-1&amp;beginIndex=0&amp;sType=SimpleSearch&amp;metaData=&amp;browseView=true&amp;manufacturer=&amp;resultCatEntryType=&amp;catalogId=10576&amp;pageView=&amp;facet=mfName_ntk_cs%253AMother%2BEarth&amp;minPrice=&amp;categoryId=25573&amp;storeId=10601&quot;,&quot;name&quot;:&quot;Mother Earth&quot;,&quot;count&quot;:&quot;18&quot;,&quot;className&quot;:&quot;&quot;},{&quot;url&quot;:&quot;http://shop.coles.com.au/online/SearchDisplay?searchTermScope=&amp;multiSearch=&amp;searchType=2&amp;maxPrice=&amp;showResultsPage=true&amp;langId=-1&amp;beginIndex=0&amp;sType=SimpleSearch&amp;metaData=&amp;browseView=true&amp;manufacturer=&amp;resultCatEntryType=&amp;catalogId=10576&amp;pageView=&amp;facet=mfName_ntk_cs%253AMother%2BEarth%2BBrekkie&amp;minPrice=&amp;categoryId=25573&amp;storeId=10601&quot;,&quot;name&quot;:&quot;Mother Earth Brekkie&quot;,&quot;count&quot;:&quot;1&quot;,&quot;className&quot;:&quot;&quot;},{&quot;url&quot;:&quot;http://shop.coles.com.au/online/SearchDisplay?searchTermScope=&amp;multiSearch=&amp;searchType=2&amp;maxPrice=&amp;showResultsPage=true&amp;langId=-1&amp;beginIndex=0&amp;sType=SimpleSearch&amp;metaData=&amp;browseView=true&amp;manufacturer=&amp;resultCatEntryType=&amp;catalogId=10576&amp;pageView=&amp;facet=mfName_ntk_cs%253AMoulin%2BCan&amp;minPrice=&amp;categoryId=25573&amp;storeId=10601&quot;,&quot;name&quot;:&quot;Moulin Can&quot;,&quot;count&quot;:&quot;1&quot;,&quot;className&quot;:&quot;&quot;},{&quot;url&quot;:&quot;http://shop.coles.com.au/online/SearchDisplay?searchTermScope=&amp;multiSearch=&amp;searchType=2&amp;maxPrice=&amp;showResultsPage=true&amp;langId=-1&amp;beginIndex=0&amp;sType=SimpleSearch&amp;metaData=&amp;browseView=true&amp;manufacturer=&amp;resultCatEntryType=&amp;catalogId=10576&amp;pageView=&amp;facet=mfName_ntk_cs%253AMovietime&amp;minPrice=&amp;categoryId=25573&amp;storeId=10601&quot;,&quot;name&quot;:&quot;Movietime&quot;,&quot;count&quot;:&quot;1&quot;,&quot;className&quot;:&quot;&quot;},{&quot;url&quot;:&quot;http://shop.coles.com.au/online/SearchDisplay?searchTermScope=&amp;multiSearch=&amp;searchType=2&amp;maxPrice=&amp;showResultsPage=true&amp;langId=-1&amp;beginIndex=0&amp;sType=SimpleSearch&amp;metaData=&amp;browseView=true&amp;manufacturer=&amp;resultCatEntryType=&amp;catalogId=10576&amp;pageView=&amp;facet=mfName_ntk_cs%253AMrs%2BMay%2527s%2BNatural&amp;minPrice=&amp;categoryId=25573&amp;storeId=10601&quot;,&quot;name&quot;:&quot;Mrs May's Natural&quot;,&quot;count&quot;:&quot;2&quot;,&quot;className&quot;:&quot;&quot;},{&quot;url&quot;:&quot;http://shop.coles.com.au/online/SearchDisplay?searchTermScope=&amp;multiSearch=&amp;searchType=2&amp;maxPrice=&amp;showResultsPage=true&amp;langId=-1&amp;beginIndex=0&amp;sType=SimpleSearch&amp;metaData=&amp;browseView=true&amp;manufacturer=&amp;resultCatEntryType=&amp;catalogId=10576&amp;pageView=&amp;facet=mfName_ntk_cs%253AMrs.%2BMay%2527s&amp;minPrice=&amp;categoryId=25573&amp;storeId=10601&quot;,&quot;name&quot;:&quot;Mrs. May's&quot;,&quot;count&quot;:&quot;1&quot;,&quot;className&quot;:&quot;&quot;},{&quot;url&quot;:&quot;http://shop.coles.com.au/online/SearchDisplay?searchTermScope=&amp;multiSearch=&amp;searchType=2&amp;maxPrice=&amp;showResultsPage=true&amp;langId=-1&amp;beginIndex=0&amp;sType=SimpleSearch&amp;metaData=&amp;browseView=true&amp;manufacturer=&amp;resultCatEntryType=&amp;catalogId=10576&amp;pageView=&amp;facet=mfName_ntk_cs%253AMt%2BAdams&amp;minPrice=&amp;categoryId=25573&amp;storeId=10601&quot;,&quot;name&quot;:&quot;Mt Adams&quot;,&quot;count&quot;:&quot;1&quot;,&quot;className&quot;:&quot;&quot;},{&quot;url&quot;:&quot;http://shop.coles.com.au/online/SearchDisplay?searchTermScope=&amp;multiSearch=&amp;searchType=2&amp;maxPrice=&amp;showResultsPage=true&amp;langId=-1&amp;beginIndex=0&amp;sType=SimpleSearch&amp;metaData=&amp;browseView=true&amp;manufacturer=&amp;resultCatEntryType=&amp;catalogId=10576&amp;pageView=&amp;facet=mfName_ntk_cs%253AMug%2BShot&amp;minPrice=&amp;categoryId=25573&amp;storeId=10601&quot;,&quot;name&quot;:&quot;Mug Shot&quot;,&quot;count&quot;:&quot;6&quot;,&quot;className&quot;:&quot;&quot;},{&quot;url&quot;:&quot;http://shop.coles.com.au/online/SearchDisplay?searchTermScope=&amp;multiSearch=&amp;searchType=2&amp;maxPrice=&amp;showResultsPage=true&amp;langId=-1&amp;beginIndex=0&amp;sType=SimpleSearch&amp;metaData=&amp;browseView=true&amp;manufacturer=&amp;resultCatEntryType=&amp;catalogId=10576&amp;pageView=&amp;facet=mfName_ntk_cs%253AMusashi&amp;minPrice=&amp;categoryId=25573&amp;storeId=10601&quot;,&quot;name&quot;:&quot;Musashi&quot;,&quot;count&quot;:&quot;5&quot;,&quot;className&quot;:&quot;&quot;},{&quot;url&quot;:&quot;http://shop.coles.com.au/online/SearchDisplay?searchTermScope=&amp;multiSearch=&amp;searchType=2&amp;maxPrice=&amp;showResultsPage=true&amp;langId=-1&amp;beginIndex=0&amp;sType=SimpleSearch&amp;metaData=&amp;browseView=true&amp;manufacturer=&amp;resultCatEntryType=&amp;catalogId=10576&amp;pageView=&amp;facet=mfName_ntk_cs%253AMutti&amp;minPrice=&amp;categoryId=25573&amp;storeId=10601&quot;,&quot;name&quot;:&quot;Mutti&quot;,&quot;count&quot;:&quot;10&quot;,&quot;className&quot;:&quot;&quot;},{&quot;url&quot;:&quot;http://shop.coles.com.au/online/SearchDisplay?searchTermScope=&amp;multiSearch=&amp;searchType=2&amp;maxPrice=&amp;showResultsPage=true&amp;langId=-1&amp;beginIndex=0&amp;sType=SimpleSearch&amp;metaData=&amp;browseView=true&amp;manufacturer=&amp;resultCatEntryType=&amp;catalogId=10576&amp;pageView=&amp;facet=mfName_ntk_cs%253AMy%2BYummy%2BLunchbox&amp;minPrice=&amp;categoryId=25573&amp;storeId=10601&quot;,&quot;name&quot;:&quot;My Yummy Lunchbox&quot;,&quot;count&quot;:&quot;21&quot;,&quot;className&quot;:&quot;&quot;},{&quot;url&quot;:&quot;http://shop.coles.com.au/online/SearchDisplay?searchTermScope=&amp;multiSearch=&amp;searchType=2&amp;maxPrice=&amp;showResultsPage=true&amp;langId=-1&amp;beginIndex=0&amp;sType=SimpleSearch&amp;metaData=&amp;browseView=true&amp;manufacturer=&amp;resultCatEntryType=&amp;catalogId=10576&amp;pageView=&amp;facet=mfName_ntk_cs%253ANSM&amp;minPrice=&amp;categoryId=25573&amp;storeId=10601&quot;,&quot;name&quot;:&quot;NSM&quot;,&quot;count&quot;:&quot;1&quot;,&quot;className&quot;:&quot;&quot;},{&quot;url&quot;:&quot;http://shop.coles.com.au/online/SearchDisplay?searchTermScope=&amp;multiSearch=&amp;searchType=2&amp;maxPrice=&amp;showResultsPage=true&amp;langId=-1&amp;beginIndex=0&amp;sType=SimpleSearch&amp;metaData=&amp;browseView=true&amp;manufacturer=&amp;resultCatEntryType=&amp;catalogId=10576&amp;pageView=&amp;facet=mfName_ntk_cs%253ANabisco&amp;minPrice=&amp;categoryId=25573&amp;storeId=10601&quot;,&quot;name&quot;:&quot;Nabisco&quot;,&quot;count&quot;:&quot;9&quot;,&quot;className&quot;:&quot;&quot;},{&quot;url&quot;:&quot;http://shop.coles.com.au/online/SearchDisplay?searchTermScope=&amp;multiSearch=&amp;searchType=2&amp;maxPrice=&amp;showResultsPage=true&amp;langId=-1&amp;beginIndex=0&amp;sType=SimpleSearch&amp;metaData=&amp;browseView=true&amp;manufacturer=&amp;resultCatEntryType=&amp;catalogId=10576&amp;pageView=&amp;facet=mfName_ntk_cs%253ANando%2527s&amp;minPrice=&amp;categoryId=25573&amp;storeId=10601&quot;,&quot;name&quot;:&quot;Nando's&quot;,&quot;count&quot;:&quot;13&quot;,&quot;className&quot;:&quot;&quot;},{&quot;url&quot;:&quot;http://shop.coles.com.au/online/SearchDisplay?searchTermScope=&amp;multiSearch=&amp;searchType=2&amp;maxPrice=&amp;showResultsPage=true&amp;langId=-1&amp;beginIndex=0&amp;sType=SimpleSearch&amp;metaData=&amp;browseView=true&amp;manufacturer=&amp;resultCatEntryType=&amp;catalogId=10576&amp;pageView=&amp;facet=mfName_ntk_cs%253ANatural&amp;minPrice=&amp;categoryId=25573&amp;storeId=10601&quot;,&quot;name&quot;:&quot;Natural&quot;,&quot;count&quot;:&quot;2&quot;,&quot;className&quot;:&quot;&quot;},{&quot;url&quot;:&quot;http://shop.coles.com.au/online/SearchDisplay?searchTermScope=&amp;multiSearch=&amp;searchType=2&amp;maxPrice=&amp;showResultsPage=true&amp;langId=-1&amp;beginIndex=0&amp;sType=SimpleSearch&amp;metaData=&amp;browseView=true&amp;manufacturer=&amp;resultCatEntryType=&amp;catalogId=10576&amp;pageView=&amp;facet=mfName_ntk_cs%253ANatural%2BChip%2BCompany&amp;minPrice=&amp;categoryId=25573&amp;storeId=10601&quot;,&quot;name&quot;:&quot;Natural Chip Company&quot;,&quot;count&quot;:&quot;9&quot;,&quot;className&quot;:&quot;&quot;},{&quot;url&quot;:&quot;http://shop.coles.com.au/online/SearchDisplay?searchTermScope=&amp;multiSearch=&amp;searchType=2&amp;maxPrice=&amp;showResultsPage=true&amp;langId=-1&amp;beginIndex=0&amp;sType=SimpleSearch&amp;metaData=&amp;browseView=true&amp;manufacturer=&amp;resultCatEntryType=&amp;catalogId=10576&amp;pageView=&amp;facet=mfName_ntk_cs%253ANatural%2BRemedies&amp;minPrice=&amp;categoryId=25573&amp;storeId=10601&quot;,&quot;name&quot;:&quot;Natural Remedies&quot;,&quot;count&quot;:&quot;3&quot;,&quot;className&quot;:&quot;&quot;},{&quot;url&quot;:&quot;http://shop.coles.com.au/online/SearchDisplay?searchTermScope=&amp;multiSearch=&amp;searchType=2&amp;maxPrice=&amp;showResultsPage=true&amp;langId=-1&amp;beginIndex=0&amp;sType=SimpleSearch&amp;metaData=&amp;browseView=true&amp;manufacturer=&amp;resultCatEntryType=&amp;catalogId=10576&amp;pageView=&amp;facet=mfName_ntk_cs%253ANaturally%2BGood&amp;minPrice=&amp;categoryId=25573&amp;storeId=10601&quot;,&quot;name&quot;:&quot;Naturally Good&quot;,&quot;count&quot;:&quot;3&quot;,&quot;className&quot;:&quot;&quot;},{&quot;url&quot;:&quot;http://shop.coles.com.au/online/SearchDisplay?searchTermScope=&amp;multiSearch=&amp;searchType=2&amp;maxPrice=&amp;showResultsPage=true&amp;langId=-1&amp;beginIndex=0&amp;sType=SimpleSearch&amp;metaData=&amp;browseView=true&amp;manufacturer=&amp;resultCatEntryType=&amp;catalogId=10576&amp;pageView=&amp;facet=mfName_ntk_cs%253ANature%2BValley&amp;minPrice=&amp;categoryId=25573&amp;storeId=10601&quot;,&quot;name&quot;:&quot;Nature Valley&quot;,&quot;count&quot;:&quot;7&quot;,&quot;className&quot;:&quot;&quot;},{&quot;url&quot;:&quot;http://shop.coles.com.au/online/SearchDisplay?searchTermScope=&amp;multiSearch=&amp;searchType=2&amp;maxPrice=&amp;showResultsPage=true&amp;langId=-1&amp;beginIndex=0&amp;sType=SimpleSearch&amp;metaData=&amp;browseView=true&amp;manufacturer=&amp;resultCatEntryType=&amp;catalogId=10576&amp;pageView=&amp;facet=mfName_ntk_cs%253ANature%2527s%2BBlend&amp;minPrice=&amp;categoryId=25573&amp;storeId=10601&quot;,&quot;name&quot;:&quot;Nature's Blend&quot;,&quot;count&quot;:&quot;1&quot;,&quot;className&quot;:&quot;&quot;},{&quot;url&quot;:&quot;http://shop.coles.com.au/online/SearchDisplay?searchTermScope=&amp;multiSearch=&amp;searchType=2&amp;maxPrice=&amp;showResultsPage=true&amp;langId=-1&amp;beginIndex=0&amp;sType=SimpleSearch&amp;metaData=&amp;browseView=true&amp;manufacturer=&amp;resultCatEntryType=&amp;catalogId=10576&amp;pageView=&amp;facet=mfName_ntk_cs%253ANature%2527s%2BOwn&amp;minPrice=&amp;categoryId=25573&amp;storeId=10601&quot;,&quot;name&quot;:&quot;Nature's Own&quot;,&quot;count&quot;:&quot;12&quot;,&quot;className&quot;:&quot;&quot;},{&quot;url&quot;:&quot;http://shop.coles.com.au/online/SearchDisplay?searchTermScope=&amp;multiSearch=&amp;searchType=2&amp;maxPrice=&amp;showResultsPage=true&amp;langId=-1&amp;beginIndex=0&amp;sType=SimpleSearch&amp;metaData=&amp;browseView=true&amp;manufacturer=&amp;resultCatEntryType=&amp;catalogId=10576&amp;pageView=&amp;facet=mfName_ntk_cs%253ANature%2527s%2BWay&amp;minPrice=&amp;categoryId=25573&amp;storeId=10601&quot;,&quot;name&quot;:&quot;Nature's Way&quot;,&quot;count&quot;:&quot;5&quot;,&quot;className&quot;:&quot;&quot;},{&quot;url&quot;:&quot;http://shop.coles.com.au/online/SearchDisplay?searchTermScope=&amp;multiSearch=&amp;searchType=2&amp;maxPrice=&amp;showResultsPage=true&amp;langId=-1&amp;beginIndex=0&amp;sType=SimpleSearch&amp;metaData=&amp;browseView=true&amp;manufacturer=&amp;resultCatEntryType=&amp;catalogId=10576&amp;pageView=&amp;facet=mfName_ntk_cs%253ANatures%2BCuppa&amp;minPrice=&amp;categoryId=25573&amp;storeId=10601&quot;,&quot;name&quot;:&quot;Natures Cuppa&quot;,&quot;count&quot;:&quot;1&quot;,&quot;className&quot;:&quot;&quot;},{&quot;url&quot;:&quot;http://shop.coles.com.au/online/SearchDisplay?searchTermScope=&amp;multiSearch=&amp;searchType=2&amp;maxPrice=&amp;showResultsPage=true&amp;langId=-1&amp;beginIndex=0&amp;sType=SimpleSearch&amp;metaData=&amp;browseView=true&amp;manufacturer=&amp;resultCatEntryType=&amp;catalogId=10576&amp;pageView=&amp;facet=mfName_ntk_cs%253ANatures%2BFirst&amp;minPrice=&amp;categoryId=25573&amp;storeId=10601&quot;,&quot;name&quot;:&quot;Natures First&quot;,&quot;count&quot;:&quot;3&quot;,&quot;className&quot;:&quot;&quot;},{&quot;url&quot;:&quot;http://shop.coles.com.au/online/SearchDisplay?searchTermScope=&amp;multiSearch=&amp;searchType=2&amp;maxPrice=&amp;showResultsPage=true&amp;langId=-1&amp;beginIndex=0&amp;sType=SimpleSearch&amp;metaData=&amp;browseView=true&amp;manufacturer=&amp;resultCatEntryType=&amp;catalogId=10576&amp;pageView=&amp;facet=mfName_ntk_cs%253ANatvia&amp;minPrice=&amp;categoryId=25573&amp;storeId=10601&quot;,&quot;name&quot;:&quot;Natvia&quot;,&quot;count&quot;:&quot;6&quot;,&quot;className&quot;:&quot;&quot;},{&quot;url&quot;:&quot;http://shop.coles.com.au/online/SearchDisplay?searchTermScope=&amp;multiSearch=&amp;searchType=2&amp;maxPrice=&amp;showResultsPage=true&amp;langId=-1&amp;beginIndex=0&amp;sType=SimpleSearch&amp;metaData=&amp;browseView=true&amp;manufacturer=&amp;resultCatEntryType=&amp;catalogId=10576&amp;pageView=&amp;facet=mfName_ntk_cs%253ANemar&amp;minPrice=&amp;categoryId=25573&amp;storeId=10601&quot;,&quot;name&quot;:&quot;Nemar&quot;,&quot;count&quot;:&quot;1&quot;,&quot;className&quot;:&quot;&quot;},{&quot;url&quot;:&quot;http://shop.coles.com.au/online/SearchDisplay?searchTermScope=&amp;multiSearch=&amp;searchType=2&amp;maxPrice=&amp;showResultsPage=true&amp;langId=-1&amp;beginIndex=0&amp;sType=SimpleSearch&amp;metaData=&amp;browseView=true&amp;manufacturer=&amp;resultCatEntryType=&amp;catalogId=10576&amp;pageView=&amp;facet=mfName_ntk_cs%253ANerada&amp;minPrice=&amp;categoryId=25573&amp;storeId=10601&quot;,&quot;name&quot;:&quot;Nerada&quot;,&quot;count&quot;:&quot;12&quot;,&quot;className&quot;:&quot;&quot;},{&quot;url&quot;:&quot;http://shop.coles.com.au/online/SearchDisplay?searchTermScope=&amp;multiSearch=&amp;searchType=2&amp;maxPrice=&amp;showResultsPage=true&amp;langId=-1&amp;beginIndex=0&amp;sType=SimpleSearch&amp;metaData=&amp;browseView=true&amp;manufacturer=&amp;resultCatEntryType=&amp;catalogId=10576&amp;pageView=&amp;facet=mfName_ntk_cs%253ANescafe&amp;minPrice=&amp;categoryId=25573&amp;storeId=10601&quot;,&quot;name&quot;:&quot;Nescafe&quot;,&quot;count&quot;:&quot;49&quot;,&quot;className&quot;:&quot;&quot;},{&quot;url&quot;:&quot;http://shop.coles.com.au/online/SearchDisplay?searchTermScope=&amp;multiSearch=&amp;searchType=2&amp;maxPrice=&amp;showResultsPage=true&amp;langId=-1&amp;beginIndex=0&amp;sType=SimpleSearch&amp;metaData=&amp;browseView=true&amp;manufacturer=&amp;resultCatEntryType=&amp;catalogId=10576&amp;pageView=&amp;facet=mfName_ntk_cs%253ANestle&amp;minPrice=&amp;categoryId=25573&amp;storeId=10601&quot;,&quot;name&quot;:&quot;Nestle&quot;,&quot;count&quot;:&quot;62&quot;,&quot;className&quot;:&quot;&quot;},{&quot;url&quot;:&quot;http://shop.coles.com.au/online/SearchDisplay?searchTermScope=&amp;multiSearch=&amp;searchType=2&amp;maxPrice=&amp;showResultsPage=true&amp;langId=-1&amp;beginIndex=0&amp;sType=SimpleSearch&amp;metaData=&amp;browseView=true&amp;manufacturer=&amp;resultCatEntryType=&amp;catalogId=10576&amp;pageView=&amp;facet=mfName_ntk_cs%253ANexba&amp;minPrice=&amp;categoryId=25573&amp;storeId=10601&quot;,&quot;name&quot;:&quot;Nexba&quot;,&quot;count&quot;:&quot;3&quot;,&quot;className&quot;:&quot;&quot;},{&quot;url&quot;:&quot;http://shop.coles.com.au/online/SearchDisplay?searchTermScope=&amp;multiSearch=&amp;searchType=2&amp;maxPrice=&amp;showResultsPage=true&amp;langId=-1&amp;beginIndex=0&amp;sType=SimpleSearch&amp;metaData=&amp;browseView=true&amp;manufacturer=&amp;resultCatEntryType=&amp;catalogId=10576&amp;pageView=&amp;facet=mfName_ntk_cs%253ANice%2B%2526%2BNatural&amp;minPrice=&amp;categoryId=25573&amp;storeId=10601&quot;,&quot;name&quot;:&quot;Nice &amp; Natural&quot;,&quot;count&quot;:&quot;17&quot;,&quot;className&quot;:&quot;&quot;},{&quot;url&quot;:&quot;http://shop.coles.com.au/online/SearchDisplay?searchTermScope=&amp;multiSearch=&amp;searchType=2&amp;maxPrice=&amp;showResultsPage=true&amp;langId=-1&amp;beginIndex=0&amp;sType=SimpleSearch&amp;metaData=&amp;browseView=true&amp;manufacturer=&amp;resultCatEntryType=&amp;catalogId=10576&amp;pageView=&amp;facet=mfName_ntk_cs%253ANice%2BAnd%2BNatural&amp;minPrice=&amp;categoryId=25573&amp;storeId=10601&quot;,&quot;name&quot;:&quot;Nice And Natural&quot;,&quot;count&quot;:&quot;1&quot;,&quot;className&quot;:&quot;&quot;},{&quot;url&quot;:&quot;http://shop.coles.com.au/online/SearchDisplay?searchTermScope=&amp;multiSearch=&amp;searchType=2&amp;maxPrice=&amp;showResultsPage=true&amp;langId=-1&amp;beginIndex=0&amp;sType=SimpleSearch&amp;metaData=&amp;browseView=true&amp;manufacturer=&amp;resultCatEntryType=&amp;catalogId=10576&amp;pageView=&amp;facet=mfName_ntk_cs%253ANice%2BN%2527%2BTasty&amp;minPrice=&amp;categoryId=25573&amp;storeId=10601&quot;,&quot;name&quot;:&quot;Nice N' Tasty&quot;,&quot;count&quot;:&quot;2&quot;,&quot;className&quot;:&quot;&quot;},{&quot;url&quot;:&quot;http://shop.coles.com.au/online/SearchDisplay?searchTermScope=&amp;multiSearch=&amp;searchType=2&amp;maxPrice=&amp;showResultsPage=true&amp;langId=-1&amp;beginIndex=0&amp;sType=SimpleSearch&amp;metaData=&amp;browseView=true&amp;manufacturer=&amp;resultCatEntryType=&amp;catalogId=10576&amp;pageView=&amp;facet=mfName_ntk_cs%253ANirvana%2BXylitol&amp;minPrice=&amp;categoryId=25573&amp;storeId=10601&quot;,&quot;name&quot;:&quot;Nirvana Xylitol&quot;,&quot;count&quot;:&quot;1&quot;,&quot;className&quot;:&quot;&quot;},{&quot;url&quot;:&quot;http://shop.coles.com.au/online/SearchDisplay?searchTermScope=&amp;multiSearch=&amp;searchType=2&amp;maxPrice=&amp;showResultsPage=true&amp;langId=-1&amp;beginIndex=0&amp;sType=SimpleSearch&amp;metaData=&amp;browseView=true&amp;manufacturer=&amp;resultCatEntryType=&amp;catalogId=10576&amp;pageView=&amp;facet=mfName_ntk_cs%253ANisshin&amp;minPrice=&amp;categoryId=25573&amp;storeId=10601&quot;,&quot;name&quot;:&quot;Nisshin&quot;,&quot;count&quot;:&quot;1&quot;,&quot;className&quot;:&quot;&quot;},{&quot;url&quot;:&quot;http://shop.coles.com.au/online/SearchDisplay?searchTermScope=&amp;multiSearch=&amp;searchType=2&amp;maxPrice=&amp;showResultsPage=true&amp;langId=-1&amp;beginIndex=0&amp;sType=SimpleSearch&amp;metaData=&amp;browseView=true&amp;manufacturer=&amp;resultCatEntryType=&amp;catalogId=10576&amp;pageView=&amp;facet=mfName_ntk_cs%253ANobby%2527s&amp;minPrice=&amp;categoryId=25573&amp;storeId=10601&quot;,&quot;name&quot;:&quot;Nobby's&quot;,&quot;count&quot;:&quot;4&quot;,&quot;className&quot;:&quot;&quot;},{&quot;url&quot;:&quot;http://shop.coles.com.au/online/SearchDisplay?searchTermScope=&amp;multiSearch=&amp;searchType=2&amp;maxPrice=&amp;showResultsPage=true&amp;langId=-1&amp;beginIndex=0&amp;sType=SimpleSearch&amp;metaData=&amp;browseView=true&amp;manufacturer=&amp;resultCatEntryType=&amp;catalogId=10576&amp;pageView=&amp;facet=mfName_ntk_cs%253ANoble%2BChoice&amp;minPrice=&amp;categoryId=25573&amp;storeId=10601&quot;,&quot;name&quot;:&quot;Noble Choice&quot;,&quot;count&quot;:&quot;2&quot;,&quot;className&quot;:&quot;&quot;},{&quot;url&quot;:&quot;http://shop.coles.com.au/online/SearchDisplay?searchTermScope=&amp;multiSearch=&amp;searchType=2&amp;maxPrice=&amp;showResultsPage=true&amp;langId=-1&amp;beginIndex=0&amp;sType=SimpleSearch&amp;metaData=&amp;browseView=true&amp;manufacturer=&amp;resultCatEntryType=&amp;catalogId=10576&amp;pageView=&amp;facet=mfName_ntk_cs%253ANoodle%2BPartners&amp;minPrice=&amp;categoryId=25573&amp;storeId=10601&quot;,&quot;name&quot;:&quot;Noodle Partners&quot;,&quot;count&quot;:&quot;2&quot;,&quot;className&quot;:&quot;&quot;},{&quot;url&quot;:&quot;http://shop.coles.com.au/online/SearchDisplay?searchTermScope=&amp;multiSearch=&amp;searchType=2&amp;maxPrice=&amp;showResultsPage=true&amp;langId=-1&amp;beginIndex=0&amp;sType=SimpleSearch&amp;metaData=&amp;browseView=true&amp;manufacturer=&amp;resultCatEntryType=&amp;catalogId=10576&amp;pageView=&amp;facet=mfName_ntk_cs%253ANoodles%2BPartner&amp;minPrice=&amp;categoryId=25573&amp;storeId=10601&quot;,&quot;name&quot;:&quot;Noodles Partner&quot;,&quot;count&quot;:&quot;1&quot;,&quot;className&quot;:&quot;&quot;},{&quot;url&quot;:&quot;http://shop.coles.com.au/online/SearchDisplay?searchTermScope=&amp;multiSearch=&amp;searchType=2&amp;maxPrice=&amp;showResultsPage=true&amp;langId=-1&amp;beginIndex=0&amp;sType=SimpleSearch&amp;metaData=&amp;browseView=true&amp;manufacturer=&amp;resultCatEntryType=&amp;catalogId=10576&amp;pageView=&amp;facet=mfName_ntk_cs%253ANorbu&amp;minPrice=&amp;categoryId=25573&amp;storeId=10601&quot;,&quot;name&quot;:&quot;Norbu&quot;,&quot;count&quot;:&quot;3&quot;,&quot;className&quot;:&quot;&quot;},{&quot;url&quot;:&quot;http://shop.coles.com.au/online/SearchDisplay?searchTermScope=&amp;multiSearch=&amp;searchType=2&amp;maxPrice=&amp;showResultsPage=true&amp;langId=-1&amp;beginIndex=0&amp;sType=SimpleSearch&amp;metaData=&amp;browseView=true&amp;manufacturer=&amp;resultCatEntryType=&amp;catalogId=10576&amp;pageView=&amp;facet=mfName_ntk_cs%253ANorganic&amp;minPrice=&amp;categoryId=25573&amp;storeId=10601&quot;,&quot;name&quot;:&quot;Norganic&quot;,&quot;count&quot;:&quot;3&quot;,&quot;className&quot;:&quot;&quot;},{&quot;url&quot;:&quot;http://shop.coles.com.au/online/SearchDisplay?searchTermScope=&amp;multiSearch=&amp;searchType=2&amp;maxPrice=&amp;showResultsPage=true&amp;langId=-1&amp;beginIndex=0&amp;sType=SimpleSearch&amp;metaData=&amp;browseView=true&amp;manufacturer=&amp;resultCatEntryType=&amp;catalogId=10576&amp;pageView=&amp;facet=mfName_ntk_cs%253ANu%2BVit&amp;minPrice=&amp;categoryId=25573&amp;storeId=10601&quot;,&quot;name&quot;:&quot;Nu Vit&quot;,&quot;count&quot;:&quot;5&quot;,&quot;className&quot;:&quot;&quot;},{&quot;url&quot;:&quot;http://shop.coles.com.au/online/SearchDisplay?searchTermScope=&amp;multiSearch=&amp;searchType=2&amp;maxPrice=&amp;showResultsPage=true&amp;langId=-1&amp;beginIndex=0&amp;sType=SimpleSearch&amp;metaData=&amp;browseView=true&amp;manufacturer=&amp;resultCatEntryType=&amp;catalogId=10576&amp;pageView=&amp;facet=mfName_ntk_cs%253ANutella&amp;minPrice=&amp;categoryId=25573&amp;storeId=10601&quot;,&quot;name&quot;:&quot;Nutella&quot;,&quot;count&quot;:&quot;4&quot;,&quot;className&quot;:&quot;&quot;},{&quot;url&quot;:&quot;http://shop.coles.com.au/online/SearchDisplay?searchTermScope=&amp;multiSearch=&amp;searchType=2&amp;maxPrice=&amp;showResultsPage=true&amp;langId=-1&amp;beginIndex=0&amp;sType=SimpleSearch&amp;metaData=&amp;browseView=true&amp;manufacturer=&amp;resultCatEntryType=&amp;catalogId=10576&amp;pageView=&amp;facet=mfName_ntk_cs%253ANutino&amp;minPrice=&amp;categoryId=25573&amp;storeId=10601&quot;,&quot;name&quot;:&quot;Nutino&quot;,&quot;count&quot;:&quot;3&quot;,&quot;className&quot;:&quot;&quot;},{&quot;url&quot;:&quot;http://shop.coles.com.au/online/SearchDisplay?searchTermScope=&amp;multiSearch=&amp;searchType=2&amp;maxPrice=&amp;showResultsPage=true&amp;langId=-1&amp;beginIndex=0&amp;sType=SimpleSearch&amp;metaData=&amp;browseView=true&amp;manufacturer=&amp;resultCatEntryType=&amp;catalogId=10576&amp;pageView=&amp;facet=mfName_ntk_cs%253AOMG&amp;minPrice=&amp;categoryId=25573&amp;storeId=10601&quot;,&quot;name&quot;:&quot;OMG&quot;,&quot;count&quot;:&quot;1&quot;,&quot;className&quot;:&quot;&quot;},{&quot;url&quot;:&quot;http://shop.coles.com.au/online/SearchDisplay?searchTermScope=&amp;multiSearch=&amp;searchType=2&amp;maxPrice=&amp;showResultsPage=true&amp;langId=-1&amp;beginIndex=0&amp;sType=SimpleSearch&amp;metaData=&amp;browseView=true&amp;manufacturer=&amp;resultCatEntryType=&amp;catalogId=10576&amp;pageView=&amp;facet=mfName_ntk_cs%253AOasis&amp;minPrice=&amp;categoryId=25573&amp;storeId=10601&quot;,&quot;name&quot;:&quot;Oasis&quot;,&quot;count&quot;:&quot;1&quot;,&quot;className&quot;:&quot;&quot;},{&quot;url&quot;:&quot;http://shop.coles.com.au/online/SearchDisplay?searchTermScope=&amp;multiSearch=&amp;searchType=2&amp;maxPrice=&amp;showResultsPage=true&amp;langId=-1&amp;beginIndex=0&amp;sType=SimpleSearch&amp;metaData=&amp;browseView=true&amp;manufacturer=&amp;resultCatEntryType=&amp;catalogId=10576&amp;pageView=&amp;facet=mfName_ntk_cs%253AOat%2BBurst&amp;minPrice=&amp;categoryId=25573&amp;storeId=10601&quot;,&quot;name&quot;:&quot;Oat Burst&quot;,&quot;count&quot;:&quot;3&quot;,&quot;className&quot;:&quot;&quot;},{&quot;url&quot;:&quot;http://shop.coles.com.au/online/SearchDisplay?searchTermScope=&amp;multiSearch=&amp;searchType=2&amp;maxPrice=&amp;showResultsPage=true&amp;langId=-1&amp;beginIndex=0&amp;sType=SimpleSearch&amp;metaData=&amp;browseView=true&amp;manufacturer=&amp;resultCatEntryType=&amp;catalogId=10576&amp;pageView=&amp;facet=mfName_ntk_cs%253AObap&amp;minPrice=&amp;categoryId=25573&amp;storeId=10601&quot;,&quot;name&quot;:&quot;Obap&quot;,&quot;count&quot;:&quot;3&quot;,&quot;className&quot;:&quot;&quot;},{&quot;url&quot;:&quot;http://shop.coles.com.au/online/SearchDisplay?searchTermScope=&amp;multiSearch=&amp;searchType=2&amp;maxPrice=&amp;showResultsPage=true&amp;langId=-1&amp;beginIndex=0&amp;sType=SimpleSearch&amp;metaData=&amp;browseView=true&amp;manufacturer=&amp;resultCatEntryType=&amp;catalogId=10576&amp;pageView=&amp;facet=mfName_ntk_cs%253AObento&amp;minPrice=&amp;categoryId=25573&amp;storeId=10601&quot;,&quot;name&quot;:&quot;Obento&quot;,&quot;count&quot;:&quot;12&quot;,&quot;className&quot;:&quot;&quot;},{&quot;url&quot;:&quot;http://shop.coles.com.au/online/SearchDisplay?searchTermScope=&amp;multiSearch=&amp;searchType=2&amp;maxPrice=&amp;showResultsPage=true&amp;langId=-1&amp;beginIndex=0&amp;sType=SimpleSearch&amp;metaData=&amp;browseView=true&amp;manufacturer=&amp;resultCatEntryType=&amp;catalogId=10576&amp;pageView=&amp;facet=mfName_ntk_cs%253AObento%2BBowl&amp;minPrice=&amp;categoryId=25573&amp;storeId=10601&quot;,&quot;name&quot;:&quot;Obento Bowl&quot;,&quot;count&quot;:&quot;1&quot;,&quot;className&quot;:&quot;&quot;},{&quot;url&quot;:&quot;http://shop.coles.com.au/online/SearchDisplay?searchTermScope=&amp;multiSearch=&amp;searchType=2&amp;maxPrice=&amp;showResultsPage=true&amp;langId=-1&amp;beginIndex=0&amp;sType=SimpleSearch&amp;metaData=&amp;browseView=true&amp;manufacturer=&amp;resultCatEntryType=&amp;catalogId=10576&amp;pageView=&amp;facet=mfName_ntk_cs%253AOcean%2BSpray&amp;minPrice=&amp;categoryId=25573&amp;storeId=10601&quot;,&quot;name&quot;:&quot;Ocean Spray&quot;,&quot;count&quot;:&quot;5&quot;,&quot;className&quot;:&quot;&quot;},{&quot;url&quot;:&quot;http://shop.coles.com.au/online/SearchDisplay?searchTermScope=&amp;multiSearch=&amp;searchType=2&amp;maxPrice=&amp;showResultsPage=true&amp;langId=-1&amp;beginIndex=0&amp;sType=SimpleSearch&amp;metaData=&amp;browseView=true&amp;manufacturer=&amp;resultCatEntryType=&amp;catalogId=10576&amp;pageView=&amp;facet=mfName_ntk_cs%253AOld%2BEl%2BPaso&amp;minPrice=&amp;categoryId=25573&amp;storeId=10601&quot;,&quot;name&quot;:&quot;Old El Paso&quot;,&quot;count&quot;:&quot;2&quot;,&quot;className&quot;:&quot;&quot;},{&quot;url&quot;:&quot;http://shop.coles.com.au/online/SearchDisplay?searchTermScope=&amp;multiSearch=&amp;searchType=2&amp;maxPrice=&amp;showResultsPage=true&amp;langId=-1&amp;beginIndex=0&amp;sType=SimpleSearch&amp;metaData=&amp;browseView=true&amp;manufacturer=&amp;resultCatEntryType=&amp;catalogId=10576&amp;pageView=&amp;facet=mfName_ntk_cs%253AOllo&amp;minPrice=&amp;categoryId=25573&amp;storeId=10601&quot;,&quot;name&quot;:&quot;Ollo&quot;,&quot;count&quot;:&quot;2&quot;,&quot;className&quot;:&quot;&quot;},{&quot;url&quot;:&quot;http://shop.coles.com.au/online/SearchDisplay?searchTermScope=&amp;multiSearch=&amp;searchType=2&amp;maxPrice=&amp;showResultsPage=true&amp;langId=-1&amp;beginIndex=0&amp;sType=SimpleSearch&amp;metaData=&amp;browseView=true&amp;manufacturer=&amp;resultCatEntryType=&amp;catalogId=10576&amp;pageView=&amp;facet=mfName_ntk_cs%253AOn%2BThe%2BGo%2BFusion%2BSnack&amp;minPrice=&amp;categoryId=25573&amp;storeId=10601&quot;,&quot;name&quot;:&quot;On The Go Fusion Snack&quot;,&quot;count&quot;:&quot;2&quot;,&quot;className&quot;:&quot;&quot;},{&quot;url&quot;:&quot;http://shop.coles.com.au/online/SearchDisplay?searchTermScope=&amp;multiSearch=&amp;searchType=2&amp;maxPrice=&amp;showResultsPage=true&amp;langId=-1&amp;beginIndex=0&amp;sType=SimpleSearch&amp;metaData=&amp;browseView=true&amp;manufacturer=&amp;resultCatEntryType=&amp;catalogId=10576&amp;pageView=&amp;facet=mfName_ntk_cs%253AOngs&amp;minPrice=&amp;categoryId=25573&amp;storeId=10601&quot;,&quot;name&quot;:&quot;Ongs&quot;,&quot;count&quot;:&quot;2&quot;,&quot;className&quot;:&quot;&quot;},{&quot;url&quot;:&quot;http://shop.coles.com.au/online/SearchDisplay?searchTermScope=&amp;multiSearch=&amp;searchType=2&amp;maxPrice=&amp;showResultsPage=true&amp;langId=-1&amp;beginIndex=0&amp;sType=SimpleSearch&amp;metaData=&amp;browseView=true&amp;manufacturer=&amp;resultCatEntryType=&amp;catalogId=10576&amp;pageView=&amp;facet=mfName_ntk_cs%253AOrchard&amp;minPrice=&amp;categoryId=25573&amp;storeId=10601&quot;,&quot;name&quot;:&quot;Orchard&quot;,&quot;count&quot;:&quot;2&quot;,&quot;className&quot;:&quot;&quot;},{&quot;url&quot;:&quot;http://shop.coles.com.au/online/SearchDisplay?searchTermScope=&amp;multiSearch=&amp;searchType=2&amp;maxPrice=&amp;showResultsPage=true&amp;langId=-1&amp;beginIndex=0&amp;sType=SimpleSearch&amp;metaData=&amp;browseView=true&amp;manufacturer=&amp;resultCatEntryType=&amp;catalogId=10576&amp;pageView=&amp;facet=mfName_ntk_cs%253AOrgran&amp;minPrice=&amp;categoryId=25573&amp;storeId=10601&quot;,&quot;name&quot;:&quot;Orgran&quot;,&quot;count&quot;:&quot;17&quot;,&quot;className&quot;:&quot;&quot;},{&quot;url&quot;:&quot;http://shop.coles.com.au/online/SearchDisplay?searchTermScope=&amp;multiSearch=&amp;searchType=2&amp;maxPrice=&amp;showResultsPage=true&amp;langId=-1&amp;beginIndex=0&amp;sType=SimpleSearch&amp;metaData=&amp;browseView=true&amp;manufacturer=&amp;resultCatEntryType=&amp;catalogId=10576&amp;pageView=&amp;facet=mfName_ntk_cs%253AOutback%2BSpirit&amp;minPrice=&amp;categoryId=25573&amp;storeId=10601&quot;,&quot;name&quot;:&quot;Outback Spirit&quot;,&quot;count&quot;:&quot;9&quot;,&quot;className&quot;:&quot;&quot;},{&quot;url&quot;:&quot;http://shop.coles.com.au/online/SearchDisplay?searchTermScope=&amp;multiSearch=&amp;searchType=2&amp;maxPrice=&amp;showResultsPage=true&amp;langId=-1&amp;beginIndex=0&amp;sType=SimpleSearch&amp;metaData=&amp;browseView=true&amp;manufacturer=&amp;resultCatEntryType=&amp;catalogId=10576&amp;pageView=&amp;facet=mfName_ntk_cs%253AOxfam&amp;minPrice=&amp;categoryId=25573&amp;storeId=10601&quot;,&quot;name&quot;:&quot;Oxfam&quot;,&quot;count&quot;:&quot;2&quot;,&quot;className&quot;:&quot;&quot;},{&quot;url&quot;:&quot;http://shop.coles.com.au/online/SearchDisplay?searchTermScope=&amp;multiSearch=&amp;searchType=2&amp;maxPrice=&amp;showResultsPage=true&amp;langId=-1&amp;beginIndex=0&amp;sType=SimpleSearch&amp;metaData=&amp;browseView=true&amp;manufacturer=&amp;resultCatEntryType=&amp;catalogId=10576&amp;pageView=&amp;facet=mfName_ntk_cs%253AOxo&amp;minPrice=&amp;categoryId=25573&amp;storeId=10601&quot;,&quot;name&quot;:&quot;Oxo&quot;,&quot;count&quot;:&quot;2&quot;,&quot;className&quot;:&quot;&quot;},{&quot;url&quot;:&quot;http://shop.coles.com.au/online/SearchDisplay?searchTermScope=&amp;multiSearch=&amp;searchType=2&amp;maxPrice=&amp;showResultsPage=true&amp;langId=-1&amp;beginIndex=0&amp;sType=SimpleSearch&amp;metaData=&amp;browseView=true&amp;manufacturer=&amp;resultCatEntryType=&amp;catalogId=10576&amp;pageView=&amp;facet=mfName_ntk_cs%253AOzmo&amp;minPrice=&amp;categoryId=25573&amp;storeId=10601&quot;,&quot;name&quot;:&quot;Ozmo&quot;,&quot;count&quot;:&quot;2&quot;,&quot;className&quot;:&quot;&quot;},{&quot;url&quot;:&quot;http://shop.coles.com.au/online/SearchDisplay?searchTermScope=&amp;multiSearch=&amp;searchType=2&amp;maxPrice=&amp;showResultsPage=true&amp;langId=-1&amp;beginIndex=0&amp;sType=SimpleSearch&amp;metaData=&amp;browseView=true&amp;manufacturer=&amp;resultCatEntryType=&amp;catalogId=10576&amp;pageView=&amp;facet=mfName_ntk_cs%253APG%2BTips&amp;minPrice=&amp;categoryId=25573&amp;storeId=10601&quot;,&quot;name&quot;:&quot;PG Tips&quot;,&quot;count&quot;:&quot;1&quot;,&quot;className&quot;:&quot;&quot;},{&quot;url&quot;:&quot;http://shop.coles.com.au/online/SearchDisplay?searchTermScope=&amp;multiSearch=&amp;searchType=2&amp;maxPrice=&amp;showResultsPage=true&amp;langId=-1&amp;beginIndex=0&amp;sType=SimpleSearch&amp;metaData=&amp;browseView=true&amp;manufacturer=&amp;resultCatEntryType=&amp;catalogId=10576&amp;pageView=&amp;facet=mfName_ntk_cs%253APancake%2BParlour&amp;minPrice=&amp;categoryId=25573&amp;storeId=10601&quot;,&quot;name&quot;:&quot;Pancake Parlour&quot;,&quot;count&quot;:&quot;1&quot;,&quot;className&quot;:&quot;&quot;},{&quot;url&quot;:&quot;http://shop.coles.com.au/online/SearchDisplay?searchTermScope=&amp;multiSearch=&amp;searchType=2&amp;maxPrice=&amp;showResultsPage=true&amp;langId=-1&amp;beginIndex=0&amp;sType=SimpleSearch&amp;metaData=&amp;browseView=true&amp;manufacturer=&amp;resultCatEntryType=&amp;catalogId=10576&amp;pageView=&amp;facet=mfName_ntk_cs%253APandaroo&amp;minPrice=&amp;categoryId=25573&amp;storeId=10601&quot;,&quot;name&quot;:&quot;Pandaroo&quot;,&quot;count&quot;:&quot;1&quot;,&quot;className&quot;:&quot;&quot;},{&quot;url&quot;:&quot;http://shop.coles.com.au/online/SearchDisplay?searchTermScope=&amp;multiSearch=&amp;searchType=2&amp;maxPrice=&amp;showResultsPage=true&amp;langId=-1&amp;beginIndex=0&amp;sType=SimpleSearch&amp;metaData=&amp;browseView=true&amp;manufacturer=&amp;resultCatEntryType=&amp;catalogId=10576&amp;pageView=&amp;facet=mfName_ntk_cs%253APapadimitriou&amp;minPrice=&amp;categoryId=25573&amp;storeId=10601&quot;,&quot;name&quot;:&quot;Papadimitriou&quot;,&quot;count&quot;:&quot;2&quot;,&quot;className&quot;:&quot;&quot;},{&quot;url&quot;:&quot;http://shop.coles.com.au/online/SearchDisplay?searchTermScope=&amp;multiSearch=&amp;searchType=2&amp;maxPrice=&amp;showResultsPage=true&amp;langId=-1&amp;beginIndex=0&amp;sType=SimpleSearch&amp;metaData=&amp;browseView=true&amp;manufacturer=&amp;resultCatEntryType=&amp;catalogId=10576&amp;pageView=&amp;facet=mfName_ntk_cs%253AParadise&amp;minPrice=&amp;categoryId=25573&amp;storeId=10601&quot;,&quot;name&quot;:&quot;Paradise&quot;,&quot;count&quot;:&quot;4&quot;,&quot;className&quot;:&quot;&quot;},{&quot;url&quot;:&quot;http://shop.coles.com.au/online/SearchDisplay?searchTermScope=&amp;multiSearch=&amp;searchType=2&amp;maxPrice=&amp;showResultsPage=true&amp;langId=-1&amp;beginIndex=0&amp;sType=SimpleSearch&amp;metaData=&amp;browseView=true&amp;manufacturer=&amp;resultCatEntryType=&amp;catalogId=10576&amp;pageView=&amp;facet=mfName_ntk_cs%253APark%2BAvenue%2BLicensed&amp;minPrice=&amp;categoryId=25573&amp;storeId=10601&quot;,&quot;name&quot;:&quot;Park Avenue Licensed&quot;,&quot;count&quot;:&quot;1&quot;,&quot;className&quot;:&quot;&quot;},{&quot;url&quot;:&quot;http://shop.coles.com.au/online/SearchDisplay?searchTermScope=&amp;multiSearch=&amp;searchType=2&amp;maxPrice=&amp;showResultsPage=true&amp;langId=-1&amp;beginIndex=0&amp;sType=SimpleSearch&amp;metaData=&amp;browseView=true&amp;manufacturer=&amp;resultCatEntryType=&amp;catalogId=10576&amp;pageView=&amp;facet=mfName_ntk_cs%253AParkers&amp;minPrice=&amp;categoryId=25573&amp;storeId=10601&quot;,&quot;name&quot;:&quot;Parkers&quot;,&quot;count&quot;:&quot;3&quot;,&quot;className&quot;:&quot;&quot;},{&quot;url&quot;:&quot;http://shop.coles.com.au/online/SearchDisplay?searchTermScope=&amp;multiSearch=&amp;searchType=2&amp;maxPrice=&amp;showResultsPage=true&amp;langId=-1&amp;beginIndex=0&amp;sType=SimpleSearch&amp;metaData=&amp;browseView=true&amp;manufacturer=&amp;resultCatEntryType=&amp;catalogId=10576&amp;pageView=&amp;facet=mfName_ntk_cs%253AParsons&amp;minPrice=&amp;categoryId=25573&amp;storeId=10601&quot;,&quot;name&quot;:&quot;Parsons&quot;,&quot;count&quot;:&quot;1&quot;,&quot;className&quot;:&quot;&quot;},{&quot;url&quot;:&quot;http://shop.coles.com.au/online/SearchDisplay?searchTermScope=&amp;multiSearch=&amp;searchType=2&amp;maxPrice=&amp;showResultsPage=true&amp;langId=-1&amp;beginIndex=0&amp;sType=SimpleSearch&amp;metaData=&amp;browseView=true&amp;manufacturer=&amp;resultCatEntryType=&amp;catalogId=10576&amp;pageView=&amp;facet=mfName_ntk_cs%253APascall&amp;minPrice=&amp;categoryId=25573&amp;storeId=10601&quot;,&quot;name&quot;:&quot;Pascall&quot;,&quot;count&quot;:&quot;15&quot;,&quot;className&quot;:&quot;&quot;},{&quot;url&quot;:&quot;http://shop.coles.com.au/online/SearchDisplay?searchTermScope=&amp;multiSearch=&amp;searchType=2&amp;maxPrice=&amp;showResultsPage=true&amp;langId=-1&amp;beginIndex=0&amp;sType=SimpleSearch&amp;metaData=&amp;browseView=true&amp;manufacturer=&amp;resultCatEntryType=&amp;catalogId=10576&amp;pageView=&amp;facet=mfName_ntk_cs%253APassage%2BFoods&amp;minPrice=&amp;categoryId=25573&amp;storeId=10601&quot;,&quot;name&quot;:&quot;Passage Foods&quot;,&quot;count&quot;:&quot;11&quot;,&quot;className&quot;:&quot;&quot;},{&quot;url&quot;:&quot;http://shop.coles.com.au/online/SearchDisplay?searchTermScope=&amp;multiSearch=&amp;searchType=2&amp;maxPrice=&amp;showResultsPage=true&amp;langId=-1&amp;beginIndex=0&amp;sType=SimpleSearch&amp;metaData=&amp;browseView=true&amp;manufacturer=&amp;resultCatEntryType=&amp;catalogId=10576&amp;pageView=&amp;facet=mfName_ntk_cs%253APassage%2BTo%2BThailand&amp;minPrice=&amp;categoryId=25573&amp;storeId=10601&quot;,&quot;name&quot;:&quot;Passage To Thailand&quot;,&quot;count&quot;:&quot;1&quot;,&quot;className&quot;:&quot;&quot;},{&quot;url&quot;:&quot;http://shop.coles.com.au/online/SearchDisplay?searchTermScope=&amp;multiSearch=&amp;searchType=2&amp;maxPrice=&amp;showResultsPage=true&amp;langId=-1&amp;beginIndex=0&amp;sType=SimpleSearch&amp;metaData=&amp;browseView=true&amp;manufacturer=&amp;resultCatEntryType=&amp;catalogId=10576&amp;pageView=&amp;facet=mfName_ntk_cs%253APataks&amp;minPrice=&amp;categoryId=25573&amp;storeId=10601&quot;,&quot;name&quot;:&quot;Pataks&quot;,&quot;count&quot;:&quot;12&quot;,&quot;className&quot;:&quot;&quot;},{&quot;url&quot;:&quot;http://shop.coles.com.au/online/SearchDisplay?searchTermScope=&amp;multiSearch=&amp;searchType=2&amp;maxPrice=&amp;showResultsPage=true&amp;langId=-1&amp;beginIndex=0&amp;sType=SimpleSearch&amp;metaData=&amp;browseView=true&amp;manufacturer=&amp;resultCatEntryType=&amp;catalogId=10576&amp;pageView=&amp;facet=mfName_ntk_cs%253APaul%2BNewman%2527s%2BOwn&amp;minPrice=&amp;categoryId=25573&amp;storeId=10601&quot;,&quot;name&quot;:&quot;Paul Newman's Own&quot;,&quot;count&quot;:&quot;11&quot;,&quot;className&quot;:&quot;&quot;},{&quot;url&quot;:&quot;http://shop.coles.com.au/online/SearchDisplay?searchTermScope=&amp;multiSearch=&amp;searchType=2&amp;maxPrice=&amp;showResultsPage=true&amp;langId=-1&amp;beginIndex=0&amp;sType=SimpleSearch&amp;metaData=&amp;browseView=true&amp;manufacturer=&amp;resultCatEntryType=&amp;catalogId=10576&amp;pageView=&amp;facet=mfName_ntk_cs%253APavlova%2BPantry&amp;minPrice=&amp;categoryId=25573&amp;storeId=10601&quot;,&quot;name&quot;:&quot;Pavlova Pantry&quot;,&quot;count&quot;:&quot;1&quot;,&quot;className&quot;:&quot;&quot;},{&quot;url&quot;:&quot;http://shop.coles.com.au/online/SearchDisplay?searchTermScope=&amp;multiSearch=&amp;searchType=2&amp;maxPrice=&amp;showResultsPage=true&amp;langId=-1&amp;beginIndex=0&amp;sType=SimpleSearch&amp;metaData=&amp;browseView=true&amp;manufacturer=&amp;resultCatEntryType=&amp;catalogId=10576&amp;pageView=&amp;facet=mfName_ntk_cs%253APaxo&amp;minPrice=&amp;categoryId=25573&amp;storeId=10601&quot;,&quot;name&quot;:&quot;Paxo&quot;,&quot;count&quot;:&quot;1&quot;,&quot;className&quot;:&quot;&quot;},{&quot;url&quot;:&quot;http://shop.coles.com.au/online/SearchDisplay?searchTermScope=&amp;multiSearch=&amp;searchType=2&amp;maxPrice=&amp;showResultsPage=true&amp;langId=-1&amp;beginIndex=0&amp;sType=SimpleSearch&amp;metaData=&amp;browseView=true&amp;manufacturer=&amp;resultCatEntryType=&amp;catalogId=10576&amp;pageView=&amp;facet=mfName_ntk_cs%253APearl%2BRiver%2BBridge&amp;minPrice=&amp;categoryId=25573&amp;storeId=10601&quot;,&quot;name&quot;:&quot;Pearl River Bridge&quot;,&quot;count&quot;:&quot;2&quot;,&quot;className&quot;:&quot;&quot;},{&quot;url&quot;:&quot;http://shop.coles.com.au/online/SearchDisplay?searchTermScope=&amp;multiSearch=&amp;searchType=2&amp;maxPrice=&amp;showResultsPage=true&amp;langId=-1&amp;beginIndex=0&amp;sType=SimpleSearch&amp;metaData=&amp;browseView=true&amp;manufacturer=&amp;resultCatEntryType=&amp;catalogId=10576&amp;pageView=&amp;facet=mfName_ntk_cs%253APeckish&amp;minPrice=&amp;categoryId=25573&amp;storeId=10601&quot;,&quot;name&quot;:&quot;Peckish&quot;,&quot;count&quot;:&quot;15&quot;,&quot;className&quot;:&quot;&quot;},{&quot;url&quot;:&quot;http://shop.coles.com.au/online/SearchDisplay?searchTermScope=&amp;multiSearch=&amp;searchType=2&amp;maxPrice=&amp;showResultsPage=true&amp;langId=-1&amp;beginIndex=0&amp;sType=SimpleSearch&amp;metaData=&amp;browseView=true&amp;manufacturer=&amp;resultCatEntryType=&amp;catalogId=10576&amp;pageView=&amp;facet=mfName_ntk_cs%253APecks&amp;minPrice=&amp;categoryId=25573&amp;storeId=10601&quot;,&quot;name&quot;:&quot;Pecks&quot;,&quot;count&quot;:&quot;4&quot;,&quot;className&quot;:&quot;&quot;},{&quot;url&quot;:&quot;http://shop.coles.com.au/online/SearchDisplay?searchTermScope=&amp;multiSearch=&amp;searchType=2&amp;maxPrice=&amp;showResultsPage=true&amp;langId=-1&amp;beginIndex=0&amp;sType=SimpleSearch&amp;metaData=&amp;browseView=true&amp;manufacturer=&amp;resultCatEntryType=&amp;catalogId=10576&amp;pageView=&amp;facet=mfName_ntk_cs%253APeppa%2BPig&amp;minPrice=&amp;categoryId=25573&amp;storeId=10601&quot;,&quot;name&quot;:&quot;Peppa Pig&quot;,&quot;count&quot;:&quot;6&quot;,&quot;className&quot;:&quot;&quot;},{&quot;url&quot;:&quot;http://shop.coles.com.au/online/SearchDisplay?searchTermScope=&amp;multiSearch=&amp;searchType=2&amp;maxPrice=&amp;showResultsPage=true&amp;langId=-1&amp;beginIndex=0&amp;sType=SimpleSearch&amp;metaData=&amp;browseView=true&amp;manufacturer=&amp;resultCatEntryType=&amp;catalogId=10576&amp;pageView=&amp;facet=mfName_ntk_cs%253APetit%2BBeurre&amp;minPrice=&amp;categoryId=25573&amp;storeId=10601&quot;,&quot;name&quot;:&quot;Petit Beurre&quot;,&quot;count&quot;:&quot;3&quot;,&quot;className&quot;:&quot;&quot;},{&quot;url&quot;:&quot;http://shop.coles.com.au/online/SearchDisplay?searchTermScope=&amp;multiSearch=&amp;searchType=2&amp;maxPrice=&amp;showResultsPage=true&amp;langId=-1&amp;beginIndex=0&amp;sType=SimpleSearch&amp;metaData=&amp;browseView=true&amp;manufacturer=&amp;resultCatEntryType=&amp;catalogId=10576&amp;pageView=&amp;facet=mfName_ntk_cs%253APez&amp;minPrice=&amp;categoryId=25573&amp;storeId=10601&quot;,&quot;name&quot;:&quot;Pez&quot;,&quot;count&quot;:&quot;2&quot;,&quot;className&quot;:&quot;&quot;},{&quot;url&quot;:&quot;http://shop.coles.com.au/online/SearchDisplay?searchTermScope=&amp;multiSearch=&amp;searchType=2&amp;maxPrice=&amp;showResultsPage=true&amp;langId=-1&amp;beginIndex=0&amp;sType=SimpleSearch&amp;metaData=&amp;browseView=true&amp;manufacturer=&amp;resultCatEntryType=&amp;catalogId=10576&amp;pageView=&amp;facet=mfName_ntk_cs%253APic%2527s&amp;minPrice=&amp;categoryId=25573&amp;storeId=10601&quot;,&quot;name&quot;:&quot;Pic's&quot;,&quot;count&quot;:&quot;2&quot;,&quot;className&quot;:&quot;&quot;},{&quot;url&quot;:&quot;http://shop.coles.com.au/online/SearchDisplay?searchTermScope=&amp;multiSearch=&amp;searchType=2&amp;maxPrice=&amp;showResultsPage=true&amp;langId=-1&amp;beginIndex=0&amp;sType=SimpleSearch&amp;metaData=&amp;browseView=true&amp;manufacturer=&amp;resultCatEntryType=&amp;catalogId=10576&amp;pageView=&amp;facet=mfName_ntk_cs%253APiranha%2BGrills&amp;minPrice=&amp;categoryId=25573&amp;storeId=10601&quot;,&quot;name&quot;:&quot;Piranha Grills&quot;,&quot;count&quot;:&quot;2&quot;,&quot;className&quot;:&quot;&quot;},{&quot;url&quot;:&quot;http://shop.coles.com.au/online/SearchDisplay?searchTermScope=&amp;multiSearch=&amp;searchType=2&amp;maxPrice=&amp;showResultsPage=true&amp;langId=-1&amp;beginIndex=0&amp;sType=SimpleSearch&amp;metaData=&amp;browseView=true&amp;manufacturer=&amp;resultCatEntryType=&amp;catalogId=10576&amp;pageView=&amp;facet=mfName_ntk_cs%253APlanet%2BFood&amp;minPrice=&amp;categoryId=25573&amp;storeId=10601&quot;,&quot;name&quot;:&quot;Planet Food&quot;,&quot;count&quot;:&quot;3&quot;,&quot;className&quot;:&quot;&quot;},{&quot;url&quot;:&quot;http://shop.coles.com.au/online/SearchDisplay?searchTermScope=&amp;multiSearch=&amp;searchType=2&amp;maxPrice=&amp;showResultsPage=true&amp;langId=-1&amp;beginIndex=0&amp;sType=SimpleSearch&amp;metaData=&amp;browseView=true&amp;manufacturer=&amp;resultCatEntryType=&amp;catalogId=10576&amp;pageView=&amp;facet=mfName_ntk_cs%253APlumrose&amp;minPrice=&amp;categoryId=25573&amp;storeId=10601&quot;,&quot;name&quot;:&quot;Plumrose&quot;,&quot;count&quot;:&quot;11&quot;,&quot;className&quot;:&quot;&quot;},{&quot;url&quot;:&quot;http://shop.coles.com.au/online/SearchDisplay?searchTermScope=&amp;multiSearch=&amp;searchType=2&amp;maxPrice=&amp;showResultsPage=true&amp;langId=-1&amp;beginIndex=0&amp;sType=SimpleSearch&amp;metaData=&amp;browseView=true&amp;manufacturer=&amp;resultCatEntryType=&amp;catalogId=10576&amp;pageView=&amp;facet=mfName_ntk_cs%253APodista&amp;minPrice=&amp;categoryId=25573&amp;storeId=10601&quot;,&quot;name&quot;:&quot;Podista&quot;,&quot;count&quot;:&quot;3&quot;,&quot;className&quot;:&quot;&quot;},{&quot;url&quot;:&quot;http://shop.coles.com.au/online/SearchDisplay?searchTermScope=&amp;multiSearch=&amp;searchType=2&amp;maxPrice=&amp;showResultsPage=true&amp;langId=-1&amp;beginIndex=0&amp;sType=SimpleSearch&amp;metaData=&amp;browseView=true&amp;manufacturer=&amp;resultCatEntryType=&amp;catalogId=10576&amp;pageView=&amp;facet=mfName_ntk_cs%253APodravka&amp;minPrice=&amp;categoryId=25573&amp;storeId=10601&quot;,&quot;name&quot;:&quot;Podravka&quot;,&quot;count&quot;:&quot;8&quot;,&quot;className&quot;:&quot;&quot;},{&quot;url&quot;:&quot;http://shop.coles.com.au/online/SearchDisplay?searchTermScope=&amp;multiSearch=&amp;searchType=2&amp;maxPrice=&amp;showResultsPage=true&amp;langId=-1&amp;beginIndex=0&amp;sType=SimpleSearch&amp;metaData=&amp;browseView=true&amp;manufacturer=&amp;resultCatEntryType=&amp;catalogId=10576&amp;pageView=&amp;facet=mfName_ntk_cs%253APoonsin&amp;minPrice=&amp;categoryId=25573&amp;storeId=10601&quot;,&quot;name&quot;:&quot;Poonsin&quot;,&quot;count&quot;:&quot;2&quot;,&quot;className&quot;:&quot;&quot;},{&quot;url&quot;:&quot;http://shop.coles.com.au/online/SearchDisplay?searchTermScope=&amp;multiSearch=&amp;searchType=2&amp;maxPrice=&amp;showResultsPage=true&amp;langId=-1&amp;beginIndex=0&amp;sType=SimpleSearch&amp;metaData=&amp;browseView=true&amp;manufacturer=&amp;resultCatEntryType=&amp;catalogId=10576&amp;pageView=&amp;facet=mfName_ntk_cs%253APops&amp;minPrice=&amp;categoryId=25573&amp;storeId=10601&quot;,&quot;name&quot;:&quot;Pops&quot;,&quot;count&quot;:&quot;1&quot;,&quot;className&quot;:&quot;&quot;},{&quot;url&quot;:&quot;http://shop.coles.com.au/online/SearchDisplay?searchTermScope=&amp;multiSearch=&amp;searchType=2&amp;maxPrice=&amp;showResultsPage=true&amp;langId=-1&amp;beginIndex=0&amp;sType=SimpleSearch&amp;metaData=&amp;browseView=true&amp;manufacturer=&amp;resultCatEntryType=&amp;catalogId=10576&amp;pageView=&amp;facet=mfName_ntk_cs%253APot&amp;minPrice=&amp;categoryId=25573&amp;storeId=10601&quot;,&quot;name&quot;:&quot;Pot&quot;,&quot;count&quot;:&quot;1&quot;,&quot;className&quot;:&quot;&quot;},{&quot;url&quot;:&quot;http://shop.coles.com.au/online/SearchDisplay?searchTermScope=&amp;multiSearch=&amp;searchType=2&amp;maxPrice=&amp;showResultsPage=true&amp;langId=-1&amp;beginIndex=0&amp;sType=SimpleSearch&amp;metaData=&amp;browseView=true&amp;manufacturer=&amp;resultCatEntryType=&amp;catalogId=10576&amp;pageView=&amp;facet=mfName_ntk_cs%253APower%2BBar&amp;minPrice=&amp;categoryId=25573&amp;storeId=10601&quot;,&quot;name&quot;:&quot;Power Bar&quot;,&quot;count&quot;:&quot;2&quot;,&quot;className&quot;:&quot;&quot;},{&quot;url&quot;:&quot;http://shop.coles.com.au/online/SearchDisplay?searchTermScope=&amp;multiSearch=&amp;searchType=2&amp;maxPrice=&amp;showResultsPage=true&amp;langId=-1&amp;beginIndex=0&amp;sType=SimpleSearch&amp;metaData=&amp;browseView=true&amp;manufacturer=&amp;resultCatEntryType=&amp;catalogId=10576&amp;pageView=&amp;facet=mfName_ntk_cs%253APraise&amp;minPrice=&amp;categoryId=25573&amp;storeId=10601&quot;,&quot;name&quot;:&quot;Praise&quot;,&quot;count&quot;:&quot;42&quot;,&quot;className&quot;:&quot;&quot;},{&quot;url&quot;:&quot;http://shop.coles.com.au/online/SearchDisplay?searchTermScope=&amp;multiSearch=&amp;searchType=2&amp;maxPrice=&amp;showResultsPage=true&amp;langId=-1&amp;beginIndex=0&amp;sType=SimpleSearch&amp;metaData=&amp;browseView=true&amp;manufacturer=&amp;resultCatEntryType=&amp;catalogId=10576&amp;pageView=&amp;facet=mfName_ntk_cs%253APrima%2BScelta&amp;minPrice=&amp;categoryId=25573&amp;storeId=10601&quot;,&quot;name&quot;:&quot;Prima Scelta&quot;,&quot;count&quot;:&quot;3&quot;,&quot;className&quot;:&quot;&quot;},{&quot;url&quot;:&quot;http://shop.coles.com.au/online/SearchDisplay?searchTermScope=&amp;multiSearch=&amp;searchType=2&amp;maxPrice=&amp;showResultsPage=true&amp;langId=-1&amp;beginIndex=0&amp;sType=SimpleSearch&amp;metaData=&amp;browseView=true&amp;manufacturer=&amp;resultCatEntryType=&amp;catalogId=10576&amp;pageView=&amp;facet=mfName_ntk_cs%253APringles&amp;minPrice=&amp;categoryId=25573&amp;storeId=10601&quot;,&quot;name&quot;:&quot;Pringles&quot;,&quot;count&quot;:&quot;6&quot;,&quot;className&quot;:&quot;&quot;},{&quot;url&quot;:&quot;http://shop.coles.com.au/online/SearchDisplay?searchTermScope=&amp;multiSearch=&amp;searchType=2&amp;maxPrice=&amp;showResultsPage=true&amp;langId=-1&amp;beginIndex=0&amp;sType=SimpleSearch&amp;metaData=&amp;browseView=true&amp;manufacturer=&amp;resultCatEntryType=&amp;catalogId=10576&amp;pageView=&amp;facet=mfName_ntk_cs%253APro%2BTrim&amp;minPrice=&amp;categoryId=25573&amp;storeId=10601&quot;,&quot;name&quot;:&quot;Pro Trim&quot;,&quot;count&quot;:&quot;2&quot;,&quot;className&quot;:&quot;&quot;},{&quot;url&quot;:&quot;http://shop.coles.com.au/online/SearchDisplay?searchTermScope=&amp;multiSearch=&amp;searchType=2&amp;maxPrice=&amp;showResultsPage=true&amp;langId=-1&amp;beginIndex=0&amp;sType=SimpleSearch&amp;metaData=&amp;browseView=true&amp;manufacturer=&amp;resultCatEntryType=&amp;catalogId=10576&amp;pageView=&amp;facet=mfName_ntk_cs%253AProTrim&amp;minPrice=&amp;categoryId=25573&amp;storeId=10601&quot;,&quot;name&quot;:&quot;ProTrim&quot;,&quot;count&quot;:&quot;5&quot;,&quot;className&quot;:&quot;&quot;},{&quot;url&quot;:&quot;http://shop.coles.com.au/online/SearchDisplay?searchTermScope=&amp;multiSearch=&amp;searchType=2&amp;maxPrice=&amp;showResultsPage=true&amp;langId=-1&amp;beginIndex=0&amp;sType=SimpleSearch&amp;metaData=&amp;browseView=true&amp;manufacturer=&amp;resultCatEntryType=&amp;catalogId=10576&amp;pageView=&amp;facet=mfName_ntk_cs%253AProchef&amp;minPrice=&amp;categoryId=25573&amp;storeId=10601&quot;,&quot;name&quot;:&quot;Prochef&quot;,&quot;count&quot;:&quot;5&quot;,&quot;className&quot;:&quot;&quot;},{&quot;url&quot;:&quot;http://shop.coles.com.au/online/SearchDisplay?searchTermScope=&amp;multiSearch=&amp;searchType=2&amp;maxPrice=&amp;showResultsPage=true&amp;langId=-1&amp;beginIndex=0&amp;sType=SimpleSearch&amp;metaData=&amp;browseView=true&amp;manufacturer=&amp;resultCatEntryType=&amp;catalogId=10576&amp;pageView=&amp;facet=mfName_ntk_cs%253APure%2BOrganic%2BBar&amp;minPrice=&amp;categoryId=25573&amp;storeId=10601&quot;,&quot;name&quot;:&quot;Pure Organic Bar&quot;,&quot;count&quot;:&quot;3&quot;,&quot;className&quot;:&quot;&quot;},{&quot;url&quot;:&quot;http://shop.coles.com.au/online/SearchDisplay?searchTermScope=&amp;multiSearch=&amp;searchType=2&amp;maxPrice=&amp;showResultsPage=true&amp;langId=-1&amp;beginIndex=0&amp;sType=SimpleSearch&amp;metaData=&amp;browseView=true&amp;manufacturer=&amp;resultCatEntryType=&amp;catalogId=10576&amp;pageView=&amp;facet=mfName_ntk_cs%253APuregg&amp;minPrice=&amp;categoryId=25573&amp;storeId=10601&quot;,&quot;name&quot;:&quot;Puregg&quot;,&quot;count&quot;:&quot;2&quot;,&quot;className&quot;:&quot;&quot;},{&quot;url&quot;:&quot;http://shop.coles.com.au/online/SearchDisplay?searchTermScope=&amp;multiSearch=&amp;searchType=2&amp;maxPrice=&amp;showResultsPage=true&amp;langId=-1&amp;beginIndex=0&amp;sType=SimpleSearch&amp;metaData=&amp;browseView=true&amp;manufacturer=&amp;resultCatEntryType=&amp;catalogId=10576&amp;pageView=&amp;facet=mfName_ntk_cs%253APureharvest&amp;minPrice=&amp;categoryId=25573&amp;storeId=10601&quot;,&quot;name&quot;:&quot;Pureharvest&quot;,&quot;count&quot;:&quot;7&quot;,&quot;className&quot;:&quot;&quot;},{&quot;url&quot;:&quot;http://shop.coles.com.au/online/SearchDisplay?searchTermScope=&amp;multiSearch=&amp;searchType=2&amp;maxPrice=&amp;showResultsPage=true&amp;langId=-1&amp;beginIndex=0&amp;sType=SimpleSearch&amp;metaData=&amp;browseView=true&amp;manufacturer=&amp;resultCatEntryType=&amp;catalogId=10576&amp;pageView=&amp;facet=mfName_ntk_cs%253APush%2BPop&amp;minPrice=&amp;categoryId=25573&amp;storeId=10601&quot;,&quot;name&quot;:&quot;Push Pop&quot;,&quot;count&quot;:&quot;1&quot;,&quot;className&quot;:&quot;&quot;},{&quot;url&quot;:&quot;http://shop.coles.com.au/online/SearchDisplay?searchTermScope=&amp;multiSearch=&amp;searchType=2&amp;maxPrice=&amp;showResultsPage=true&amp;langId=-1&amp;beginIndex=0&amp;sType=SimpleSearch&amp;metaData=&amp;browseView=true&amp;manufacturer=&amp;resultCatEntryType=&amp;catalogId=10576&amp;pageView=&amp;facet=mfName_ntk_cs%253AQuaker&amp;minPrice=&amp;categoryId=25573&amp;storeId=10601&quot;,&quot;name&quot;:&quot;Quaker&quot;,&quot;count&quot;:&quot;6&quot;,&quot;className&quot;:&quot;&quot;},{&quot;url&quot;:&quot;http://shop.coles.com.au/online/SearchDisplay?searchTermScope=&amp;multiSearch=&amp;searchType=2&amp;maxPrice=&amp;showResultsPage=true&amp;langId=-1&amp;beginIndex=0&amp;sType=SimpleSearch&amp;metaData=&amp;browseView=true&amp;manufacturer=&amp;resultCatEntryType=&amp;catalogId=10576&amp;pageView=&amp;facet=mfName_ntk_cs%253AQueen&amp;minPrice=&amp;categoryId=25573&amp;storeId=10601&quot;,&quot;name&quot;:&quot;Queen&quot;,&quot;count&quot;:&quot;34&quot;,&quot;className&quot;:&quot;&quot;},{&quot;url&quot;:&quot;http://shop.coles.com.au/online/SearchDisplay?searchTermScope=&amp;multiSearch=&amp;searchType=2&amp;maxPrice=&amp;showResultsPage=true&amp;langId=-1&amp;beginIndex=0&amp;sType=SimpleSearch&amp;metaData=&amp;browseView=true&amp;manufacturer=&amp;resultCatEntryType=&amp;catalogId=10576&amp;pageView=&amp;facet=mfName_ntk_cs%253AQuick-Eze&amp;minPrice=&amp;categoryId=25573&amp;storeId=10601&quot;,&quot;name&quot;:&quot;Quick-Eze&quot;,&quot;count&quot;:&quot;2&quot;,&quot;className&quot;:&quot;&quot;},{&quot;url&quot;:&quot;http://shop.coles.com.au/online/SearchDisplay?searchTermScope=&amp;multiSearch=&amp;searchType=2&amp;maxPrice=&amp;showResultsPage=true&amp;langId=-1&amp;beginIndex=0&amp;sType=SimpleSearch&amp;metaData=&amp;browseView=true&amp;manufacturer=&amp;resultCatEntryType=&amp;catalogId=10576&amp;pageView=&amp;facet=mfName_ntk_cs%253ARW%2BGarcia&amp;minPrice=&amp;categoryId=25573&amp;storeId=10601&quot;,&quot;name&quot;:&quot;RW Garcia&quot;,&quot;count&quot;:&quot;3&quot;,&quot;className&quot;:&quot;&quot;},{&quot;url&quot;:&quot;http://shop.coles.com.au/online/SearchDisplay?searchTermScope=&amp;multiSearch=&amp;searchType=2&amp;maxPrice=&amp;showResultsPage=true&amp;langId=-1&amp;beginIndex=0&amp;sType=SimpleSearch&amp;metaData=&amp;browseView=true&amp;manufacturer=&amp;resultCatEntryType=&amp;catalogId=10576&amp;pageView=&amp;facet=mfName_ntk_cs%253ARafferty%2527s%2BGarden&amp;minPrice=&amp;categoryId=25573&amp;storeId=10601&quot;,&quot;name&quot;:&quot;Rafferty's Garden&quot;,&quot;count&quot;:&quot;4&quot;,&quot;className&quot;:&quot;&quot;},{&quot;url&quot;:&quot;http://shop.coles.com.au/online/SearchDisplay?searchTermScope=&amp;multiSearch=&amp;searchType=2&amp;maxPrice=&amp;showResultsPage=true&amp;langId=-1&amp;beginIndex=0&amp;sType=SimpleSearch&amp;metaData=&amp;browseView=true&amp;manufacturer=&amp;resultCatEntryType=&amp;catalogId=10576&amp;pageView=&amp;facet=mfName_ntk_cs%253ARaguletto&amp;minPrice=&amp;categoryId=25573&amp;storeId=10601&quot;,&quot;name&quot;:&quot;Raguletto&quot;,&quot;count&quot;:&quot;7&quot;,&quot;className&quot;:&quot;&quot;},{&quot;url&quot;:&quot;http://shop.coles.com.au/online/SearchDisplay?searchTermScope=&amp;multiSearch=&amp;searchType=2&amp;maxPrice=&amp;showResultsPage=true&amp;langId=-1&amp;beginIndex=0&amp;sType=SimpleSearch&amp;metaData=&amp;browseView=true&amp;manufacturer=&amp;resultCatEntryType=&amp;catalogId=10576&amp;pageView=&amp;facet=mfName_ntk_cs%253AReal%2BFoods&amp;minPrice=&amp;categoryId=25573&amp;storeId=10601&quot;,&quot;name&quot;:&quot;Real Foods&quot;,&quot;count&quot;:&quot;5&quot;,&quot;className&quot;:&quot;&quot;},{&quot;url&quot;:&quot;http://shop.coles.com.au/online/SearchDisplay?searchTermScope=&amp;multiSearch=&amp;searchType=2&amp;maxPrice=&amp;showResultsPage=true&amp;langId=-1&amp;beginIndex=0&amp;sType=SimpleSearch&amp;metaData=&amp;browseView=true&amp;manufacturer=&amp;resultCatEntryType=&amp;catalogId=10576&amp;pageView=&amp;facet=mfName_ntk_cs%253AReal%2BIce%2BTea%2BCompany&amp;minPrice=&amp;categoryId=25573&amp;storeId=10601&quot;,&quot;name&quot;:&quot;Real Ice Tea Company&quot;,&quot;count&quot;:&quot;2&quot;,&quot;className&quot;:&quot;&quot;},{&quot;url&quot;:&quot;http://shop.coles.com.au/online/SearchDisplay?searchTermScope=&amp;multiSearch=&amp;searchType=2&amp;maxPrice=&amp;showResultsPage=true&amp;langId=-1&amp;beginIndex=0&amp;sType=SimpleSearch&amp;metaData=&amp;browseView=true&amp;manufacturer=&amp;resultCatEntryType=&amp;catalogId=10576&amp;pageView=&amp;facet=mfName_ntk_cs%253ARed%2BAnt&amp;minPrice=&amp;categoryId=25573&amp;storeId=10601&quot;,&quot;name&quot;:&quot;Red Ant&quot;,&quot;count&quot;:&quot;1&quot;,&quot;className&quot;:&quot;&quot;},{&quot;url&quot;:&quot;http://shop.coles.com.au/online/SearchDisplay?searchTermScope=&amp;multiSearch=&amp;searchType=2&amp;maxPrice=&amp;showResultsPage=true&amp;langId=-1&amp;beginIndex=0&amp;sType=SimpleSearch&amp;metaData=&amp;browseView=true&amp;manufacturer=&amp;resultCatEntryType=&amp;catalogId=10576&amp;pageView=&amp;facet=mfName_ntk_cs%253ARed%2BIsland&amp;minPrice=&amp;categoryId=25573&amp;storeId=10601&quot;,&quot;name&quot;:&quot;Red Island&quot;,&quot;count&quot;:&quot;2&quot;,&quot;className&quot;:&quot;&quot;},{&quot;url&quot;:&quot;http://shop.coles.com.au/online/SearchDisplay?searchTermScope=&amp;multiSearch=&amp;searchType=2&amp;maxPrice=&amp;showResultsPage=true&amp;langId=-1&amp;beginIndex=0&amp;sType=SimpleSearch&amp;metaData=&amp;browseView=true&amp;manufacturer=&amp;resultCatEntryType=&amp;catalogId=10576&amp;pageView=&amp;facet=mfName_ntk_cs%253ARed%2BKelly%2527s&amp;minPrice=&amp;categoryId=25573&amp;storeId=10601&quot;,&quot;name&quot;:&quot;Red Kelly's&quot;,&quot;count&quot;:&quot;3&quot;,&quot;className&quot;:&quot;&quot;},{&quot;url&quot;:&quot;http://shop.coles.com.au/online/SearchDisplay?searchTermScope=&amp;multiSearch=&amp;searchType=2&amp;maxPrice=&amp;showResultsPage=true&amp;langId=-1&amp;beginIndex=0&amp;sType=SimpleSearch&amp;metaData=&amp;browseView=true&amp;manufacturer=&amp;resultCatEntryType=&amp;catalogId=10576&amp;pageView=&amp;facet=mfName_ntk_cs%253ARed%2BRock%2BDeli&amp;minPrice=&amp;categoryId=25573&amp;storeId=10601&quot;,&quot;name&quot;:&quot;Red Rock Deli&quot;,&quot;count&quot;:&quot;12&quot;,&quot;className&quot;:&quot;&quot;},{&quot;url&quot;:&quot;http://shop.coles.com.au/online/SearchDisplay?searchTermScope=&amp;multiSearch=&amp;searchType=2&amp;maxPrice=&amp;showResultsPage=true&amp;langId=-1&amp;beginIndex=0&amp;sType=SimpleSearch&amp;metaData=&amp;browseView=true&amp;manufacturer=&amp;resultCatEntryType=&amp;catalogId=10576&amp;pageView=&amp;facet=mfName_ntk_cs%253ARed%2BSeal&amp;minPrice=&amp;categoryId=25573&amp;storeId=10601&quot;,&quot;name&quot;:&quot;Red Seal&quot;,&quot;count&quot;:&quot;1&quot;,&quot;className&quot;:&quot;&quot;},{&quot;url&quot;:&quot;http://shop.coles.com.au/online/SearchDisplay?searchTermScope=&amp;multiSearch=&amp;searchType=2&amp;maxPrice=&amp;showResultsPage=true&amp;langId=-1&amp;beginIndex=0&amp;sType=SimpleSearch&amp;metaData=&amp;browseView=true&amp;manufacturer=&amp;resultCatEntryType=&amp;catalogId=10576&amp;pageView=&amp;facet=mfName_ntk_cs%253ARed%2BTractor&amp;minPrice=&amp;categoryId=25573&amp;storeId=10601&quot;,&quot;name&quot;:&quot;Red Tractor&quot;,&quot;count&quot;:&quot;9&quot;,&quot;className&quot;:&quot;&quot;},{&quot;url&quot;:&quot;http://shop.coles.com.au/online/SearchDisplay?searchTermScope=&amp;multiSearch=&amp;searchType=2&amp;maxPrice=&amp;showResultsPage=true&amp;langId=-1&amp;beginIndex=0&amp;sType=SimpleSearch&amp;metaData=&amp;browseView=true&amp;manufacturer=&amp;resultCatEntryType=&amp;catalogId=10576&amp;pageView=&amp;facet=mfName_ntk_cs%253ARed%2BTulip&amp;minPrice=&amp;categoryId=25573&amp;storeId=10601&quot;,&quot;name&quot;:&quot;Red Tulip&quot;,&quot;count&quot;:&quot;2&quot;,&quot;className&quot;:&quot;&quot;},{&quot;url&quot;:&quot;http://shop.coles.com.au/online/SearchDisplay?searchTermScope=&amp;multiSearch=&amp;searchType=2&amp;maxPrice=&amp;showResultsPage=true&amp;langId=-1&amp;beginIndex=0&amp;sType=SimpleSearch&amp;metaData=&amp;browseView=true&amp;manufacturer=&amp;resultCatEntryType=&amp;catalogId=10576&amp;pageView=&amp;facet=mfName_ntk_cs%253ARepublica&amp;minPrice=&amp;categoryId=25573&amp;storeId=10601&quot;,&quot;name&quot;:&quot;Republica&quot;,&quot;count&quot;:&quot;7&quot;,&quot;className&quot;:&quot;&quot;},{&quot;url&quot;:&quot;http://shop.coles.com.au/online/SearchDisplay?searchTermScope=&amp;multiSearch=&amp;searchType=2&amp;maxPrice=&amp;showResultsPage=true&amp;langId=-1&amp;beginIndex=0&amp;sType=SimpleSearch&amp;metaData=&amp;browseView=true&amp;manufacturer=&amp;resultCatEntryType=&amp;catalogId=10576&amp;pageView=&amp;facet=mfName_ntk_cs%253ARhodes&amp;minPrice=&amp;categoryId=25573&amp;storeId=10601&quot;,&quot;name&quot;:&quot;Rhodes&quot;,&quot;count&quot;:&quot;4&quot;,&quot;className&quot;:&quot;&quot;},{&quot;url&quot;:&quot;http://shop.coles.com.au/online/SearchDisplay?searchTermScope=&amp;multiSearch=&amp;searchType=2&amp;maxPrice=&amp;showResultsPage=true&amp;langId=-1&amp;beginIndex=0&amp;sType=SimpleSearch&amp;metaData=&amp;browseView=true&amp;manufacturer=&amp;resultCatEntryType=&amp;catalogId=10576&amp;pageView=&amp;facet=mfName_ntk_cs%253ARhythm&amp;minPrice=&amp;categoryId=25573&amp;storeId=10601&quot;,&quot;name&quot;:&quot;Rhythm&quot;,&quot;count&quot;:&quot;1&quot;,&quot;className&quot;:&quot;&quot;},{&quot;url&quot;:&quot;http://shop.coles.com.au/online/SearchDisplay?searchTermScope=&amp;multiSearch=&amp;searchType=2&amp;maxPrice=&amp;showResultsPage=true&amp;langId=-1&amp;beginIndex=0&amp;sType=SimpleSearch&amp;metaData=&amp;browseView=true&amp;manufacturer=&amp;resultCatEntryType=&amp;catalogId=10576&amp;pageView=&amp;facet=mfName_ntk_cs%253ARiccis%2BBikkies&amp;minPrice=&amp;categoryId=25573&amp;storeId=10601&quot;,&quot;name&quot;:&quot;Riccis Bikkies&quot;,&quot;count&quot;:&quot;2&quot;,&quot;className&quot;:&quot;&quot;},{&quot;url&quot;:&quot;http://shop.coles.com.au/online/SearchDisplay?searchTermScope=&amp;multiSearch=&amp;searchType=2&amp;maxPrice=&amp;showResultsPage=true&amp;langId=-1&amp;beginIndex=0&amp;sType=SimpleSearch&amp;metaData=&amp;browseView=true&amp;manufacturer=&amp;resultCatEntryType=&amp;catalogId=10576&amp;pageView=&amp;facet=mfName_ntk_cs%253ARice%2BA%2BRiso&amp;minPrice=&amp;categoryId=25573&amp;storeId=10601&quot;,&quot;name&quot;:&quot;Rice A Riso&quot;,&quot;count&quot;:&quot;1&quot;,&quot;className&quot;:&quot;&quot;},{&quot;url&quot;:&quot;http://shop.coles.com.au/online/SearchDisplay?searchTermScope=&amp;multiSearch=&amp;searchType=2&amp;maxPrice=&amp;showResultsPage=true&amp;langId=-1&amp;beginIndex=0&amp;sType=SimpleSearch&amp;metaData=&amp;browseView=true&amp;manufacturer=&amp;resultCatEntryType=&amp;catalogId=10576&amp;pageView=&amp;facet=mfName_ntk_cs%253ARice-A-Riso&amp;minPrice=&amp;categoryId=25573&amp;storeId=10601&quot;,&quot;name&quot;:&quot;Rice-A-Riso&quot;,&quot;count&quot;:&quot;1&quot;,&quot;className&quot;:&quot;&quot;},{&quot;url&quot;:&quot;http://shop.coles.com.au/online/SearchDisplay?searchTermScope=&amp;multiSearch=&amp;searchType=2&amp;maxPrice=&amp;showResultsPage=true&amp;langId=-1&amp;beginIndex=0&amp;sType=SimpleSearch&amp;metaData=&amp;browseView=true&amp;manufacturer=&amp;resultCatEntryType=&amp;catalogId=10576&amp;pageView=&amp;facet=mfName_ntk_cs%253ARiverside%2BAustralian&amp;minPrice=&amp;categoryId=25573&amp;storeId=10601&quot;,&quot;name&quot;:&quot;Riverside Australian&quot;,&quot;count&quot;:&quot;3&quot;,&quot;className&quot;:&quot;&quot;},{&quot;url&quot;:&quot;http://shop.coles.com.au/online/SearchDisplay?searchTermScope=&amp;multiSearch=&amp;searchType=2&amp;maxPrice=&amp;showResultsPage=true&amp;langId=-1&amp;beginIndex=0&amp;sType=SimpleSearch&amp;metaData=&amp;browseView=true&amp;manufacturer=&amp;resultCatEntryType=&amp;catalogId=10576&amp;pageView=&amp;facet=mfName_ntk_cs%253ARiviana&amp;minPrice=&amp;categoryId=25573&amp;storeId=10601&quot;,&quot;name&quot;:&quot;Riviana&quot;,&quot;count&quot;:&quot;5&quot;,&quot;className&quot;:&quot;&quot;},{&quot;url&quot;:&quot;http://shop.coles.com.au/online/SearchDisplay?searchTermScope=&amp;multiSearch=&amp;searchType=2&amp;maxPrice=&amp;showResultsPage=true&amp;langId=-1&amp;beginIndex=0&amp;sType=SimpleSearch&amp;metaData=&amp;browseView=true&amp;manufacturer=&amp;resultCatEntryType=&amp;catalogId=10576&amp;pageView=&amp;facet=mfName_ntk_cs%253ARobern&amp;minPrice=&amp;categoryId=25573&amp;storeId=10601&quot;,&quot;name&quot;:&quot;Robern&quot;,&quot;count&quot;:&quot;3&quot;,&quot;className&quot;:&quot;&quot;},{&quot;url&quot;:&quot;http://shop.coles.com.au/online/SearchDisplay?searchTermScope=&amp;multiSearch=&amp;searchType=2&amp;maxPrice=&amp;showResultsPage=true&amp;langId=-1&amp;beginIndex=0&amp;sType=SimpleSearch&amp;metaData=&amp;browseView=true&amp;manufacturer=&amp;resultCatEntryType=&amp;catalogId=10576&amp;pageView=&amp;facet=mfName_ntk_cs%253ARobern%2BMenz&amp;minPrice=&amp;categoryId=25573&amp;storeId=10601&quot;,&quot;name&quot;:&quot;Robern Menz&quot;,&quot;count&quot;:&quot;3&quot;,&quot;className&quot;:&quot;&quot;},{&quot;url&quot;:&quot;http://shop.coles.com.au/online/SearchDisplay?searchTermScope=&amp;multiSearch=&amp;searchType=2&amp;maxPrice=&amp;showResultsPage=true&amp;langId=-1&amp;beginIndex=0&amp;sType=SimpleSearch&amp;metaData=&amp;browseView=true&amp;manufacturer=&amp;resultCatEntryType=&amp;catalogId=10576&amp;pageView=&amp;facet=mfName_ntk_cs%253ARobert%2BTimms&amp;minPrice=&amp;categoryId=25573&amp;storeId=10601&quot;,&quot;name&quot;:&quot;Robert Timms&quot;,&quot;count&quot;:&quot;9&quot;,&quot;className&quot;:&quot;&quot;},{&quot;url&quot;:&quot;http://shop.coles.com.au/online/SearchDisplay?searchTermScope=&amp;multiSearch=&amp;searchType=2&amp;maxPrice=&amp;showResultsPage=true&amp;langId=-1&amp;beginIndex=0&amp;sType=SimpleSearch&amp;metaData=&amp;browseView=true&amp;manufacturer=&amp;resultCatEntryType=&amp;catalogId=10576&amp;pageView=&amp;facet=mfName_ntk_cs%253ARobertsons&amp;minPrice=&amp;categoryId=25573&amp;storeId=10601&quot;,&quot;name&quot;:&quot;Robertsons&quot;,&quot;count&quot;:&quot;1&quot;,&quot;className&quot;:&quot;&quot;},{&quot;url&quot;:&quot;http://shop.coles.com.au/online/SearchDisplay?searchTermScope=&amp;multiSearch=&amp;searchType=2&amp;maxPrice=&amp;showResultsPage=true&amp;langId=-1&amp;beginIndex=0&amp;sType=SimpleSearch&amp;metaData=&amp;browseView=true&amp;manufacturer=&amp;resultCatEntryType=&amp;catalogId=10576&amp;pageView=&amp;facet=mfName_ntk_cs%253ARobs%2BPure%2BLife&amp;minPrice=&amp;categoryId=25573&amp;storeId=10601&quot;,&quot;name&quot;:&quot;Robs Pure Life&quot;,&quot;count&quot;:&quot;2&quot;,&quot;className&quot;:&quot;&quot;},{&quot;url&quot;:&quot;http://shop.coles.com.au/online/SearchDisplay?searchTermScope=&amp;multiSearch=&amp;searchType=2&amp;maxPrice=&amp;showResultsPage=true&amp;langId=-1&amp;beginIndex=0&amp;sType=SimpleSearch&amp;metaData=&amp;browseView=true&amp;manufacturer=&amp;resultCatEntryType=&amp;catalogId=10576&amp;pageView=&amp;facet=mfName_ntk_cs%253ARomanella&amp;minPrice=&amp;categoryId=25573&amp;storeId=10601&quot;,&quot;name&quot;:&quot;Romanella&quot;,&quot;count&quot;:&quot;1&quot;,&quot;className&quot;:&quot;&quot;},{&quot;url&quot;:&quot;http://shop.coles.com.au/online/SearchDisplay?searchTermScope=&amp;multiSearch=&amp;searchType=2&amp;maxPrice=&amp;showResultsPage=true&amp;langId=-1&amp;beginIndex=0&amp;sType=SimpleSearch&amp;metaData=&amp;browseView=true&amp;manufacturer=&amp;resultCatEntryType=&amp;catalogId=10576&amp;pageView=&amp;facet=mfName_ntk_cs%253ARose%2527s&amp;minPrice=&amp;categoryId=25573&amp;storeId=10601&quot;,&quot;name&quot;:&quot;Rose's&quot;,&quot;count&quot;:&quot;5&quot;,&quot;className&quot;:&quot;&quot;},{&quot;url&quot;:&quot;http://shop.coles.com.au/online/SearchDisplay?searchTermScope=&amp;multiSearch=&amp;searchType=2&amp;maxPrice=&amp;showResultsPage=true&amp;langId=-1&amp;beginIndex=0&amp;sType=SimpleSearch&amp;metaData=&amp;browseView=true&amp;manufacturer=&amp;resultCatEntryType=&amp;catalogId=10576&amp;pageView=&amp;facet=mfName_ntk_cs%253ARosella&amp;minPrice=&amp;categoryId=25573&amp;storeId=10601&quot;,&quot;name&quot;:&quot;Rosella&quot;,&quot;count&quot;:&quot;10&quot;,&quot;className&quot;:&quot;&quot;},{&quot;url&quot;:&quot;http://shop.coles.com.au/online/SearchDisplay?searchTermScope=&amp;multiSearch=&amp;searchType=2&amp;maxPrice=&amp;showResultsPage=true&amp;langId=-1&amp;beginIndex=0&amp;sType=SimpleSearch&amp;metaData=&amp;browseView=true&amp;manufacturer=&amp;resultCatEntryType=&amp;catalogId=10576&amp;pageView=&amp;facet=mfName_ntk_cs%253ARowntree&amp;minPrice=&amp;categoryId=25573&amp;storeId=10601&quot;,&quot;name&quot;:&quot;Rowntree&quot;,&quot;count&quot;:&quot;1&quot;,&quot;className&quot;:&quot;&quot;},{&quot;url&quot;:&quot;http://shop.coles.com.au/online/SearchDisplay?searchTermScope=&amp;multiSearch=&amp;searchType=2&amp;maxPrice=&amp;showResultsPage=true&amp;langId=-1&amp;beginIndex=0&amp;sType=SimpleSearch&amp;metaData=&amp;browseView=true&amp;manufacturer=&amp;resultCatEntryType=&amp;catalogId=10576&amp;pageView=&amp;facet=mfName_ntk_cs%253ARoyal%2BFields&amp;minPrice=&amp;categoryId=25573&amp;storeId=10601&quot;,&quot;name&quot;:&quot;Royal Fields&quot;,&quot;count&quot;:&quot;6&quot;,&quot;className&quot;:&quot;&quot;},{&quot;url&quot;:&quot;http://shop.coles.com.au/online/SearchDisplay?searchTermScope=&amp;multiSearch=&amp;searchType=2&amp;maxPrice=&amp;showResultsPage=true&amp;langId=-1&amp;beginIndex=0&amp;sType=SimpleSearch&amp;metaData=&amp;browseView=true&amp;manufacturer=&amp;resultCatEntryType=&amp;catalogId=10576&amp;pageView=&amp;facet=mfName_ntk_cs%253ARyvita&amp;minPrice=&amp;categoryId=25573&amp;storeId=10601&quot;,&quot;name&quot;:&quot;Ryvita&quot;,&quot;count&quot;:&quot;2&quot;,&quot;className&quot;:&quot;&quot;},{&quot;url&quot;:&quot;http://shop.coles.com.au/online/SearchDisplay?searchTermScope=&amp;multiSearch=&amp;searchType=2&amp;maxPrice=&amp;showResultsPage=true&amp;langId=-1&amp;beginIndex=0&amp;sType=SimpleSearch&amp;metaData=&amp;browseView=true&amp;manufacturer=&amp;resultCatEntryType=&amp;catalogId=10576&amp;pageView=&amp;facet=mfName_ntk_cs%253AS%2B%2526%2BB&amp;minPrice=&amp;categoryId=25573&amp;storeId=10601&quot;,&quot;name&quot;:&quot;S &amp; B&quot;,&quot;count&quot;:&quot;4&quot;,&quot;className&quot;:&quot;&quot;},{&quot;url&quot;:&quot;http://shop.coles.com.au/online/SearchDisplay?searchTermScope=&amp;multiSearch=&amp;searchType=2&amp;maxPrice=&amp;showResultsPage=true&amp;langId=-1&amp;beginIndex=0&amp;sType=SimpleSearch&amp;metaData=&amp;browseView=true&amp;manufacturer=&amp;resultCatEntryType=&amp;catalogId=10576&amp;pageView=&amp;facet=mfName_ntk_cs%253AS%2B%2526%2BW&amp;minPrice=&amp;categoryId=25573&amp;storeId=10601&quot;,&quot;name&quot;:&quot;S &amp; W&quot;,&quot;count&quot;:&quot;5&quot;,&quot;className&quot;:&quot;&quot;},{&quot;url&quot;:&quot;http://shop.coles.com.au/online/SearchDisplay?searchTermScope=&amp;multiSearch=&amp;searchType=2&amp;maxPrice=&amp;showResultsPage=true&amp;langId=-1&amp;beginIndex=0&amp;sType=SimpleSearch&amp;metaData=&amp;browseView=true&amp;manufacturer=&amp;resultCatEntryType=&amp;catalogId=10576&amp;pageView=&amp;facet=mfName_ntk_cs%253ASPC&amp;minPrice=&amp;categoryId=25573&amp;storeId=10601&quot;,&quot;name&quot;:&quot;SPC&quot;,&quot;count&quot;:&quot;34&quot;,&quot;className&quot;:&quot;&quot;},{&quot;url&quot;:&quot;http://shop.coles.com.au/online/SearchDisplay?searchTermScope=&amp;multiSearch=&amp;searchType=2&amp;maxPrice=&amp;showResultsPage=true&amp;langId=-1&amp;beginIndex=0&amp;sType=SimpleSearch&amp;metaData=&amp;browseView=true&amp;manufacturer=&amp;resultCatEntryType=&amp;catalogId=10576&amp;pageView=&amp;facet=mfName_ntk_cs%253ASacla&amp;minPrice=&amp;categoryId=25573&amp;storeId=10601&quot;,&quot;name&quot;:&quot;Sacla&quot;,&quot;count&quot;:&quot;7&quot;,&quot;className&quot;:&quot;&quot;},{&quot;url&quot;:&quot;http://shop.coles.com.au/online/SearchDisplay?searchTermScope=&amp;multiSearch=&amp;searchType=2&amp;maxPrice=&amp;showResultsPage=true&amp;langId=-1&amp;beginIndex=0&amp;sType=SimpleSearch&amp;metaData=&amp;browseView=true&amp;manufacturer=&amp;resultCatEntryType=&amp;catalogId=10576&amp;pageView=&amp;facet=mfName_ntk_cs%253ASafcol&amp;minPrice=&amp;categoryId=25573&amp;storeId=10601&quot;,&quot;name&quot;:&quot;Safcol&quot;,&quot;count&quot;:&quot;5&quot;,&quot;className&quot;:&quot;&quot;},{&quot;url&quot;:&quot;http://shop.coles.com.au/online/SearchDisplay?searchTermScope=&amp;multiSearch=&amp;searchType=2&amp;maxPrice=&amp;showResultsPage=true&amp;langId=-1&amp;beginIndex=0&amp;sType=SimpleSearch&amp;metaData=&amp;browseView=true&amp;manufacturer=&amp;resultCatEntryType=&amp;catalogId=10576&amp;pageView=&amp;facet=mfName_ntk_cs%253ASakata&amp;minPrice=&amp;categoryId=25573&amp;storeId=10601&quot;,&quot;name&quot;:&quot;Sakata&quot;,&quot;count&quot;:&quot;9&quot;,&quot;className&quot;:&quot;&quot;},{&quot;url&quot;:&quot;http://shop.coles.com.au/online/SearchDisplay?searchTermScope=&amp;multiSearch=&amp;searchType=2&amp;maxPrice=&amp;showResultsPage=true&amp;langId=-1&amp;beginIndex=0&amp;sType=SimpleSearch&amp;metaData=&amp;browseView=true&amp;manufacturer=&amp;resultCatEntryType=&amp;catalogId=10576&amp;pageView=&amp;facet=mfName_ntk_cs%253ASamboy&amp;minPrice=&amp;categoryId=25573&amp;storeId=10601&quot;,&quot;name&quot;:&quot;Samboy&quot;,&quot;count&quot;:&quot;1&quot;,&quot;className&quot;:&quot;&quot;},{&quot;url&quot;:&quot;http://shop.coles.com.au/online/SearchDisplay?searchTermScope=&amp;multiSearch=&amp;searchType=2&amp;maxPrice=&amp;showResultsPage=true&amp;langId=-1&amp;beginIndex=0&amp;sType=SimpleSearch&amp;metaData=&amp;browseView=true&amp;manufacturer=&amp;resultCatEntryType=&amp;catalogId=10576&amp;pageView=&amp;facet=mfName_ntk_cs%253ASan%2BRemo&amp;minPrice=&amp;categoryId=25573&amp;storeId=10601&quot;,&quot;name&quot;:&quot;San Remo&quot;,&quot;count&quot;:&quot;73&quot;,&quot;className&quot;:&quot;&quot;},{&quot;url&quot;:&quot;http://shop.coles.com.au/online/SearchDisplay?searchTermScope=&amp;multiSearch=&amp;searchType=2&amp;maxPrice=&amp;showResultsPage=true&amp;langId=-1&amp;beginIndex=0&amp;sType=SimpleSearch&amp;metaData=&amp;browseView=true&amp;manufacturer=&amp;resultCatEntryType=&amp;catalogId=10576&amp;pageView=&amp;facet=mfName_ntk_cs%253ASandhurst&amp;minPrice=&amp;categoryId=25573&amp;storeId=10601&quot;,&quot;name&quot;:&quot;Sandhurst&quot;,&quot;count&quot;:&quot;15&quot;,&quot;className&quot;:&quot;&quot;},{&quot;url&quot;:&quot;http://shop.coles.com.au/online/SearchDisplay?searchTermScope=&amp;multiSearch=&amp;searchType=2&amp;maxPrice=&amp;showResultsPage=true&amp;langId=-1&amp;beginIndex=0&amp;sType=SimpleSearch&amp;metaData=&amp;browseView=true&amp;manufacturer=&amp;resultCatEntryType=&amp;catalogId=10576&amp;pageView=&amp;facet=mfName_ntk_cs%253ASanitarium&amp;minPrice=&amp;categoryId=25573&amp;storeId=10601&quot;,&quot;name&quot;:&quot;Sanitarium&quot;,&quot;count&quot;:&quot;55&quot;,&quot;className&quot;:&quot;&quot;},{&quot;url&quot;:&quot;http://shop.coles.com.au/online/SearchDisplay?searchTermScope=&amp;multiSearch=&amp;searchType=2&amp;maxPrice=&amp;showResultsPage=true&amp;langId=-1&amp;beginIndex=0&amp;sType=SimpleSearch&amp;metaData=&amp;browseView=true&amp;manufacturer=&amp;resultCatEntryType=&amp;catalogId=10576&amp;pageView=&amp;facet=mfName_ntk_cs%253ASaunders&amp;minPrice=&amp;categoryId=25573&amp;storeId=10601&quot;,&quot;name&quot;:&quot;Saunders&quot;,&quot;count&quot;:&quot;1&quot;,&quot;className&quot;:&quot;&quot;},{&quot;url&quot;:&quot;http://shop.coles.com.au/online/SearchDisplay?searchTermScope=&amp;multiSearch=&amp;searchType=2&amp;maxPrice=&amp;showResultsPage=true&amp;langId=-1&amp;beginIndex=0&amp;sType=SimpleSearch&amp;metaData=&amp;browseView=true&amp;manufacturer=&amp;resultCatEntryType=&amp;catalogId=10576&amp;pageView=&amp;facet=mfName_ntk_cs%253ASaxa&amp;minPrice=&amp;categoryId=25573&amp;storeId=10601&quot;,&quot;name&quot;:&quot;Saxa&quot;,&quot;count&quot;:&quot;22&quot;,&quot;className&quot;:&quot;&quot;},{&quot;url&quot;:&quot;http://shop.coles.com.au/online/SearchDisplay?searchTermScope=&amp;multiSearch=&amp;searchType=2&amp;maxPrice=&amp;showResultsPage=true&amp;langId=-1&amp;beginIndex=0&amp;sType=SimpleSearch&amp;metaData=&amp;browseView=true&amp;manufacturer=&amp;resultCatEntryType=&amp;catalogId=10576&amp;pageView=&amp;facet=mfName_ntk_cs%253ASempio&amp;minPrice=&amp;categoryId=25573&amp;storeId=10601&quot;,&quot;name&quot;:&quot;Sempio&quot;,&quot;count&quot;:&quot;3&quot;,&quot;className&quot;:&quot;&quot;},{&quot;url&quot;:&quot;http://shop.coles.com.au/online/SearchDisplay?searchTermScope=&amp;multiSearch=&amp;searchType=2&amp;maxPrice=&amp;showResultsPage=true&amp;langId=-1&amp;beginIndex=0&amp;sType=SimpleSearch&amp;metaData=&amp;browseView=true&amp;manufacturer=&amp;resultCatEntryType=&amp;catalogId=10576&amp;pageView=&amp;facet=mfName_ntk_cs%253ASeven%2BSundays&amp;minPrice=&amp;categoryId=25573&amp;storeId=10601&quot;,&quot;name&quot;:&quot;Seven Sundays&quot;,&quot;count&quot;:&quot;4&quot;,&quot;className&quot;:&quot;&quot;},{&quot;url&quot;:&quot;http://shop.coles.com.au/online/SearchDisplay?searchTermScope=&amp;multiSearch=&amp;searchType=2&amp;maxPrice=&amp;showResultsPage=true&amp;langId=-1&amp;beginIndex=0&amp;sType=SimpleSearch&amp;metaData=&amp;browseView=true&amp;manufacturer=&amp;resultCatEntryType=&amp;catalogId=10576&amp;pageView=&amp;facet=mfName_ntk_cs%253ASharwood%2527s&amp;minPrice=&amp;categoryId=25573&amp;storeId=10601&quot;,&quot;name&quot;:&quot;Sharwood's&quot;,&quot;count&quot;:&quot;6&quot;,&quot;className&quot;:&quot;&quot;},{&quot;url&quot;:&quot;http://shop.coles.com.au/online/SearchDisplay?searchTermScope=&amp;multiSearch=&amp;searchType=2&amp;maxPrice=&amp;showResultsPage=true&amp;langId=-1&amp;beginIndex=0&amp;sType=SimpleSearch&amp;metaData=&amp;browseView=true&amp;manufacturer=&amp;resultCatEntryType=&amp;catalogId=10576&amp;pageView=&amp;facet=mfName_ntk_cs%253ASimply%2B7&amp;minPrice=&amp;categoryId=25573&amp;storeId=10601&quot;,&quot;name&quot;:&quot;Simply 7&quot;,&quot;count&quot;:&quot;2&quot;,&quot;className&quot;:&quot;&quot;},{&quot;url&quot;:&quot;http://shop.coles.com.au/online/SearchDisplay?searchTermScope=&amp;multiSearch=&amp;searchType=2&amp;maxPrice=&amp;showResultsPage=true&amp;langId=-1&amp;beginIndex=0&amp;sType=SimpleSearch&amp;metaData=&amp;browseView=true&amp;manufacturer=&amp;resultCatEntryType=&amp;catalogId=10576&amp;pageView=&amp;facet=mfName_ntk_cs%253ASimply%2BWize&amp;minPrice=&amp;categoryId=25573&amp;storeId=10601&quot;,&quot;name&quot;:&quot;Simply Wize&quot;,&quot;count&quot;:&quot;4&quot;,&quot;className&quot;:&quot;&quot;},{&quot;url&quot;:&quot;http://shop.coles.com.au/online/SearchDisplay?searchTermScope=&amp;multiSearch=&amp;searchType=2&amp;maxPrice=&amp;showResultsPage=true&amp;langId=-1&amp;beginIndex=0&amp;sType=SimpleSearch&amp;metaData=&amp;browseView=true&amp;manufacturer=&amp;resultCatEntryType=&amp;catalogId=10576&amp;pageView=&amp;facet=mfName_ntk_cs%253ASimsek&amp;minPrice=&amp;categoryId=25573&amp;storeId=10601&quot;,&quot;name&quot;:&quot;Simsek&quot;,&quot;count&quot;:&quot;1&quot;,&quot;className&quot;:&quot;&quot;},{&quot;url&quot;:&quot;http://shop.coles.com.au/online/SearchDisplay?searchTermScope=&amp;multiSearch=&amp;searchType=2&amp;maxPrice=&amp;showResultsPage=true&amp;langId=-1&amp;beginIndex=0&amp;sType=SimpleSearch&amp;metaData=&amp;browseView=true&amp;manufacturer=&amp;resultCatEntryType=&amp;catalogId=10576&amp;pageView=&amp;facet=mfName_ntk_cs%253ASinga-me&amp;minPrice=&amp;categoryId=25573&amp;storeId=10601&quot;,&quot;name&quot;:&quot;Singa-me&quot;,&quot;count&quot;:&quot;4&quot;,&quot;className&quot;:&quot;&quot;},{&quot;url&quot;:&quot;http://shop.coles.com.au/online/SearchDisplay?searchTermScope=&amp;multiSearch=&amp;searchType=2&amp;maxPrice=&amp;showResultsPage=true&amp;langId=-1&amp;beginIndex=0&amp;sType=SimpleSearch&amp;metaData=&amp;browseView=true&amp;manufacturer=&amp;resultCatEntryType=&amp;catalogId=10576&amp;pageView=&amp;facet=mfName_ntk_cs%253ASirena&amp;minPrice=&amp;categoryId=25573&amp;storeId=10601&quot;,&quot;name&quot;:&quot;Sirena&quot;,&quot;count&quot;:&quot;29&quot;,&quot;className&quot;:&quot;&quot;},{&quot;url&quot;:&quot;http://shop.coles.com.au/online/SearchDisplay?searchTermScope=&amp;multiSearch=&amp;searchType=2&amp;maxPrice=&amp;showResultsPage=true&amp;langId=-1&amp;beginIndex=0&amp;sType=SimpleSearch&amp;metaData=&amp;browseView=true&amp;manufacturer=&amp;resultCatEntryType=&amp;catalogId=10576&amp;pageView=&amp;facet=mfName_ntk_cs%253ASkittles&amp;minPrice=&amp;categoryId=25573&amp;storeId=10601&quot;,&quot;name&quot;:&quot;Skittles&quot;,&quot;count&quot;:&quot;5&quot;,&quot;className&quot;:&quot;&quot;},{&quot;url&quot;:&quot;http://shop.coles.com.au/online/SearchDisplay?searchTermScope=&amp;multiSearch=&amp;searchType=2&amp;maxPrice=&amp;showResultsPage=true&amp;langId=-1&amp;beginIndex=0&amp;sType=SimpleSearch&amp;metaData=&amp;browseView=true&amp;manufacturer=&amp;resultCatEntryType=&amp;catalogId=10576&amp;pageView=&amp;facet=mfName_ntk_cs%253ASlendier&amp;minPrice=&amp;categoryId=25573&amp;storeId=10601&quot;,&quot;name&quot;:&quot;Slendier&quot;,&quot;count&quot;:&quot;5&quot;,&quot;className&quot;:&quot;&quot;},{&quot;url&quot;:&quot;http://shop.coles.com.au/online/SearchDisplay?searchTermScope=&amp;multiSearch=&amp;searchType=2&amp;maxPrice=&amp;showResultsPage=true&amp;langId=-1&amp;beginIndex=0&amp;sType=SimpleSearch&amp;metaData=&amp;browseView=true&amp;manufacturer=&amp;resultCatEntryType=&amp;catalogId=10576&amp;pageView=&amp;facet=mfName_ntk_cs%253ASlim%2BSecrets&amp;minPrice=&amp;categoryId=25573&amp;storeId=10601&quot;,&quot;name&quot;:&quot;Slim Secrets&quot;,&quot;count&quot;:&quot;2&quot;,&quot;className&quot;:&quot;&quot;},{&quot;url&quot;:&quot;http://shop.coles.com.au/online/SearchDisplay?searchTermScope=&amp;multiSearch=&amp;searchType=2&amp;maxPrice=&amp;showResultsPage=true&amp;langId=-1&amp;beginIndex=0&amp;sType=SimpleSearch&amp;metaData=&amp;browseView=true&amp;manufacturer=&amp;resultCatEntryType=&amp;catalogId=10576&amp;pageView=&amp;facet=mfName_ntk_cs%253ASmith%2527s&amp;minPrice=&amp;categoryId=25573&amp;storeId=10601&quot;,&quot;name&quot;:&quot;Smith's&quot;,&quot;count&quot;:&quot;32&quot;,&quot;className&quot;:&quot;&quot;},{&quot;url&quot;:&quot;http://shop.coles.com.au/online/SearchDisplay?searchTermScope=&amp;multiSearch=&amp;searchType=2&amp;maxPrice=&amp;showResultsPage=true&amp;langId=-1&amp;beginIndex=0&amp;sType=SimpleSearch&amp;metaData=&amp;browseView=true&amp;manufacturer=&amp;resultCatEntryType=&amp;catalogId=10576&amp;pageView=&amp;facet=mfName_ntk_cs%253ASmiths&amp;minPrice=&amp;categoryId=25573&amp;storeId=10601&quot;,&quot;name&quot;:&quot;Smiths&quot;,&quot;count&quot;:&quot;7&quot;,&quot;className&quot;:&quot;&quot;},{&quot;url&quot;:&quot;http://shop.coles.com.au/online/SearchDisplay?searchTermScope=&amp;multiSearch=&amp;searchType=2&amp;maxPrice=&amp;showResultsPage=true&amp;langId=-1&amp;beginIndex=0&amp;sType=SimpleSearch&amp;metaData=&amp;browseView=true&amp;manufacturer=&amp;resultCatEntryType=&amp;catalogId=10576&amp;pageView=&amp;facet=mfName_ntk_cs%253ASnapple&amp;minPrice=&amp;categoryId=25573&amp;storeId=10601&quot;,&quot;name&quot;:&quot;Snapple&quot;,&quot;count&quot;:&quot;3&quot;,&quot;className&quot;:&quot;&quot;},{&quot;url&quot;:&quot;http://shop.coles.com.au/online/SearchDisplay?searchTermScope=&amp;multiSearch=&amp;searchType=2&amp;maxPrice=&amp;showResultsPage=true&amp;langId=-1&amp;beginIndex=0&amp;sType=SimpleSearch&amp;metaData=&amp;browseView=true&amp;manufacturer=&amp;resultCatEntryType=&amp;catalogId=10576&amp;pageView=&amp;facet=mfName_ntk_cs%253ASnappy&amp;minPrice=&amp;categoryId=25573&amp;storeId=10601&quot;,&quot;name&quot;:&quot;Snappy&quot;,&quot;count&quot;:&quot;2&quot;,&quot;className&quot;:&quot;&quot;},{&quot;url&quot;:&quot;http://shop.coles.com.au/online/SearchDisplay?searchTermScope=&amp;multiSearch=&amp;searchType=2&amp;maxPrice=&amp;showResultsPage=true&amp;langId=-1&amp;beginIndex=0&amp;sType=SimpleSearch&amp;metaData=&amp;browseView=true&amp;manufacturer=&amp;resultCatEntryType=&amp;catalogId=10576&amp;pageView=&amp;facet=mfName_ntk_cs%253ASnickers&amp;minPrice=&amp;categoryId=25573&amp;storeId=10601&quot;,&quot;name&quot;:&quot;Snickers&quot;,&quot;count&quot;:&quot;3&quot;,&quot;className&quot;:&quot;&quot;},{&quot;url&quot;:&quot;http://shop.coles.com.au/online/SearchDisplay?searchTermScope=&amp;multiSearch=&amp;searchType=2&amp;maxPrice=&amp;showResultsPage=true&amp;langId=-1&amp;beginIndex=0&amp;sType=SimpleSearch&amp;metaData=&amp;browseView=true&amp;manufacturer=&amp;resultCatEntryType=&amp;catalogId=10576&amp;pageView=&amp;facet=mfName_ntk_cs%253ASoletti&amp;minPrice=&amp;categoryId=25573&amp;storeId=10601&quot;,&quot;name&quot;:&quot;Soletti&quot;,&quot;count&quot;:&quot;2&quot;,&quot;className&quot;:&quot;&quot;},{&quot;url&quot;:&quot;http://shop.coles.com.au/online/SearchDisplay?searchTermScope=&amp;multiSearch=&amp;searchType=2&amp;maxPrice=&amp;showResultsPage=true&amp;langId=-1&amp;beginIndex=0&amp;sType=SimpleSearch&amp;metaData=&amp;browseView=true&amp;manufacturer=&amp;resultCatEntryType=&amp;catalogId=10576&amp;pageView=&amp;facet=mfName_ntk_cs%253ASoothers&amp;minPrice=&amp;categoryId=25573&amp;storeId=10601&quot;,&quot;name&quot;:&quot;Soothers&quot;,&quot;count&quot;:&quot;5&quot;,&quot;className&quot;:&quot;&quot;},{&quot;url&quot;:&quot;http://shop.coles.com.au/online/SearchDisplay?searchTermScope=&amp;multiSearch=&amp;searchType=2&amp;maxPrice=&amp;showResultsPage=true&amp;langId=-1&amp;beginIndex=0&amp;sType=SimpleSearch&amp;metaData=&amp;browseView=true&amp;manufacturer=&amp;resultCatEntryType=&amp;catalogId=10576&amp;pageView=&amp;facet=mfName_ntk_cs%253ASostanza&amp;minPrice=&amp;categoryId=25573&amp;storeId=10601&quot;,&quot;name&quot;:&quot;Sostanza&quot;,&quot;count&quot;:&quot;2&quot;,&quot;className&quot;:&quot;&quot;},{&quot;url&quot;:&quot;http://shop.coles.com.au/online/SearchDisplay?searchTermScope=&amp;multiSearch=&amp;searchType=2&amp;maxPrice=&amp;showResultsPage=true&amp;langId=-1&amp;beginIndex=0&amp;sType=SimpleSearch&amp;metaData=&amp;browseView=true&amp;manufacturer=&amp;resultCatEntryType=&amp;catalogId=10576&amp;pageView=&amp;facet=mfName_ntk_cs%253ASour%2BPatch&amp;minPrice=&amp;categoryId=25573&amp;storeId=10601&quot;,&quot;name&quot;:&quot;Sour Patch&quot;,&quot;count&quot;:&quot;1&quot;,&quot;className&quot;:&quot;&quot;},{&quot;url&quot;:&quot;http://shop.coles.com.au/online/SearchDisplay?searchTermScope=&amp;multiSearch=&amp;searchType=2&amp;maxPrice=&amp;showResultsPage=true&amp;langId=-1&amp;beginIndex=0&amp;sType=SimpleSearch&amp;metaData=&amp;browseView=true&amp;manufacturer=&amp;resultCatEntryType=&amp;catalogId=10576&amp;pageView=&amp;facet=mfName_ntk_cs%253ASpam&amp;minPrice=&amp;categoryId=25573&amp;storeId=10601&quot;,&quot;name&quot;:&quot;Spam&quot;,&quot;count&quot;:&quot;8&quot;,&quot;className&quot;:&quot;&quot;},{&quot;url&quot;:&quot;http://shop.coles.com.au/online/SearchDisplay?searchTermScope=&amp;multiSearch=&amp;searchType=2&amp;maxPrice=&amp;showResultsPage=true&amp;langId=-1&amp;beginIndex=0&amp;sType=SimpleSearch&amp;metaData=&amp;browseView=true&amp;manufacturer=&amp;resultCatEntryType=&amp;catalogId=10576&amp;pageView=&amp;facet=mfName_ntk_cs%253ASpencers&amp;minPrice=&amp;categoryId=25573&amp;storeId=10601&quot;,&quot;name&quot;:&quot;Spencers&quot;,&quot;count&quot;:&quot;3&quot;,&quot;className&quot;:&quot;&quot;},{&quot;url&quot;:&quot;http://shop.coles.com.au/online/SearchDisplay?searchTermScope=&amp;multiSearch=&amp;searchType=2&amp;maxPrice=&amp;showResultsPage=true&amp;langId=-1&amp;beginIndex=0&amp;sType=SimpleSearch&amp;metaData=&amp;browseView=true&amp;manufacturer=&amp;resultCatEntryType=&amp;catalogId=10576&amp;pageView=&amp;facet=mfName_ntk_cs%253ASplenda&amp;minPrice=&amp;categoryId=25573&amp;storeId=10601&quot;,&quot;name&quot;:&quot;Splenda&quot;,&quot;count&quot;:&quot;3&quot;,&quot;className&quot;:&quot;&quot;},{&quot;url&quot;:&quot;http://shop.coles.com.au/online/SearchDisplay?searchTermScope=&amp;multiSearch=&amp;searchType=2&amp;maxPrice=&amp;showResultsPage=true&amp;langId=-1&amp;beginIndex=0&amp;sType=SimpleSearch&amp;metaData=&amp;browseView=true&amp;manufacturer=&amp;resultCatEntryType=&amp;catalogId=10576&amp;pageView=&amp;facet=mfName_ntk_cs%253ASpring%2BGully&amp;minPrice=&amp;categoryId=25573&amp;storeId=10601&quot;,&quot;name&quot;:&quot;Spring Gully&quot;,&quot;count&quot;:&quot;2&quot;,&quot;className&quot;:&quot;&quot;},{&quot;url&quot;:&quot;http://shop.coles.com.au/online/SearchDisplay?searchTermScope=&amp;multiSearch=&amp;searchType=2&amp;maxPrice=&amp;showResultsPage=true&amp;langId=-1&amp;beginIndex=0&amp;sType=SimpleSearch&amp;metaData=&amp;browseView=true&amp;manufacturer=&amp;resultCatEntryType=&amp;catalogId=10576&amp;pageView=&amp;facet=mfName_ntk_cs%253ASqueaky%2BGate&amp;minPrice=&amp;categoryId=25573&amp;storeId=10601&quot;,&quot;name&quot;:&quot;Squeaky Gate&quot;,&quot;count&quot;:&quot;4&quot;,&quot;className&quot;:&quot;&quot;},{&quot;url&quot;:&quot;http://shop.coles.com.au/online/SearchDisplay?searchTermScope=&amp;multiSearch=&amp;searchType=2&amp;maxPrice=&amp;showResultsPage=true&amp;langId=-1&amp;beginIndex=0&amp;sType=SimpleSearch&amp;metaData=&amp;browseView=true&amp;manufacturer=&amp;resultCatEntryType=&amp;catalogId=10576&amp;pageView=&amp;facet=mfName_ntk_cs%253ASquid&amp;minPrice=&amp;categoryId=25573&amp;storeId=10601&quot;,&quot;name&quot;:&quot;Squid&quot;,&quot;count&quot;:&quot;1&quot;,&quot;className&quot;:&quot;&quot;},{&quot;url&quot;:&quot;http://shop.coles.com.au/online/SearchDisplay?searchTermScope=&amp;multiSearch=&amp;searchType=2&amp;maxPrice=&amp;showResultsPage=true&amp;langId=-1&amp;beginIndex=0&amp;sType=SimpleSearch&amp;metaData=&amp;browseView=true&amp;manufacturer=&amp;resultCatEntryType=&amp;catalogId=10576&amp;pageView=&amp;facet=mfName_ntk_cs%253ASt%2BDalfour&amp;minPrice=&amp;categoryId=25573&amp;storeId=10601&quot;,&quot;name&quot;:&quot;St Dalfour&quot;,&quot;count&quot;:&quot;10&quot;,&quot;className&quot;:&quot;&quot;},{&quot;url&quot;:&quot;http://shop.coles.com.au/online/SearchDisplay?searchTermScope=&amp;multiSearch=&amp;searchType=2&amp;maxPrice=&amp;showResultsPage=true&amp;langId=-1&amp;beginIndex=0&amp;sType=SimpleSearch&amp;metaData=&amp;browseView=true&amp;manufacturer=&amp;resultCatEntryType=&amp;catalogId=10576&amp;pageView=&amp;facet=mfName_ntk_cs%253AStagg&amp;minPrice=&amp;categoryId=25573&amp;storeId=10601&quot;,&quot;name&quot;:&quot;Stagg&quot;,&quot;count&quot;:&quot;4&quot;,&quot;className&quot;:&quot;&quot;},{&quot;url&quot;:&quot;http://shop.coles.com.au/online/SearchDisplay?searchTermScope=&amp;multiSearch=&amp;searchType=2&amp;maxPrice=&amp;showResultsPage=true&amp;langId=-1&amp;beginIndex=0&amp;sType=SimpleSearch&amp;metaData=&amp;browseView=true&amp;manufacturer=&amp;resultCatEntryType=&amp;catalogId=10576&amp;pageView=&amp;facet=mfName_ntk_cs%253AStarburst&amp;minPrice=&amp;categoryId=25573&amp;storeId=10601&quot;,&quot;name&quot;:&quot;Starburst&quot;,&quot;count&quot;:&quot;9&quot;,&quot;className&quot;:&quot;&quot;},{&quot;url&quot;:&quot;http://shop.coles.com.au/online/SearchDisplay?searchTermScope=&amp;multiSearch=&amp;searchType=2&amp;maxPrice=&amp;showResultsPage=true&amp;langId=-1&amp;beginIndex=0&amp;sType=SimpleSearch&amp;metaData=&amp;browseView=true&amp;manufacturer=&amp;resultCatEntryType=&amp;catalogId=10576&amp;pageView=&amp;facet=mfName_ntk_cs%253ASterns&amp;minPrice=&amp;categoryId=25573&amp;storeId=10601&quot;,&quot;name&quot;:&quot;Sterns&quot;,&quot;count&quot;:&quot;1&quot;,&quot;className&quot;:&quot;&quot;},{&quot;url&quot;:&quot;http://shop.coles.com.au/online/SearchDisplay?searchTermScope=&amp;multiSearch=&amp;searchType=2&amp;maxPrice=&amp;showResultsPage=true&amp;langId=-1&amp;beginIndex=0&amp;sType=SimpleSearch&amp;metaData=&amp;browseView=true&amp;manufacturer=&amp;resultCatEntryType=&amp;catalogId=10576&amp;pageView=&amp;facet=mfName_ntk_cs%253AStrepsils&amp;minPrice=&amp;categoryId=25573&amp;storeId=10601&quot;,&quot;name&quot;:&quot;Strepsils&quot;,&quot;count&quot;:&quot;8&quot;,&quot;className&quot;:&quot;&quot;},{&quot;url&quot;:&quot;http://shop.coles.com.au/online/SearchDisplay?searchTermScope=&amp;multiSearch=&amp;searchType=2&amp;maxPrice=&amp;showResultsPage=true&amp;langId=-1&amp;beginIndex=0&amp;sType=SimpleSearch&amp;metaData=&amp;browseView=true&amp;manufacturer=&amp;resultCatEntryType=&amp;catalogId=10576&amp;pageView=&amp;facet=mfName_ntk_cs%253ASue%2BShepherd&amp;minPrice=&amp;categoryId=25573&amp;storeId=10601&quot;,&quot;name&quot;:&quot;Sue Shepherd&quot;,&quot;count&quot;:&quot;9&quot;,&quot;className&quot;:&quot;&quot;},{&quot;url&quot;:&quot;http://shop.coles.com.au/online/SearchDisplay?searchTermScope=&amp;multiSearch=&amp;searchType=2&amp;maxPrice=&amp;showResultsPage=true&amp;langId=-1&amp;beginIndex=0&amp;sType=SimpleSearch&amp;metaData=&amp;browseView=true&amp;manufacturer=&amp;resultCatEntryType=&amp;catalogId=10576&amp;pageView=&amp;facet=mfName_ntk_cs%253ASue%2BShepherds&amp;minPrice=&amp;categoryId=25573&amp;storeId=10601&quot;,&quot;name&quot;:&quot;Sue Shepherds&quot;,&quot;count&quot;:&quot;3&quot;,&quot;className&quot;:&quot;&quot;},{&quot;url&quot;:&quot;http://shop.coles.com.au/online/SearchDisplay?searchTermScope=&amp;multiSearch=&amp;searchType=2&amp;maxPrice=&amp;showResultsPage=true&amp;langId=-1&amp;beginIndex=0&amp;sType=SimpleSearch&amp;metaData=&amp;browseView=true&amp;manufacturer=&amp;resultCatEntryType=&amp;catalogId=10576&amp;pageView=&amp;facet=mfName_ntk_cs%253ASugarella&amp;minPrice=&amp;categoryId=25573&amp;storeId=10601&quot;,&quot;name&quot;:&quot;Sugarella&quot;,&quot;count&quot;:&quot;1&quot;,&quot;className&quot;:&quot;&quot;},{&quot;url&quot;:&quot;http://shop.coles.com.au/online/SearchDisplay?searchTermScope=&amp;multiSearch=&amp;searchType=2&amp;maxPrice=&amp;showResultsPage=true&amp;langId=-1&amp;beginIndex=0&amp;sType=SimpleSearch&amp;metaData=&amp;browseView=true&amp;manufacturer=&amp;resultCatEntryType=&amp;catalogId=10576&amp;pageView=&amp;facet=mfName_ntk_cs%253ASugarine&amp;minPrice=&amp;categoryId=25573&amp;storeId=10601&quot;,&quot;name&quot;:&quot;Sugarine&quot;,&quot;count&quot;:&quot;1&quot;,&quot;className&quot;:&quot;&quot;},{&quot;url&quot;:&quot;http://shop.coles.com.au/online/SearchDisplay?searchTermScope=&amp;multiSearch=&amp;searchType=2&amp;maxPrice=&amp;showResultsPage=true&amp;langId=-1&amp;beginIndex=0&amp;sType=SimpleSearch&amp;metaData=&amp;browseView=true&amp;manufacturer=&amp;resultCatEntryType=&amp;catalogId=10576&amp;pageView=&amp;facet=mfName_ntk_cs%253ASugarless&amp;minPrice=&amp;categoryId=25573&amp;storeId=10601&quot;,&quot;name&quot;:&quot;Sugarless&quot;,&quot;count&quot;:&quot;4&quot;,&quot;className&quot;:&quot;&quot;},{&quot;url&quot;:&quot;http://shop.coles.com.au/online/SearchDisplay?searchTermScope=&amp;multiSearch=&amp;searchType=2&amp;maxPrice=&amp;showResultsPage=true&amp;langId=-1&amp;beginIndex=0&amp;sType=SimpleSearch&amp;metaData=&amp;browseView=true&amp;manufacturer=&amp;resultCatEntryType=&amp;catalogId=10576&amp;pageView=&amp;facet=mfName_ntk_cs%253ASuimin&amp;minPrice=&amp;categoryId=25573&amp;storeId=10601&quot;,&quot;name&quot;:&quot;Suimin&quot;,&quot;count&quot;:&quot;9&quot;,&quot;className&quot;:&quot;&quot;},{&quot;url&quot;:&quot;http://shop.coles.com.au/online/SearchDisplay?searchTermScope=&amp;multiSearch=&amp;searchType=2&amp;maxPrice=&amp;showResultsPage=true&amp;langId=-1&amp;beginIndex=0&amp;sType=SimpleSearch&amp;metaData=&amp;browseView=true&amp;manufacturer=&amp;resultCatEntryType=&amp;catalogId=10576&amp;pageView=&amp;facet=mfName_ntk_cs%253ASun%2BHealth&amp;minPrice=&amp;categoryId=25573&amp;storeId=10601&quot;,&quot;name&quot;:&quot;Sun Health&quot;,&quot;count&quot;:&quot;1&quot;,&quot;className&quot;:&quot;&quot;},{&quot;url&quot;:&quot;http://shop.coles.com.au/online/SearchDisplay?searchTermScope=&amp;multiSearch=&amp;searchType=2&amp;maxPrice=&amp;showResultsPage=true&amp;langId=-1&amp;beginIndex=0&amp;sType=SimpleSearch&amp;metaData=&amp;browseView=true&amp;manufacturer=&amp;resultCatEntryType=&amp;catalogId=10576&amp;pageView=&amp;facet=mfName_ntk_cs%253ASun%2BValley&amp;minPrice=&amp;categoryId=25573&amp;storeId=10601&quot;,&quot;name&quot;:&quot;Sun Valley&quot;,&quot;count&quot;:&quot;2&quot;,&quot;className&quot;:&quot;&quot;},{&quot;url&quot;:&quot;http://shop.coles.com.au/online/SearchDisplay?searchTermScope=&amp;multiSearch=&amp;searchType=2&amp;maxPrice=&amp;showResultsPage=true&amp;langId=-1&amp;beginIndex=0&amp;sType=SimpleSearch&amp;metaData=&amp;browseView=true&amp;manufacturer=&amp;resultCatEntryType=&amp;catalogId=10576&amp;pageView=&amp;facet=mfName_ntk_cs%253ASunbeam&amp;minPrice=&amp;categoryId=25573&amp;storeId=10601&quot;,&quot;name&quot;:&quot;Sunbeam&quot;,&quot;count&quot;:&quot;19&quot;,&quot;className&quot;:&quot;&quot;},{&quot;url&quot;:&quot;http://shop.coles.com.au/online/SearchDisplay?searchTermScope=&amp;multiSearch=&amp;searchType=2&amp;maxPrice=&amp;showResultsPage=true&amp;langId=-1&amp;beginIndex=0&amp;sType=SimpleSearch&amp;metaData=&amp;browseView=true&amp;manufacturer=&amp;resultCatEntryType=&amp;catalogId=10576&amp;pageView=&amp;facet=mfName_ntk_cs%253ASunbites&amp;minPrice=&amp;categoryId=25573&amp;storeId=10601&quot;,&quot;name&quot;:&quot;Sunbites&quot;,&quot;count&quot;:&quot;2&quot;,&quot;className&quot;:&quot;&quot;},{&quot;url&quot;:&quot;http://shop.coles.com.au/online/SearchDisplay?searchTermScope=&amp;multiSearch=&amp;searchType=2&amp;maxPrice=&amp;showResultsPage=true&amp;langId=-1&amp;beginIndex=0&amp;sType=SimpleSearch&amp;metaData=&amp;browseView=true&amp;manufacturer=&amp;resultCatEntryType=&amp;catalogId=10576&amp;pageView=&amp;facet=mfName_ntk_cs%253ASuncoast%2BGold&amp;minPrice=&amp;categoryId=25573&amp;storeId=10601&quot;,&quot;name&quot;:&quot;Suncoast Gold&quot;,&quot;count&quot;:&quot;1&quot;,&quot;className&quot;:&quot;&quot;},{&quot;url&quot;:&quot;http://shop.coles.com.au/online/SearchDisplay?searchTermScope=&amp;multiSearch=&amp;searchType=2&amp;maxPrice=&amp;showResultsPage=true&amp;langId=-1&amp;beginIndex=0&amp;sType=SimpleSearch&amp;metaData=&amp;browseView=true&amp;manufacturer=&amp;resultCatEntryType=&amp;catalogId=10576&amp;pageView=&amp;facet=mfName_ntk_cs%253ASunrice&amp;minPrice=&amp;categoryId=25573&amp;storeId=10601&quot;,&quot;name&quot;:&quot;Sunrice&quot;,&quot;count&quot;:&quot;76&quot;,&quot;className&quot;:&quot;&quot;},{&quot;url&quot;:&quot;http://shop.coles.com.au/online/SearchDisplay?searchTermScope=&amp;multiSearch=&amp;searchType=2&amp;maxPrice=&amp;showResultsPage=true&amp;langId=-1&amp;beginIndex=0&amp;sType=SimpleSearch&amp;metaData=&amp;browseView=true&amp;manufacturer=&amp;resultCatEntryType=&amp;catalogId=10576&amp;pageView=&amp;facet=mfName_ntk_cs%253ASunrise&amp;minPrice=&amp;categoryId=25573&amp;storeId=10601&quot;,&quot;name&quot;:&quot;Sunrise&quot;,&quot;count&quot;:&quot;1&quot;,&quot;className&quot;:&quot;&quot;},{&quot;url&quot;:&quot;http://shop.coles.com.au/online/SearchDisplay?searchTermScope=&amp;multiSearch=&amp;searchType=2&amp;maxPrice=&amp;showResultsPage=true&amp;langId=-1&amp;beginIndex=0&amp;sType=SimpleSearch&amp;metaData=&amp;browseView=true&amp;manufacturer=&amp;resultCatEntryType=&amp;catalogId=10576&amp;pageView=&amp;facet=mfName_ntk_cs%253ASunsol&amp;minPrice=&amp;categoryId=25573&amp;storeId=10601&quot;,&quot;name&quot;:&quot;Sunsol&quot;,&quot;count&quot;:&quot;2&quot;,&quot;className&quot;:&quot;&quot;},{&quot;url&quot;:&quot;http://shop.coles.com.au/online/SearchDisplay?searchTermScope=&amp;multiSearch=&amp;searchType=2&amp;maxPrice=&amp;showResultsPage=true&amp;langId=-1&amp;beginIndex=0&amp;sType=SimpleSearch&amp;metaData=&amp;browseView=true&amp;manufacturer=&amp;resultCatEntryType=&amp;catalogId=10576&amp;pageView=&amp;facet=mfName_ntk_cs%253ASunsweet&amp;minPrice=&amp;categoryId=25573&amp;storeId=10601&quot;,&quot;name&quot;:&quot;Sunsweet&quot;,&quot;count&quot;:&quot;2&quot;,&quot;className&quot;:&quot;&quot;},{&quot;url&quot;:&quot;http://shop.coles.com.au/online/SearchDisplay?searchTermScope=&amp;multiSearch=&amp;searchType=2&amp;maxPrice=&amp;showResultsPage=true&amp;langId=-1&amp;beginIndex=0&amp;sType=SimpleSearch&amp;metaData=&amp;browseView=true&amp;manufacturer=&amp;resultCatEntryType=&amp;catalogId=10576&amp;pageView=&amp;facet=mfName_ntk_cs%253ASunwarrior&amp;minPrice=&amp;categoryId=25573&amp;storeId=10601&quot;,&quot;name&quot;:&quot;Sunwarrior&quot;,&quot;count&quot;:&quot;1&quot;,&quot;className&quot;:&quot;&quot;},{&quot;url&quot;:&quot;http://shop.coles.com.au/online/SearchDisplay?searchTermScope=&amp;multiSearch=&amp;searchType=2&amp;maxPrice=&amp;showResultsPage=true&amp;langId=-1&amp;beginIndex=0&amp;sType=SimpleSearch&amp;metaData=&amp;browseView=true&amp;manufacturer=&amp;resultCatEntryType=&amp;catalogId=10576&amp;pageView=&amp;facet=mfName_ntk_cs%253ASurprise&amp;minPrice=&amp;categoryId=25573&amp;storeId=10601&quot;,&quot;name&quot;:&quot;Surprise&quot;,&quot;count&quot;:&quot;2&quot;,&quot;className&quot;:&quot;&quot;},{&quot;url&quot;:&quot;http://shop.coles.com.au/online/SearchDisplay?searchTermScope=&amp;multiSearch=&amp;searchType=2&amp;maxPrice=&amp;showResultsPage=true&amp;langId=-1&amp;beginIndex=0&amp;sType=SimpleSearch&amp;metaData=&amp;browseView=true&amp;manufacturer=&amp;resultCatEntryType=&amp;catalogId=10576&amp;pageView=&amp;facet=mfName_ntk_cs%253ASweet%2BBaby%2BRay%2527s&amp;minPrice=&amp;categoryId=25573&amp;storeId=10601&quot;,&quot;name&quot;:&quot;Sweet Baby Ray's&quot;,&quot;count&quot;:&quot;1&quot;,&quot;className&quot;:&quot;&quot;},{&quot;url&quot;:&quot;http://shop.coles.com.au/online/SearchDisplay?searchTermScope=&amp;multiSearch=&amp;searchType=2&amp;maxPrice=&amp;showResultsPage=true&amp;langId=-1&amp;beginIndex=0&amp;sType=SimpleSearch&amp;metaData=&amp;browseView=true&amp;manufacturer=&amp;resultCatEntryType=&amp;catalogId=10576&amp;pageView=&amp;facet=mfName_ntk_cs%253ASweet%2BWilliam&amp;minPrice=&amp;categoryId=25573&amp;storeId=10601&quot;,&quot;name&quot;:&quot;Sweet William&quot;,&quot;count&quot;:&quot;7&quot;,&quot;className&quot;:&quot;&quot;},{&quot;url&quot;:&quot;http://shop.coles.com.au/online/SearchDisplay?searchTermScope=&amp;multiSearch=&amp;searchType=2&amp;maxPrice=&amp;showResultsPage=true&amp;langId=-1&amp;beginIndex=0&amp;sType=SimpleSearch&amp;metaData=&amp;browseView=true&amp;manufacturer=&amp;resultCatEntryType=&amp;catalogId=10576&amp;pageView=&amp;facet=mfName_ntk_cs%253ASweetworld&amp;minPrice=&amp;categoryId=25573&amp;storeId=10601&quot;,&quot;name&quot;:&quot;Sweetworld&quot;,&quot;count&quot;:&quot;2&quot;,&quot;className&quot;:&quot;&quot;},{&quot;url&quot;:&quot;http://shop.coles.com.au/online/SearchDisplay?searchTermScope=&amp;multiSearch=&amp;searchType=2&amp;maxPrice=&amp;showResultsPage=true&amp;langId=-1&amp;beginIndex=0&amp;sType=SimpleSearch&amp;metaData=&amp;browseView=true&amp;manufacturer=&amp;resultCatEntryType=&amp;catalogId=10576&amp;pageView=&amp;facet=mfName_ntk_cs%253ASwisse&amp;minPrice=&amp;categoryId=25573&amp;storeId=10601&quot;,&quot;name&quot;:&quot;Swisse&quot;,&quot;count&quot;:&quot;3&quot;,&quot;className&quot;:&quot;&quot;},{&quot;url&quot;:&quot;http://shop.coles.com.au/online/SearchDisplay?searchTermScope=&amp;multiSearch=&amp;searchType=2&amp;maxPrice=&amp;showResultsPage=true&amp;langId=-1&amp;beginIndex=0&amp;sType=SimpleSearch&amp;metaData=&amp;browseView=true&amp;manufacturer=&amp;resultCatEntryType=&amp;catalogId=10576&amp;pageView=&amp;facet=mfName_ntk_cs%253ASymintons&amp;minPrice=&amp;categoryId=25573&amp;storeId=10601&quot;,&quot;name&quot;:&quot;Symintons&quot;,&quot;count&quot;:&quot;1&quot;,&quot;className&quot;:&quot;&quot;},{&quot;url&quot;:&quot;http://shop.coles.com.au/online/SearchDisplay?searchTermScope=&amp;multiSearch=&amp;searchType=2&amp;maxPrice=&amp;showResultsPage=true&amp;langId=-1&amp;beginIndex=0&amp;sType=SimpleSearch&amp;metaData=&amp;browseView=true&amp;manufacturer=&amp;resultCatEntryType=&amp;catalogId=10576&amp;pageView=&amp;facet=mfName_ntk_cs%253ASystemax&amp;minPrice=&amp;categoryId=25573&amp;storeId=10601&quot;,&quot;name&quot;:&quot;Systemax&quot;,&quot;count&quot;:&quot;6&quot;,&quot;className&quot;:&quot;&quot;},{&quot;url&quot;:&quot;http://shop.coles.com.au/online/SearchDisplay?searchTermScope=&amp;multiSearch=&amp;searchType=2&amp;maxPrice=&amp;showResultsPage=true&amp;langId=-1&amp;beginIndex=0&amp;sType=SimpleSearch&amp;metaData=&amp;browseView=true&amp;manufacturer=&amp;resultCatEntryType=&amp;catalogId=10576&amp;pageView=&amp;facet=mfName_ntk_cs%253ATable%2BOf%2BPlenty&amp;minPrice=&amp;categoryId=25573&amp;storeId=10601&quot;,&quot;name&quot;:&quot;Table Of Plenty&quot;,&quot;count&quot;:&quot;9&quot;,&quot;className&quot;:&quot;&quot;},{&quot;url&quot;:&quot;http://shop.coles.com.au/online/SearchDisplay?searchTermScope=&amp;multiSearch=&amp;searchType=2&amp;maxPrice=&amp;showResultsPage=true&amp;langId=-1&amp;beginIndex=0&amp;sType=SimpleSearch&amp;metaData=&amp;browseView=true&amp;manufacturer=&amp;resultCatEntryType=&amp;catalogId=10576&amp;pageView=&amp;facet=mfName_ntk_cs%253ATable%2Bof%2BPlenty&amp;minPrice=&amp;categoryId=25573&amp;storeId=10601&quot;,&quot;name&quot;:&quot;Table of Plenty&quot;,&quot;count&quot;:&quot;2&quot;,&quot;className&quot;:&quot;&quot;},{&quot;url&quot;:&quot;http://shop.coles.com.au/online/SearchDisplay?searchTermScope=&amp;multiSearch=&amp;searchType=2&amp;maxPrice=&amp;showResultsPage=true&amp;langId=-1&amp;beginIndex=0&amp;sType=SimpleSearch&amp;metaData=&amp;browseView=true&amp;manufacturer=&amp;resultCatEntryType=&amp;catalogId=10576&amp;pageView=&amp;facet=mfName_ntk_cs%253ATamtad&amp;minPrice=&amp;categoryId=25573&amp;storeId=10601&quot;,&quot;name&quot;:&quot;Tamtad&quot;,&quot;count&quot;:&quot;6&quot;,&quot;className&quot;:&quot;&quot;},{&quot;url&quot;:&quot;http://shop.coles.com.au/online/SearchDisplay?searchTermScope=&amp;multiSearch=&amp;searchType=2&amp;maxPrice=&amp;showResultsPage=true&amp;langId=-1&amp;beginIndex=0&amp;sType=SimpleSearch&amp;metaData=&amp;browseView=true&amp;manufacturer=&amp;resultCatEntryType=&amp;catalogId=10576&amp;pageView=&amp;facet=mfName_ntk_cs%253ATandaco&amp;minPrice=&amp;categoryId=25573&amp;storeId=10601&quot;,&quot;name&quot;:&quot;Tandaco&quot;,&quot;count&quot;:&quot;13&quot;,&quot;className&quot;:&quot;&quot;},{&quot;url&quot;:&quot;http://shop.coles.com.au/online/SearchDisplay?searchTermScope=&amp;multiSearch=&amp;searchType=2&amp;maxPrice=&amp;showResultsPage=true&amp;langId=-1&amp;beginIndex=0&amp;sType=SimpleSearch&amp;metaData=&amp;browseView=true&amp;manufacturer=&amp;resultCatEntryType=&amp;catalogId=10576&amp;pageView=&amp;facet=mfName_ntk_cs%253ATassal&amp;minPrice=&amp;categoryId=25573&amp;storeId=10601&quot;,&quot;name&quot;:&quot;Tassal&quot;,&quot;count&quot;:&quot;6&quot;,&quot;className&quot;:&quot;&quot;},{&quot;url&quot;:&quot;http://shop.coles.com.au/online/SearchDisplay?searchTermScope=&amp;multiSearch=&amp;searchType=2&amp;maxPrice=&amp;showResultsPage=true&amp;langId=-1&amp;beginIndex=0&amp;sType=SimpleSearch&amp;metaData=&amp;browseView=true&amp;manufacturer=&amp;resultCatEntryType=&amp;catalogId=10576&amp;pageView=&amp;facet=mfName_ntk_cs%253ATasti&amp;minPrice=&amp;categoryId=25573&amp;storeId=10601&quot;,&quot;name&quot;:&quot;Tasti&quot;,&quot;count&quot;:&quot;1&quot;,&quot;className&quot;:&quot;&quot;},{&quot;url&quot;:&quot;http://shop.coles.com.au/online/SearchDisplay?searchTermScope=&amp;multiSearch=&amp;searchType=2&amp;maxPrice=&amp;showResultsPage=true&amp;langId=-1&amp;beginIndex=0&amp;sType=SimpleSearch&amp;metaData=&amp;browseView=true&amp;manufacturer=&amp;resultCatEntryType=&amp;catalogId=10576&amp;pageView=&amp;facet=mfName_ntk_cs%253ATasti%2BMeganuts&amp;minPrice=&amp;categoryId=25573&amp;storeId=10601&quot;,&quot;name&quot;:&quot;Tasti Meganuts&quot;,&quot;count&quot;:&quot;2&quot;,&quot;className&quot;:&quot;&quot;},{&quot;url&quot;:&quot;http://shop.coles.com.au/online/SearchDisplay?searchTermScope=&amp;multiSearch=&amp;searchType=2&amp;maxPrice=&amp;showResultsPage=true&amp;langId=-1&amp;beginIndex=0&amp;sType=SimpleSearch&amp;metaData=&amp;browseView=true&amp;manufacturer=&amp;resultCatEntryType=&amp;catalogId=10576&amp;pageView=&amp;facet=mfName_ntk_cs%253ATasty&amp;minPrice=&amp;categoryId=25573&amp;storeId=10601&quot;,&quot;name&quot;:&quot;Tasty&quot;,&quot;count&quot;:&quot;4&quot;,&quot;className&quot;:&quot;&quot;},{&quot;url&quot;:&quot;http://shop.coles.com.au/online/SearchDisplay?searchTermScope=&amp;multiSearch=&amp;searchType=2&amp;maxPrice=&amp;showResultsPage=true&amp;langId=-1&amp;beginIndex=0&amp;sType=SimpleSearch&amp;metaData=&amp;browseView=true&amp;manufacturer=&amp;resultCatEntryType=&amp;catalogId=10576&amp;pageView=&amp;facet=mfName_ntk_cs%253ATaylor%2527s&amp;minPrice=&amp;categoryId=25573&amp;storeId=10601&quot;,&quot;name&quot;:&quot;Taylor's&quot;,&quot;count&quot;:&quot;4&quot;,&quot;className&quot;:&quot;&quot;},{&quot;url&quot;:&quot;http://shop.coles.com.au/online/SearchDisplay?searchTermScope=&amp;multiSearch=&amp;searchType=2&amp;maxPrice=&amp;showResultsPage=true&amp;langId=-1&amp;beginIndex=0&amp;sType=SimpleSearch&amp;metaData=&amp;browseView=true&amp;manufacturer=&amp;resultCatEntryType=&amp;catalogId=10576&amp;pageView=&amp;facet=mfName_ntk_cs%253ATaylors&amp;minPrice=&amp;categoryId=25573&amp;storeId=10601&quot;,&quot;name&quot;:&quot;Taylors&quot;,&quot;count&quot;:&quot;3&quot;,&quot;className&quot;:&quot;&quot;},{&quot;url&quot;:&quot;http://shop.coles.com.au/online/SearchDisplay?searchTermScope=&amp;multiSearch=&amp;searchType=2&amp;maxPrice=&amp;showResultsPage=true&amp;langId=-1&amp;beginIndex=0&amp;sType=SimpleSearch&amp;metaData=&amp;browseView=true&amp;manufacturer=&amp;resultCatEntryType=&amp;catalogId=10576&amp;pageView=&amp;facet=mfName_ntk_cs%253ATaylors%2BHarrogates&amp;minPrice=&amp;categoryId=25573&amp;storeId=10601&quot;,&quot;name&quot;:&quot;Taylors Harrogates&quot;,&quot;count&quot;:&quot;2&quot;,&quot;className&quot;:&quot;&quot;},{&quot;url&quot;:&quot;http://shop.coles.com.au/online/SearchDisplay?searchTermScope=&amp;multiSearch=&amp;searchType=2&amp;maxPrice=&amp;showResultsPage=true&amp;langId=-1&amp;beginIndex=0&amp;sType=SimpleSearch&amp;metaData=&amp;browseView=true&amp;manufacturer=&amp;resultCatEntryType=&amp;catalogId=10576&amp;pageView=&amp;facet=mfName_ntk_cs%253ATayto&amp;minPrice=&amp;categoryId=25573&amp;storeId=10601&quot;,&quot;name&quot;:&quot;Tayto&quot;,&quot;count&quot;:&quot;2&quot;,&quot;className&quot;:&quot;&quot;},{&quot;url&quot;:&quot;http://shop.coles.com.au/online/SearchDisplay?searchTermScope=&amp;multiSearch=&amp;searchType=2&amp;maxPrice=&amp;showResultsPage=true&amp;langId=-1&amp;beginIndex=0&amp;sType=SimpleSearch&amp;metaData=&amp;browseView=true&amp;manufacturer=&amp;resultCatEntryType=&amp;catalogId=10576&amp;pageView=&amp;facet=mfName_ntk_cs%253ATerry%2527s&amp;minPrice=&amp;categoryId=25573&amp;storeId=10601&quot;,&quot;name&quot;:&quot;Terry's&quot;,&quot;count&quot;:&quot;1&quot;,&quot;className&quot;:&quot;&quot;},{&quot;url&quot;:&quot;http://shop.coles.com.au/online/SearchDisplay?searchTermScope=&amp;multiSearch=&amp;searchType=2&amp;maxPrice=&amp;showResultsPage=true&amp;langId=-1&amp;beginIndex=0&amp;sType=SimpleSearch&amp;metaData=&amp;browseView=true&amp;manufacturer=&amp;resultCatEntryType=&amp;catalogId=10576&amp;pageView=&amp;facet=mfName_ntk_cs%253ATetley&amp;minPrice=&amp;categoryId=25573&amp;storeId=10601&quot;,&quot;name&quot;:&quot;Tetley&quot;,&quot;count&quot;:&quot;20&quot;,&quot;className&quot;:&quot;&quot;},{&quot;url&quot;:&quot;http://shop.coles.com.au/online/SearchDisplay?searchTermScope=&amp;multiSearch=&amp;searchType=2&amp;maxPrice=&amp;showResultsPage=true&amp;langId=-1&amp;beginIndex=0&amp;sType=SimpleSearch&amp;metaData=&amp;browseView=true&amp;manufacturer=&amp;resultCatEntryType=&amp;catalogId=10576&amp;pageView=&amp;facet=mfName_ntk_cs%253AThai%2BGourmet&amp;minPrice=&amp;categoryId=25573&amp;storeId=10601&quot;,&quot;name&quot;:&quot;Thai Gourmet&quot;,&quot;count&quot;:&quot;3&quot;,&quot;className&quot;:&quot;&quot;},{&quot;url&quot;:&quot;http://shop.coles.com.au/online/SearchDisplay?searchTermScope=&amp;multiSearch=&amp;searchType=2&amp;maxPrice=&amp;showResultsPage=true&amp;langId=-1&amp;beginIndex=0&amp;sType=SimpleSearch&amp;metaData=&amp;browseView=true&amp;manufacturer=&amp;resultCatEntryType=&amp;catalogId=10576&amp;pageView=&amp;facet=mfName_ntk_cs%253AThankyou&amp;minPrice=&amp;categoryId=25573&amp;storeId=10601&quot;,&quot;name&quot;:&quot;Thankyou&quot;,&quot;count&quot;:&quot;6&quot;,&quot;className&quot;:&quot;&quot;},{&quot;url&quot;:&quot;http://shop.coles.com.au/online/SearchDisplay?searchTermScope=&amp;multiSearch=&amp;searchType=2&amp;maxPrice=&amp;showResultsPage=true&amp;langId=-1&amp;beginIndex=0&amp;sType=SimpleSearch&amp;metaData=&amp;browseView=true&amp;manufacturer=&amp;resultCatEntryType=&amp;catalogId=10576&amp;pageView=&amp;facet=mfName_ntk_cs%253AThe%2BBar%2BCounter&amp;minPrice=&amp;categoryId=25573&amp;storeId=10601&quot;,&quot;name&quot;:&quot;The Bar Counter&quot;,&quot;count&quot;:&quot;22&quot;,&quot;className&quot;:&quot;&quot;},{&quot;url&quot;:&quot;http://shop.coles.com.au/online/SearchDisplay?searchTermScope=&amp;multiSearch=&amp;searchType=2&amp;maxPrice=&amp;showResultsPage=true&amp;langId=-1&amp;beginIndex=0&amp;sType=SimpleSearch&amp;metaData=&amp;browseView=true&amp;manufacturer=&amp;resultCatEntryType=&amp;catalogId=10576&amp;pageView=&amp;facet=mfName_ntk_cs%253AThe%2BChia%2BCo&amp;minPrice=&amp;categoryId=25573&amp;storeId=10601&quot;,&quot;name&quot;:&quot;The Chia Co&quot;,&quot;count&quot;:&quot;3&quot;,&quot;className&quot;:&quot;&quot;},{&quot;url&quot;:&quot;http://shop.coles.com.au/online/SearchDisplay?searchTermScope=&amp;multiSearch=&amp;searchType=2&amp;maxPrice=&amp;showResultsPage=true&amp;langId=-1&amp;beginIndex=0&amp;sType=SimpleSearch&amp;metaData=&amp;browseView=true&amp;manufacturer=&amp;resultCatEntryType=&amp;catalogId=10576&amp;pageView=&amp;facet=mfName_ntk_cs%253AThe%2BFood%2BCompany&amp;minPrice=&amp;categoryId=25573&amp;storeId=10601&quot;,&quot;name&quot;:&quot;The Food Company&quot;,&quot;count&quot;:&quot;1&quot;,&quot;className&quot;:&quot;&quot;},{&quot;url&quot;:&quot;http://shop.coles.com.au/online/SearchDisplay?searchTermScope=&amp;multiSearch=&amp;searchType=2&amp;maxPrice=&amp;showResultsPage=true&amp;langId=-1&amp;beginIndex=0&amp;sType=SimpleSearch&amp;metaData=&amp;browseView=true&amp;manufacturer=&amp;resultCatEntryType=&amp;catalogId=10576&amp;pageView=&amp;facet=mfName_ntk_cs%253AThe%2BFood%2BDoctor&amp;minPrice=&amp;categoryId=25573&amp;storeId=10601&quot;,&quot;name&quot;:&quot;The Food Doctor&quot;,&quot;count&quot;:&quot;2&quot;,&quot;className&quot;:&quot;&quot;},{&quot;url&quot;:&quot;http://shop.coles.com.au/online/SearchDisplay?searchTermScope=&amp;multiSearch=&amp;searchType=2&amp;maxPrice=&amp;showResultsPage=true&amp;langId=-1&amp;beginIndex=0&amp;sType=SimpleSearch&amp;metaData=&amp;browseView=true&amp;manufacturer=&amp;resultCatEntryType=&amp;catalogId=10576&amp;pageView=&amp;facet=mfName_ntk_cs%253AThe%2BGrove&amp;minPrice=&amp;categoryId=25573&amp;storeId=10601&quot;,&quot;name&quot;:&quot;The Grove&quot;,&quot;count&quot;:&quot;1&quot;,&quot;className&quot;:&quot;&quot;},{&quot;url&quot;:&quot;http://shop.coles.com.au/online/SearchDisplay?searchTermScope=&amp;multiSearch=&amp;searchType=2&amp;maxPrice=&amp;showResultsPage=true&amp;langId=-1&amp;beginIndex=0&amp;sType=SimpleSearch&amp;metaData=&amp;browseView=true&amp;manufacturer=&amp;resultCatEntryType=&amp;catalogId=10576&amp;pageView=&amp;facet=mfName_ntk_cs%253AThe%2BLittle%2BBrownie%2BCo&amp;minPrice=&amp;categoryId=25573&amp;storeId=10601&quot;,&quot;name&quot;:&quot;The Little Brownie Co&quot;,&quot;count&quot;:&quot;3&quot;,&quot;className&quot;:&quot;&quot;},{&quot;url&quot;:&quot;http://shop.coles.com.au/online/SearchDisplay?searchTermScope=&amp;multiSearch=&amp;searchType=2&amp;maxPrice=&amp;showResultsPage=true&amp;langId=-1&amp;beginIndex=0&amp;sType=SimpleSearch&amp;metaData=&amp;browseView=true&amp;manufacturer=&amp;resultCatEntryType=&amp;catalogId=10576&amp;pageView=&amp;facet=mfName_ntk_cs%253AThe%2BMuesli%2BCompany&amp;minPrice=&amp;categoryId=25573&amp;storeId=10601&quot;,&quot;name&quot;:&quot;The Muesli Company&quot;,&quot;count&quot;:&quot;1&quot;,&quot;className&quot;:&quot;&quot;},{&quot;url&quot;:&quot;http://shop.coles.com.au/online/SearchDisplay?searchTermScope=&amp;multiSearch=&amp;searchType=2&amp;maxPrice=&amp;showResultsPage=true&amp;langId=-1&amp;beginIndex=0&amp;sType=SimpleSearch&amp;metaData=&amp;browseView=true&amp;manufacturer=&amp;resultCatEntryType=&amp;catalogId=10576&amp;pageView=&amp;facet=mfName_ntk_cs%253AThe%2BNatural%2BConfectionary%2BCo.&amp;minPrice=&amp;categoryId=25573&amp;storeId=10601&quot;,&quot;name&quot;:&quot;The Natural Confectionary Co.&quot;,&quot;count&quot;:&quot;17&quot;,&quot;className&quot;:&quot;&quot;},{&quot;url&quot;:&quot;http://shop.coles.com.au/online/SearchDisplay?searchTermScope=&amp;multiSearch=&amp;searchType=2&amp;maxPrice=&amp;showResultsPage=true&amp;langId=-1&amp;beginIndex=0&amp;sType=SimpleSearch&amp;metaData=&amp;browseView=true&amp;manufacturer=&amp;resultCatEntryType=&amp;catalogId=10576&amp;pageView=&amp;facet=mfName_ntk_cs%253AThe%2BSpice%2BTailor&amp;minPrice=&amp;categoryId=25573&amp;storeId=10601&quot;,&quot;name&quot;:&quot;The Spice Tailor&quot;,&quot;count&quot;:&quot;8&quot;,&quot;className&quot;:&quot;&quot;},{&quot;url&quot;:&quot;http://shop.coles.com.au/online/SearchDisplay?searchTermScope=&amp;multiSearch=&amp;searchType=2&amp;maxPrice=&amp;showResultsPage=true&amp;langId=-1&amp;beginIndex=0&amp;sType=SimpleSearch&amp;metaData=&amp;browseView=true&amp;manufacturer=&amp;resultCatEntryType=&amp;catalogId=10576&amp;pageView=&amp;facet=mfName_ntk_cs%253AThins&amp;minPrice=&amp;categoryId=25573&amp;storeId=10601&quot;,&quot;name&quot;:&quot;Thins&quot;,&quot;count&quot;:&quot;11&quot;,&quot;className&quot;:&quot;&quot;},{&quot;url&quot;:&quot;http://shop.coles.com.au/online/SearchDisplay?searchTermScope=&amp;multiSearch=&amp;searchType=2&amp;maxPrice=&amp;showResultsPage=true&amp;langId=-1&amp;beginIndex=0&amp;sType=SimpleSearch&amp;metaData=&amp;browseView=true&amp;manufacturer=&amp;resultCatEntryType=&amp;catalogId=10576&amp;pageView=&amp;facet=mfName_ntk_cs%253AThomy&amp;minPrice=&amp;categoryId=25573&amp;storeId=10601&quot;,&quot;name&quot;:&quot;Thomy&quot;,&quot;count&quot;:&quot;1&quot;,&quot;className&quot;:&quot;&quot;},{&quot;url&quot;:&quot;http://shop.coles.com.au/online/SearchDisplay?searchTermScope=&amp;multiSearch=&amp;searchType=2&amp;maxPrice=&amp;showResultsPage=true&amp;langId=-1&amp;beginIndex=0&amp;sType=SimpleSearch&amp;metaData=&amp;browseView=true&amp;manufacturer=&amp;resultCatEntryType=&amp;catalogId=10576&amp;pageView=&amp;facet=mfName_ntk_cs%253AThree%2BThrees&amp;minPrice=&amp;categoryId=25573&amp;storeId=10601&quot;,&quot;name&quot;:&quot;Three Threes&quot;,&quot;count&quot;:&quot;16&quot;,&quot;className&quot;:&quot;&quot;},{&quot;url&quot;:&quot;http://shop.coles.com.au/online/SearchDisplay?searchTermScope=&amp;multiSearch=&amp;searchType=2&amp;maxPrice=&amp;showResultsPage=true&amp;langId=-1&amp;beginIndex=0&amp;sType=SimpleSearch&amp;metaData=&amp;browseView=true&amp;manufacturer=&amp;resultCatEntryType=&amp;catalogId=10576&amp;pageView=&amp;facet=mfName_ntk_cs%253ATic%2BTac&amp;minPrice=&amp;categoryId=25573&amp;storeId=10601&quot;,&quot;name&quot;:&quot;Tic Tac&quot;,&quot;count&quot;:&quot;8&quot;,&quot;className&quot;:&quot;&quot;},{&quot;url&quot;:&quot;http://shop.coles.com.au/online/SearchDisplay?searchTermScope=&amp;multiSearch=&amp;searchType=2&amp;maxPrice=&amp;showResultsPage=true&amp;langId=-1&amp;beginIndex=0&amp;sType=SimpleSearch&amp;metaData=&amp;browseView=true&amp;manufacturer=&amp;resultCatEntryType=&amp;catalogId=10576&amp;pageView=&amp;facet=mfName_ntk_cs%253ATick%2BTock&amp;minPrice=&amp;categoryId=25573&amp;storeId=10601&quot;,&quot;name&quot;:&quot;Tick Tock&quot;,&quot;count&quot;:&quot;1&quot;,&quot;className&quot;:&quot;&quot;},{&quot;url&quot;:&quot;http://shop.coles.com.au/online/SearchDisplay?searchTermScope=&amp;multiSearch=&amp;searchType=2&amp;maxPrice=&amp;showResultsPage=true&amp;langId=-1&amp;beginIndex=0&amp;sType=SimpleSearch&amp;metaData=&amp;browseView=true&amp;manufacturer=&amp;resultCatEntryType=&amp;catalogId=10576&amp;pageView=&amp;facet=mfName_ntk_cs%253ATilda&amp;minPrice=&amp;categoryId=25573&amp;storeId=10601&quot;,&quot;name&quot;:&quot;Tilda&quot;,&quot;count&quot;:&quot;4&quot;,&quot;className&quot;:&quot;&quot;},{&quot;url&quot;:&quot;http://shop.coles.com.au/online/SearchDisplay?searchTermScope=&amp;multiSearch=&amp;searchType=2&amp;maxPrice=&amp;showResultsPage=true&amp;langId=-1&amp;beginIndex=0&amp;sType=SimpleSearch&amp;metaData=&amp;browseView=true&amp;manufacturer=&amp;resultCatEntryType=&amp;catalogId=10576&amp;pageView=&amp;facet=mfName_ntk_cs%253ATip%2BTop&amp;minPrice=&amp;categoryId=25573&amp;storeId=10601&quot;,&quot;name&quot;:&quot;Tip Top&quot;,&quot;count&quot;:&quot;2&quot;,&quot;className&quot;:&quot;&quot;},{&quot;url&quot;:&quot;http://shop.coles.com.au/online/SearchDisplay?searchTermScope=&amp;multiSearch=&amp;searchType=2&amp;maxPrice=&amp;showResultsPage=true&amp;langId=-1&amp;beginIndex=0&amp;sType=SimpleSearch&amp;metaData=&amp;browseView=true&amp;manufacturer=&amp;resultCatEntryType=&amp;catalogId=10576&amp;pageView=&amp;facet=mfName_ntk_cs%253AToblerone&amp;minPrice=&amp;categoryId=25573&amp;storeId=10601&quot;,&quot;name&quot;:&quot;Toblerone&quot;,&quot;count&quot;:&quot;2&quot;,&quot;className&quot;:&quot;&quot;},{&quot;url&quot;:&quot;http://shop.coles.com.au/online/SearchDisplay?searchTermScope=&amp;multiSearch=&amp;searchType=2&amp;maxPrice=&amp;showResultsPage=true&amp;langId=-1&amp;beginIndex=0&amp;sType=SimpleSearch&amp;metaData=&amp;browseView=true&amp;manufacturer=&amp;resultCatEntryType=&amp;catalogId=10576&amp;pageView=&amp;facet=mfName_ntk_cs%253AToffifee&amp;minPrice=&amp;categoryId=25573&amp;storeId=10601&quot;,&quot;name&quot;:&quot;Toffifee&quot;,&quot;count&quot;:&quot;1&quot;,&quot;className&quot;:&quot;&quot;},{&quot;url&quot;:&quot;http://shop.coles.com.au/online/SearchDisplay?searchTermScope=&amp;multiSearch=&amp;searchType=2&amp;maxPrice=&amp;showResultsPage=true&amp;langId=-1&amp;beginIndex=0&amp;sType=SimpleSearch&amp;metaData=&amp;browseView=true&amp;manufacturer=&amp;resultCatEntryType=&amp;catalogId=10576&amp;pageView=&amp;facet=mfName_ntk_cs%253ATonight&amp;minPrice=&amp;categoryId=25573&amp;storeId=10601&quot;,&quot;name&quot;:&quot;Tonight&quot;,&quot;count&quot;:&quot;4&quot;,&quot;className&quot;:&quot;&quot;},{&quot;url&quot;:&quot;http://shop.coles.com.au/online/SearchDisplay?searchTermScope=&amp;multiSearch=&amp;searchType=2&amp;maxPrice=&amp;showResultsPage=true&amp;langId=-1&amp;beginIndex=0&amp;sType=SimpleSearch&amp;metaData=&amp;browseView=true&amp;manufacturer=&amp;resultCatEntryType=&amp;catalogId=10576&amp;pageView=&amp;facet=mfName_ntk_cs%253ATop%2B20&amp;minPrice=&amp;categoryId=25573&amp;storeId=10601&quot;,&quot;name&quot;:&quot;Top 20&quot;,&quot;count&quot;:&quot;1&quot;,&quot;className&quot;:&quot;&quot;},{&quot;url&quot;:&quot;http://shop.coles.com.au/online/SearchDisplay?searchTermScope=&amp;multiSearch=&amp;searchType=2&amp;maxPrice=&amp;showResultsPage=true&amp;langId=-1&amp;beginIndex=0&amp;sType=SimpleSearch&amp;metaData=&amp;browseView=true&amp;manufacturer=&amp;resultCatEntryType=&amp;catalogId=10576&amp;pageView=&amp;facet=mfName_ntk_cs%253ATrident&amp;minPrice=&amp;categoryId=25573&amp;storeId=10601&quot;,&quot;name&quot;:&quot;Trident&quot;,&quot;count&quot;:&quot;14&quot;,&quot;className&quot;:&quot;&quot;},{&quot;url&quot;:&quot;http://shop.coles.com.au/online/SearchDisplay?searchTermScope=&amp;multiSearch=&amp;searchType=2&amp;maxPrice=&amp;showResultsPage=true&amp;langId=-1&amp;beginIndex=0&amp;sType=SimpleSearch&amp;metaData=&amp;browseView=true&amp;manufacturer=&amp;resultCatEntryType=&amp;catalogId=10576&amp;pageView=&amp;facet=mfName_ntk_cs%253ATrolli&amp;minPrice=&amp;categoryId=25573&amp;storeId=10601&quot;,&quot;name&quot;:&quot;Trolli&quot;,&quot;count&quot;:&quot;2&quot;,&quot;className&quot;:&quot;&quot;},{&quot;url&quot;:&quot;http://shop.coles.com.au/online/SearchDisplay?searchTermScope=&amp;multiSearch=&amp;searchType=2&amp;maxPrice=&amp;showResultsPage=true&amp;langId=-1&amp;beginIndex=0&amp;sType=SimpleSearch&amp;metaData=&amp;browseView=true&amp;manufacturer=&amp;resultCatEntryType=&amp;catalogId=10576&amp;pageView=&amp;facet=mfName_ntk_cs%253ATuckers&amp;minPrice=&amp;categoryId=25573&amp;storeId=10601&quot;,&quot;name&quot;:&quot;Tuckers&quot;,&quot;count&quot;:&quot;5&quot;,&quot;className&quot;:&quot;&quot;},{&quot;url&quot;:&quot;http://shop.coles.com.au/online/SearchDisplay?searchTermScope=&amp;multiSearch=&amp;searchType=2&amp;maxPrice=&amp;showResultsPage=true&amp;langId=-1&amp;beginIndex=0&amp;sType=SimpleSearch&amp;metaData=&amp;browseView=true&amp;manufacturer=&amp;resultCatEntryType=&amp;catalogId=10576&amp;pageView=&amp;facet=mfName_ntk_cs%253ATwinings&amp;minPrice=&amp;categoryId=25573&amp;storeId=10601&quot;,&quot;name&quot;:&quot;Twinings&quot;,&quot;count&quot;:&quot;50&quot;,&quot;className&quot;:&quot;&quot;},{&quot;url&quot;:&quot;http://shop.coles.com.au/online/SearchDisplay?searchTermScope=&amp;multiSearch=&amp;searchType=2&amp;maxPrice=&amp;showResultsPage=true&amp;langId=-1&amp;beginIndex=0&amp;sType=SimpleSearch&amp;metaData=&amp;browseView=true&amp;manufacturer=&amp;resultCatEntryType=&amp;catalogId=10576&amp;pageView=&amp;facet=mfName_ntk_cs%253ATwix&amp;minPrice=&amp;categoryId=25573&amp;storeId=10601&quot;,&quot;name&quot;:&quot;Twix&quot;,&quot;count&quot;:&quot;1&quot;,&quot;className&quot;:&quot;&quot;},{&quot;url&quot;:&quot;http://shop.coles.com.au/online/SearchDisplay?searchTermScope=&amp;multiSearch=&amp;searchType=2&amp;maxPrice=&amp;showResultsPage=true&amp;langId=-1&amp;beginIndex=0&amp;sType=SimpleSearch&amp;metaData=&amp;browseView=true&amp;manufacturer=&amp;resultCatEntryType=&amp;catalogId=10576&amp;pageView=&amp;facet=mfName_ntk_cs%253ATyrells&amp;minPrice=&amp;categoryId=25573&amp;storeId=10601&quot;,&quot;name&quot;:&quot;Tyrells&quot;,&quot;count&quot;:&quot;6&quot;,&quot;className&quot;:&quot;&quot;},{&quot;url&quot;:&quot;http://shop.coles.com.au/online/SearchDisplay?searchTermScope=&amp;multiSearch=&amp;searchType=2&amp;maxPrice=&amp;showResultsPage=true&amp;langId=-1&amp;beginIndex=0&amp;sType=SimpleSearch&amp;metaData=&amp;browseView=true&amp;manufacturer=&amp;resultCatEntryType=&amp;catalogId=10576&amp;pageView=&amp;facet=mfName_ntk_cs%253AUdi%2527s&amp;minPrice=&amp;categoryId=25573&amp;storeId=10601&quot;,&quot;name&quot;:&quot;Udi's&quot;,&quot;count&quot;:&quot;1&quot;,&quot;className&quot;:&quot;&quot;},{&quot;url&quot;:&quot;http://shop.coles.com.au/online/SearchDisplay?searchTermScope=&amp;multiSearch=&amp;searchType=2&amp;maxPrice=&amp;showResultsPage=true&amp;langId=-1&amp;beginIndex=0&amp;sType=SimpleSearch&amp;metaData=&amp;browseView=true&amp;manufacturer=&amp;resultCatEntryType=&amp;catalogId=10576&amp;pageView=&amp;facet=mfName_ntk_cs%253AUncle%2BBen%2527s&amp;minPrice=&amp;categoryId=25573&amp;storeId=10601&quot;,&quot;name&quot;:&quot;Uncle Ben's&quot;,&quot;count&quot;:&quot;14&quot;,&quot;className&quot;:&quot;&quot;},{&quot;url&quot;:&quot;http://shop.coles.com.au/online/SearchDisplay?searchTermScope=&amp;multiSearch=&amp;searchType=2&amp;maxPrice=&amp;showResultsPage=true&amp;langId=-1&amp;beginIndex=0&amp;sType=SimpleSearch&amp;metaData=&amp;browseView=true&amp;manufacturer=&amp;resultCatEntryType=&amp;catalogId=10576&amp;pageView=&amp;facet=mfName_ntk_cs%253AUncle%2BBens%2BExpress&amp;minPrice=&amp;categoryId=25573&amp;storeId=10601&quot;,&quot;name&quot;:&quot;Uncle Bens Express&quot;,&quot;count&quot;:&quot;1&quot;,&quot;className&quot;:&quot;&quot;},{&quot;url&quot;:&quot;http://shop.coles.com.au/online/SearchDisplay?searchTermScope=&amp;multiSearch=&amp;searchType=2&amp;maxPrice=&amp;showResultsPage=true&amp;langId=-1&amp;beginIndex=0&amp;sType=SimpleSearch&amp;metaData=&amp;browseView=true&amp;manufacturer=&amp;resultCatEntryType=&amp;catalogId=10576&amp;pageView=&amp;facet=mfName_ntk_cs%253AUncle%2BTobys&amp;minPrice=&amp;categoryId=25573&amp;storeId=10601&quot;,&quot;name&quot;:&quot;Uncle Tobys&quot;,&quot;count&quot;:&quot;83&quot;,&quot;className&quot;:&quot;&quot;},{&quot;url&quot;:&quot;http://shop.coles.com.au/online/SearchDisplay?searchTermScope=&amp;multiSearch=&amp;searchType=2&amp;maxPrice=&amp;showResultsPage=true&amp;langId=-1&amp;beginIndex=0&amp;sType=SimpleSearch&amp;metaData=&amp;browseView=true&amp;manufacturer=&amp;resultCatEntryType=&amp;catalogId=10576&amp;pageView=&amp;facet=mfName_ntk_cs%253AUnibic&amp;minPrice=&amp;categoryId=25573&amp;storeId=10601&quot;,&quot;name&quot;:&quot;Unibic&quot;,&quot;count&quot;:&quot;3&quot;,&quot;className&quot;:&quot;&quot;},{&quot;url&quot;:&quot;http://shop.coles.com.au/online/SearchDisplay?searchTermScope=&amp;multiSearch=&amp;searchType=2&amp;maxPrice=&amp;showResultsPage=true&amp;langId=-1&amp;beginIndex=0&amp;sType=SimpleSearch&amp;metaData=&amp;browseView=true&amp;manufacturer=&amp;resultCatEntryType=&amp;catalogId=10576&amp;pageView=&amp;facet=mfName_ntk_cs%253AVal%2BVerde&amp;minPrice=&amp;categoryId=25573&amp;storeId=10601&quot;,&quot;name&quot;:&quot;Val Verde&quot;,&quot;count&quot;:&quot;4&quot;,&quot;className&quot;:&quot;&quot;},{&quot;url&quot;:&quot;http://shop.coles.com.au/online/SearchDisplay?searchTermScope=&amp;multiSearch=&amp;searchType=2&amp;maxPrice=&amp;showResultsPage=true&amp;langId=-1&amp;beginIndex=0&amp;sType=SimpleSearch&amp;metaData=&amp;browseView=true&amp;manufacturer=&amp;resultCatEntryType=&amp;catalogId=10576&amp;pageView=&amp;facet=mfName_ntk_cs%253AValcom&amp;minPrice=&amp;categoryId=25573&amp;storeId=10601&quot;,&quot;name&quot;:&quot;Valcom&quot;,&quot;count&quot;:&quot;11&quot;,&quot;className&quot;:&quot;&quot;},{&quot;url&quot;:&quot;http://shop.coles.com.au/online/SearchDisplay?searchTermScope=&amp;multiSearch=&amp;searchType=2&amp;maxPrice=&amp;showResultsPage=true&amp;langId=-1&amp;beginIndex=0&amp;sType=SimpleSearch&amp;metaData=&amp;browseView=true&amp;manufacturer=&amp;resultCatEntryType=&amp;catalogId=10576&amp;pageView=&amp;facet=mfName_ntk_cs%253AValley%2BProduce%2BCo.&amp;minPrice=&amp;categoryId=25573&amp;storeId=10601&quot;,&quot;name&quot;:&quot;Valley Produce Co.&quot;,&quot;count&quot;:&quot;5&quot;,&quot;className&quot;:&quot;&quot;},{&quot;url&quot;:&quot;http://shop.coles.com.au/online/SearchDisplay?searchTermScope=&amp;multiSearch=&amp;searchType=2&amp;maxPrice=&amp;showResultsPage=true&amp;langId=-1&amp;beginIndex=0&amp;sType=SimpleSearch&amp;metaData=&amp;browseView=true&amp;manufacturer=&amp;resultCatEntryType=&amp;catalogId=10576&amp;pageView=&amp;facet=mfName_ntk_cs%253AVege&amp;minPrice=&amp;categoryId=25573&amp;storeId=10601&quot;,&quot;name&quot;:&quot;Vege&quot;,&quot;count&quot;:&quot;3&quot;,&quot;className&quot;:&quot;&quot;},{&quot;url&quot;:&quot;http://shop.coles.com.au/online/SearchDisplay?searchTermScope=&amp;multiSearch=&amp;searchType=2&amp;maxPrice=&amp;showResultsPage=true&amp;langId=-1&amp;beginIndex=0&amp;sType=SimpleSearch&amp;metaData=&amp;browseView=true&amp;manufacturer=&amp;resultCatEntryType=&amp;catalogId=10576&amp;pageView=&amp;facet=mfName_ntk_cs%253AVege%2BChips&amp;minPrice=&amp;categoryId=25573&amp;storeId=10601&quot;,&quot;name&quot;:&quot;Vege Chips&quot;,&quot;count&quot;:&quot;6&quot;,&quot;className&quot;:&quot;&quot;},{&quot;url&quot;:&quot;http://shop.coles.com.au/online/SearchDisplay?searchTermScope=&amp;multiSearch=&amp;searchType=2&amp;maxPrice=&amp;showResultsPage=true&amp;langId=-1&amp;beginIndex=0&amp;sType=SimpleSearch&amp;metaData=&amp;browseView=true&amp;manufacturer=&amp;resultCatEntryType=&amp;catalogId=10576&amp;pageView=&amp;facet=mfName_ntk_cs%253AVerity&amp;minPrice=&amp;categoryId=25573&amp;storeId=10601&quot;,&quot;name&quot;:&quot;Verity&quot;,&quot;count&quot;:&quot;1&quot;,&quot;className&quot;:&quot;&quot;},{&quot;url&quot;:&quot;http://shop.coles.com.au/online/SearchDisplay?searchTermScope=&amp;multiSearch=&amp;searchType=2&amp;maxPrice=&amp;showResultsPage=true&amp;langId=-1&amp;beginIndex=0&amp;sType=SimpleSearch&amp;metaData=&amp;browseView=true&amp;manufacturer=&amp;resultCatEntryType=&amp;catalogId=10576&amp;pageView=&amp;facet=mfName_ntk_cs%253AVetta&amp;minPrice=&amp;categoryId=25573&amp;storeId=10601&quot;,&quot;name&quot;:&quot;Vetta&quot;,&quot;count&quot;:&quot;10&quot;,&quot;className&quot;:&quot;&quot;},{&quot;url&quot;:&quot;http://shop.coles.com.au/online/SearchDisplay?searchTermScope=&amp;multiSearch=&amp;searchType=2&amp;maxPrice=&amp;showResultsPage=true&amp;langId=-1&amp;beginIndex=0&amp;sType=SimpleSearch&amp;metaData=&amp;browseView=true&amp;manufacturer=&amp;resultCatEntryType=&amp;catalogId=10576&amp;pageView=&amp;facet=mfName_ntk_cs%253AVicks&amp;minPrice=&amp;categoryId=25573&amp;storeId=10601&quot;,&quot;name&quot;:&quot;Vicks&quot;,&quot;count&quot;:&quot;3&quot;,&quot;className&quot;:&quot;&quot;},{&quot;url&quot;:&quot;http://shop.coles.com.au/online/SearchDisplay?searchTermScope=&amp;multiSearch=&amp;searchType=2&amp;maxPrice=&amp;showResultsPage=true&amp;langId=-1&amp;beginIndex=0&amp;sType=SimpleSearch&amp;metaData=&amp;browseView=true&amp;manufacturer=&amp;resultCatEntryType=&amp;catalogId=10576&amp;pageView=&amp;facet=mfName_ntk_cs%253AVirgin%2BGarden&amp;minPrice=&amp;categoryId=25573&amp;storeId=10601&quot;,&quot;name&quot;:&quot;Virgin Garden&quot;,&quot;count&quot;:&quot;1&quot;,&quot;className&quot;:&quot;&quot;},{&quot;url&quot;:&quot;http://shop.coles.com.au/online/SearchDisplay?searchTermScope=&amp;multiSearch=&amp;searchType=2&amp;maxPrice=&amp;showResultsPage=true&amp;langId=-1&amp;beginIndex=0&amp;sType=SimpleSearch&amp;metaData=&amp;browseView=true&amp;manufacturer=&amp;resultCatEntryType=&amp;catalogId=10576&amp;pageView=&amp;facet=mfName_ntk_cs%253AVita%2BVigor&amp;minPrice=&amp;categoryId=25573&amp;storeId=10601&quot;,&quot;name&quot;:&quot;Vita Vigor&quot;,&quot;count&quot;:&quot;3&quot;,&quot;className&quot;:&quot;&quot;},{&quot;url&quot;:&quot;http://shop.coles.com.au/online/SearchDisplay?searchTermScope=&amp;multiSearch=&amp;searchType=2&amp;maxPrice=&amp;showResultsPage=true&amp;langId=-1&amp;beginIndex=0&amp;sType=SimpleSearch&amp;metaData=&amp;browseView=true&amp;manufacturer=&amp;resultCatEntryType=&amp;catalogId=10576&amp;pageView=&amp;facet=mfName_ntk_cs%253AVital&amp;minPrice=&amp;categoryId=25573&amp;storeId=10601&quot;,&quot;name&quot;:&quot;Vital&quot;,&quot;count&quot;:&quot;1&quot;,&quot;className&quot;:&quot;&quot;},{&quot;url&quot;:&quot;http://shop.coles.com.au/online/SearchDisplay?searchTermScope=&amp;multiSearch=&amp;searchType=2&amp;maxPrice=&amp;showResultsPage=true&amp;langId=-1&amp;beginIndex=0&amp;sType=SimpleSearch&amp;metaData=&amp;browseView=true&amp;manufacturer=&amp;resultCatEntryType=&amp;catalogId=10576&amp;pageView=&amp;facet=mfName_ntk_cs%253AVitaminka&amp;minPrice=&amp;categoryId=25573&amp;storeId=10601&quot;,&quot;name&quot;:&quot;Vitaminka&quot;,&quot;count&quot;:&quot;1&quot;,&quot;className&quot;:&quot;&quot;},{&quot;url&quot;:&quot;http://shop.coles.com.au/online/SearchDisplay?searchTermScope=&amp;multiSearch=&amp;searchType=2&amp;maxPrice=&amp;showResultsPage=true&amp;langId=-1&amp;beginIndex=0&amp;sType=SimpleSearch&amp;metaData=&amp;browseView=true&amp;manufacturer=&amp;resultCatEntryType=&amp;catalogId=10576&amp;pageView=&amp;facet=mfName_ntk_cs%253AVittoria&amp;minPrice=&amp;categoryId=25573&amp;storeId=10601&quot;,&quot;name&quot;:&quot;Vittoria&quot;,&quot;count&quot;:&quot;14&quot;,&quot;className&quot;:&quot;&quot;},{&quot;url&quot;:&quot;http://shop.coles.com.au/online/SearchDisplay?searchTermScope=&amp;multiSearch=&amp;searchType=2&amp;maxPrice=&amp;showResultsPage=true&amp;langId=-1&amp;beginIndex=0&amp;sType=SimpleSearch&amp;metaData=&amp;browseView=true&amp;manufacturer=&amp;resultCatEntryType=&amp;catalogId=10576&amp;pageView=&amp;facet=mfName_ntk_cs%253AVogel%2527s&amp;minPrice=&amp;categoryId=25573&amp;storeId=10601&quot;,&quot;name&quot;:&quot;Vogel's&quot;,&quot;count&quot;:&quot;2&quot;,&quot;className&quot;:&quot;&quot;},{&quot;url&quot;:&quot;http://shop.coles.com.au/online/SearchDisplay?searchTermScope=&amp;multiSearch=&amp;searchType=2&amp;maxPrice=&amp;showResultsPage=true&amp;langId=-1&amp;beginIndex=0&amp;sType=SimpleSearch&amp;metaData=&amp;browseView=true&amp;manufacturer=&amp;resultCatEntryType=&amp;catalogId=10576&amp;pageView=&amp;facet=mfName_ntk_cs%253AWai%2BWai&amp;minPrice=&amp;categoryId=25573&amp;storeId=10601&quot;,&quot;name&quot;:&quot;Wai Wai&quot;,&quot;count&quot;:&quot;1&quot;,&quot;className&quot;:&quot;&quot;},{&quot;url&quot;:&quot;http://shop.coles.com.au/online/SearchDisplay?searchTermScope=&amp;multiSearch=&amp;searchType=2&amp;maxPrice=&amp;showResultsPage=true&amp;langId=-1&amp;beginIndex=0&amp;sType=SimpleSearch&amp;metaData=&amp;browseView=true&amp;manufacturer=&amp;resultCatEntryType=&amp;catalogId=10576&amp;pageView=&amp;facet=mfName_ntk_cs%253AWalco&amp;minPrice=&amp;categoryId=25573&amp;storeId=10601&quot;,&quot;name&quot;:&quot;Walco&quot;,&quot;count&quot;:&quot;1&quot;,&quot;className&quot;:&quot;&quot;},{&quot;url&quot;:&quot;http://shop.coles.com.au/online/SearchDisplay?searchTermScope=&amp;multiSearch=&amp;searchType=2&amp;maxPrice=&amp;showResultsPage=true&amp;langId=-1&amp;beginIndex=0&amp;sType=SimpleSearch&amp;metaData=&amp;browseView=true&amp;manufacturer=&amp;resultCatEntryType=&amp;catalogId=10576&amp;pageView=&amp;facet=mfName_ntk_cs%253AWalkers&amp;minPrice=&amp;categoryId=25573&amp;storeId=10601&quot;,&quot;name&quot;:&quot;Walkers&quot;,&quot;count&quot;:&quot;1&quot;,&quot;className&quot;:&quot;&quot;},{&quot;url&quot;:&quot;http://shop.coles.com.au/online/SearchDisplay?searchTermScope=&amp;multiSearch=&amp;searchType=2&amp;maxPrice=&amp;showResultsPage=true&amp;langId=-1&amp;beginIndex=0&amp;sType=SimpleSearch&amp;metaData=&amp;browseView=true&amp;manufacturer=&amp;resultCatEntryType=&amp;catalogId=10576&amp;pageView=&amp;facet=mfName_ntk_cs%253AWallaby&amp;minPrice=&amp;categoryId=25573&amp;storeId=10601&quot;,&quot;name&quot;:&quot;Wallaby&quot;,&quot;count&quot;:&quot;3&quot;,&quot;className&quot;:&quot;&quot;},{&quot;url&quot;:&quot;http://shop.coles.com.au/online/SearchDisplay?searchTermScope=&amp;multiSearch=&amp;searchType=2&amp;maxPrice=&amp;showResultsPage=true&amp;langId=-1&amp;beginIndex=0&amp;sType=SimpleSearch&amp;metaData=&amp;browseView=true&amp;manufacturer=&amp;resultCatEntryType=&amp;catalogId=10576&amp;pageView=&amp;facet=mfName_ntk_cs%253AWards&amp;minPrice=&amp;categoryId=25573&amp;storeId=10601&quot;,&quot;name&quot;:&quot;Wards&quot;,&quot;count&quot;:&quot;2&quot;,&quot;className&quot;:&quot;&quot;},{&quot;url&quot;:&quot;http://shop.coles.com.au/online/SearchDisplay?searchTermScope=&amp;multiSearch=&amp;searchType=2&amp;maxPrice=&amp;showResultsPage=true&amp;langId=-1&amp;beginIndex=0&amp;sType=SimpleSearch&amp;metaData=&amp;browseView=true&amp;manufacturer=&amp;resultCatEntryType=&amp;catalogId=10576&amp;pageView=&amp;facet=mfName_ntk_cs%253AWarheads&amp;minPrice=&amp;categoryId=25573&amp;storeId=10601&quot;,&quot;name&quot;:&quot;Warheads&quot;,&quot;count&quot;:&quot;2&quot;,&quot;className&quot;:&quot;&quot;},{&quot;url&quot;:&quot;http://shop.coles.com.au/online/SearchDisplay?searchTermScope=&amp;multiSearch=&amp;searchType=2&amp;maxPrice=&amp;showResultsPage=true&amp;langId=-1&amp;beginIndex=0&amp;sType=SimpleSearch&amp;metaData=&amp;browseView=true&amp;manufacturer=&amp;resultCatEntryType=&amp;catalogId=10576&amp;pageView=&amp;facet=mfName_ntk_cs%253AWater%2BThins&amp;minPrice=&amp;categoryId=25573&amp;storeId=10601&quot;,&quot;name&quot;:&quot;Water Thins&quot;,&quot;count&quot;:&quot;9&quot;,&quot;className&quot;:&quot;&quot;},{&quot;url&quot;:&quot;http://shop.coles.com.au/online/SearchDisplay?searchTermScope=&amp;multiSearch=&amp;searchType=2&amp;maxPrice=&amp;showResultsPage=true&amp;langId=-1&amp;beginIndex=0&amp;sType=SimpleSearch&amp;metaData=&amp;browseView=true&amp;manufacturer=&amp;resultCatEntryType=&amp;catalogId=10576&amp;pageView=&amp;facet=mfName_ntk_cs%253AWatties&amp;minPrice=&amp;categoryId=25573&amp;storeId=10601&quot;,&quot;name&quot;:&quot;Watties&quot;,&quot;count&quot;:&quot;2&quot;,&quot;className&quot;:&quot;&quot;},{&quot;url&quot;:&quot;http://shop.coles.com.au/online/SearchDisplay?searchTermScope=&amp;multiSearch=&amp;searchType=2&amp;maxPrice=&amp;showResultsPage=true&amp;langId=-1&amp;beginIndex=0&amp;sType=SimpleSearch&amp;metaData=&amp;browseView=true&amp;manufacturer=&amp;resultCatEntryType=&amp;catalogId=10576&amp;pageView=&amp;facet=mfName_ntk_cs%253AWeight%2BWatchers&amp;minPrice=&amp;categoryId=25573&amp;storeId=10601&quot;,&quot;name&quot;:&quot;Weight Watchers&quot;,&quot;count&quot;:&quot;14&quot;,&quot;className&quot;:&quot;&quot;},{&quot;url&quot;:&quot;http://shop.coles.com.au/online/SearchDisplay?searchTermScope=&amp;multiSearch=&amp;searchType=2&amp;maxPrice=&amp;showResultsPage=true&amp;langId=-1&amp;beginIndex=0&amp;sType=SimpleSearch&amp;metaData=&amp;browseView=true&amp;manufacturer=&amp;resultCatEntryType=&amp;catalogId=10576&amp;pageView=&amp;facet=mfName_ntk_cs%253AWell%2B%2526%2BGood&amp;minPrice=&amp;categoryId=25573&amp;storeId=10601&quot;,&quot;name&quot;:&quot;Well &amp; Good&quot;,&quot;count&quot;:&quot;1&quot;,&quot;className&quot;:&quot;&quot;},{&quot;url&quot;:&quot;http://shop.coles.com.au/online/SearchDisplay?searchTermScope=&amp;multiSearch=&amp;searchType=2&amp;maxPrice=&amp;showResultsPage=true&amp;langId=-1&amp;beginIndex=0&amp;sType=SimpleSearch&amp;metaData=&amp;browseView=true&amp;manufacturer=&amp;resultCatEntryType=&amp;catalogId=10576&amp;pageView=&amp;facet=mfName_ntk_cs%253AWell%2BNaturally&amp;minPrice=&amp;categoryId=25573&amp;storeId=10601&quot;,&quot;name&quot;:&quot;Well Naturally&quot;,&quot;count&quot;:&quot;6&quot;,&quot;className&quot;:&quot;&quot;},{&quot;url&quot;:&quot;http://shop.coles.com.au/online/SearchDisplay?searchTermScope=&amp;multiSearch=&amp;searchType=2&amp;maxPrice=&amp;showResultsPage=true&amp;langId=-1&amp;beginIndex=0&amp;sType=SimpleSearch&amp;metaData=&amp;browseView=true&amp;manufacturer=&amp;resultCatEntryType=&amp;catalogId=10576&amp;pageView=&amp;facet=mfName_ntk_cs%253AWellaby%2527s&amp;minPrice=&amp;categoryId=25573&amp;storeId=10601&quot;,&quot;name&quot;:&quot;Wellaby's&quot;,&quot;count&quot;:&quot;3&quot;,&quot;className&quot;:&quot;&quot;},{&quot;url&quot;:&quot;http://shop.coles.com.au/online/SearchDisplay?searchTermScope=&amp;multiSearch=&amp;searchType=2&amp;maxPrice=&amp;showResultsPage=true&amp;langId=-1&amp;beginIndex=0&amp;sType=SimpleSearch&amp;metaData=&amp;browseView=true&amp;manufacturer=&amp;resultCatEntryType=&amp;catalogId=10576&amp;pageView=&amp;facet=mfName_ntk_cs%253AWerther%2527s&amp;minPrice=&amp;categoryId=25573&amp;storeId=10601&quot;,&quot;name&quot;:&quot;Werther's&quot;,&quot;count&quot;:&quot;1&quot;,&quot;className&quot;:&quot;&quot;},{&quot;url&quot;:&quot;http://shop.coles.com.au/online/SearchDisplay?searchTermScope=&amp;multiSearch=&amp;searchType=2&amp;maxPrice=&amp;showResultsPage=true&amp;langId=-1&amp;beginIndex=0&amp;sType=SimpleSearch&amp;metaData=&amp;browseView=true&amp;manufacturer=&amp;resultCatEntryType=&amp;catalogId=10576&amp;pageView=&amp;facet=mfName_ntk_cs%253AWerther%2527s%2BOriginal&amp;minPrice=&amp;categoryId=25573&amp;storeId=10601&quot;,&quot;name&quot;:&quot;Werther's Original&quot;,&quot;count&quot;:&quot;6&quot;,&quot;className&quot;:&quot;&quot;},{&quot;url&quot;:&quot;http://shop.coles.com.au/online/SearchDisplay?searchTermScope=&amp;multiSearch=&amp;searchType=2&amp;maxPrice=&amp;showResultsPage=true&amp;langId=-1&amp;beginIndex=0&amp;sType=SimpleSearch&amp;metaData=&amp;browseView=true&amp;manufacturer=&amp;resultCatEntryType=&amp;catalogId=10576&amp;pageView=&amp;facet=mfName_ntk_cs%253AWescobee&amp;minPrice=&amp;categoryId=25573&amp;storeId=10601&quot;,&quot;name&quot;:&quot;Wescobee&quot;,&quot;count&quot;:&quot;3&quot;,&quot;className&quot;:&quot;&quot;},{&quot;url&quot;:&quot;http://shop.coles.com.au/online/SearchDisplay?searchTermScope=&amp;multiSearch=&amp;searchType=2&amp;maxPrice=&amp;showResultsPage=true&amp;langId=-1&amp;beginIndex=0&amp;sType=SimpleSearch&amp;metaData=&amp;browseView=true&amp;manufacturer=&amp;resultCatEntryType=&amp;catalogId=10576&amp;pageView=&amp;facet=mfName_ntk_cs%253AWhite%2BOrchid&amp;minPrice=&amp;categoryId=25573&amp;storeId=10601&quot;,&quot;name&quot;:&quot;White Orchid&quot;,&quot;count&quot;:&quot;1&quot;,&quot;className&quot;:&quot;&quot;},{&quot;url&quot;:&quot;http://shop.coles.com.au/online/SearchDisplay?searchTermScope=&amp;multiSearch=&amp;searchType=2&amp;maxPrice=&amp;showResultsPage=true&amp;langId=-1&amp;beginIndex=0&amp;sType=SimpleSearch&amp;metaData=&amp;browseView=true&amp;manufacturer=&amp;resultCatEntryType=&amp;catalogId=10576&amp;pageView=&amp;facet=mfName_ntk_cs%253AWhite%2BWings&amp;minPrice=&amp;categoryId=25573&amp;storeId=10601&quot;,&quot;name&quot;:&quot;White Wings&quot;,&quot;count&quot;:&quot;56&quot;,&quot;className&quot;:&quot;&quot;},{&quot;url&quot;:&quot;http://shop.coles.com.au/online/SearchDisplay?searchTermScope=&amp;multiSearch=&amp;searchType=2&amp;maxPrice=&amp;showResultsPage=true&amp;langId=-1&amp;beginIndex=0&amp;sType=SimpleSearch&amp;metaData=&amp;browseView=true&amp;manufacturer=&amp;resultCatEntryType=&amp;catalogId=10576&amp;pageView=&amp;facet=mfName_ntk_cs%253AWhittakers&amp;minPrice=&amp;categoryId=25573&amp;storeId=10601&quot;,&quot;name&quot;:&quot;Whittakers&quot;,&quot;count&quot;:&quot;1&quot;,&quot;className&quot;:&quot;&quot;},{&quot;url&quot;:&quot;http://shop.coles.com.au/online/SearchDisplay?searchTermScope=&amp;multiSearch=&amp;searchType=2&amp;maxPrice=&amp;showResultsPage=true&amp;langId=-1&amp;beginIndex=0&amp;sType=SimpleSearch&amp;metaData=&amp;browseView=true&amp;manufacturer=&amp;resultCatEntryType=&amp;catalogId=10576&amp;pageView=&amp;facet=mfName_ntk_cs%253AWice&amp;minPrice=&amp;categoryId=25573&amp;storeId=10601&quot;,&quot;name&quot;:&quot;Wice&quot;,&quot;count&quot;:&quot;2&quot;,&quot;className&quot;:&quot;&quot;},{&quot;url&quot;:&quot;http://shop.coles.com.au/online/SearchDisplay?searchTermScope=&amp;multiSearch=&amp;searchType=2&amp;maxPrice=&amp;showResultsPage=true&amp;langId=-1&amp;beginIndex=0&amp;sType=SimpleSearch&amp;metaData=&amp;browseView=true&amp;manufacturer=&amp;resultCatEntryType=&amp;catalogId=10576&amp;pageView=&amp;facet=mfName_ntk_cs%253AWilds&amp;minPrice=&amp;categoryId=25573&amp;storeId=10601&quot;,&quot;name&quot;:&quot;Wilds&quot;,&quot;count&quot;:&quot;1&quot;,&quot;className&quot;:&quot;&quot;},{&quot;url&quot;:&quot;http://shop.coles.com.au/online/SearchDisplay?searchTermScope=&amp;multiSearch=&amp;searchType=2&amp;maxPrice=&amp;showResultsPage=true&amp;langId=-1&amp;beginIndex=0&amp;sType=SimpleSearch&amp;metaData=&amp;browseView=true&amp;manufacturer=&amp;resultCatEntryType=&amp;catalogId=10576&amp;pageView=&amp;facet=mfName_ntk_cs%253AWillie%2527s%2BCacao&amp;minPrice=&amp;categoryId=25573&amp;storeId=10601&quot;,&quot;name&quot;:&quot;Willie's Cacao&quot;,&quot;count&quot;:&quot;4&quot;,&quot;className&quot;:&quot;&quot;},{&quot;url&quot;:&quot;http://shop.coles.com.au/online/SearchDisplay?searchTermScope=&amp;multiSearch=&amp;searchType=2&amp;maxPrice=&amp;showResultsPage=true&amp;langId=-1&amp;beginIndex=0&amp;sType=SimpleSearch&amp;metaData=&amp;browseView=true&amp;manufacturer=&amp;resultCatEntryType=&amp;catalogId=10576&amp;pageView=&amp;facet=mfName_ntk_cs%253AWillies%2BCacao&amp;minPrice=&amp;categoryId=25573&amp;storeId=10601&quot;,&quot;name&quot;:&quot;Willies Cacao&quot;,&quot;count&quot;:&quot;2&quot;,&quot;className&quot;:&quot;&quot;},{&quot;url&quot;:&quot;http://shop.coles.com.au/online/SearchDisplay?searchTermScope=&amp;multiSearch=&amp;searchType=2&amp;maxPrice=&amp;showResultsPage=true&amp;langId=-1&amp;beginIndex=0&amp;sType=SimpleSearch&amp;metaData=&amp;browseView=true&amp;manufacturer=&amp;resultCatEntryType=&amp;catalogId=10576&amp;pageView=&amp;facet=mfName_ntk_cs%253AWing%2BHong&amp;minPrice=&amp;categoryId=25573&amp;storeId=10601&quot;,&quot;name&quot;:&quot;Wing Hong&quot;,&quot;count&quot;:&quot;1&quot;,&quot;className&quot;:&quot;&quot;},{&quot;url&quot;:&quot;http://shop.coles.com.au/online/SearchDisplay?searchTermScope=&amp;multiSearch=&amp;searchType=2&amp;maxPrice=&amp;showResultsPage=true&amp;langId=-1&amp;beginIndex=0&amp;sType=SimpleSearch&amp;metaData=&amp;browseView=true&amp;manufacturer=&amp;resultCatEntryType=&amp;catalogId=10576&amp;pageView=&amp;facet=mfName_ntk_cs%253AWinn&amp;minPrice=&amp;categoryId=25573&amp;storeId=10601&quot;,&quot;name&quot;:&quot;Winn&quot;,&quot;count&quot;:&quot;1&quot;,&quot;className&quot;:&quot;&quot;},{&quot;url&quot;:&quot;http://shop.coles.com.au/online/SearchDisplay?searchTermScope=&amp;multiSearch=&amp;searchType=2&amp;maxPrice=&amp;showResultsPage=true&amp;langId=-1&amp;beginIndex=0&amp;sType=SimpleSearch&amp;metaData=&amp;browseView=true&amp;manufacturer=&amp;resultCatEntryType=&amp;catalogId=10576&amp;pageView=&amp;facet=mfName_ntk_cs%253AWinners&amp;minPrice=&amp;categoryId=25573&amp;storeId=10601&quot;,&quot;name&quot;:&quot;Winners&quot;,&quot;count&quot;:&quot;7&quot;,&quot;className&quot;:&quot;&quot;},{&quot;url&quot;:&quot;http://shop.coles.com.au/online/SearchDisplay?searchTermScope=&amp;multiSearch=&amp;searchType=2&amp;maxPrice=&amp;showResultsPage=true&amp;langId=-1&amp;beginIndex=0&amp;sType=SimpleSearch&amp;metaData=&amp;browseView=true&amp;manufacturer=&amp;resultCatEntryType=&amp;catalogId=10576&amp;pageView=&amp;facet=mfName_ntk_cs%253AWokka&amp;minPrice=&amp;categoryId=25573&amp;storeId=10601&quot;,&quot;name&quot;:&quot;Wokka&quot;,&quot;count&quot;:&quot;8&quot;,&quot;className&quot;:&quot;&quot;},{&quot;url&quot;:&quot;http://shop.coles.com.au/online/SearchDisplay?searchTermScope=&amp;multiSearch=&amp;searchType=2&amp;maxPrice=&amp;showResultsPage=true&amp;langId=-1&amp;beginIndex=0&amp;sType=SimpleSearch&amp;metaData=&amp;browseView=true&amp;manufacturer=&amp;resultCatEntryType=&amp;catalogId=10576&amp;pageView=&amp;facet=mfName_ntk_cs%253AWonderful&amp;minPrice=&amp;categoryId=25573&amp;storeId=10601&quot;,&quot;name&quot;:&quot;Wonderful&quot;,&quot;count&quot;:&quot;3&quot;,&quot;className&quot;:&quot;&quot;},{&quot;url&quot;:&quot;http://shop.coles.com.au/online/SearchDisplay?searchTermScope=&amp;multiSearch=&amp;searchType=2&amp;maxPrice=&amp;showResultsPage=true&amp;langId=-1&amp;beginIndex=0&amp;sType=SimpleSearch&amp;metaData=&amp;browseView=true&amp;manufacturer=&amp;resultCatEntryType=&amp;catalogId=10576&amp;pageView=&amp;facet=mfName_ntk_cs%253AWonka&amp;minPrice=&amp;categoryId=25573&amp;storeId=10601&quot;,&quot;name&quot;:&quot;Wonka&quot;,&quot;count&quot;:&quot;1&quot;,&quot;className&quot;:&quot;&quot;},{&quot;url&quot;:&quot;http://shop.coles.com.au/online/SearchDisplay?searchTermScope=&amp;multiSearch=&amp;searchType=2&amp;maxPrice=&amp;showResultsPage=true&amp;langId=-1&amp;beginIndex=0&amp;sType=SimpleSearch&amp;metaData=&amp;browseView=true&amp;manufacturer=&amp;resultCatEntryType=&amp;catalogId=10576&amp;pageView=&amp;facet=mfName_ntk_cs%253AWow&amp;minPrice=&amp;categoryId=25573&amp;storeId=10601&quot;,&quot;name&quot;:&quot;Wow&quot;,&quot;count&quot;:&quot;8&quot;,&quot;className&quot;:&quot;&quot;},{&quot;url&quot;:&quot;http://shop.coles.com.au/online/SearchDisplay?searchTermScope=&amp;multiSearch=&amp;searchType=2&amp;maxPrice=&amp;showResultsPage=true&amp;langId=-1&amp;beginIndex=0&amp;sType=SimpleSearch&amp;metaData=&amp;browseView=true&amp;manufacturer=&amp;resultCatEntryType=&amp;catalogId=10576&amp;pageView=&amp;facet=mfName_ntk_cs%253AWriggley&amp;minPrice=&amp;categoryId=25573&amp;storeId=10601&quot;,&quot;name&quot;:&quot;Wriggley&quot;,&quot;count&quot;:&quot;1&quot;,&quot;className&quot;:&quot;&quot;},{&quot;url&quot;:&quot;http://shop.coles.com.au/online/SearchDisplay?searchTermScope=&amp;multiSearch=&amp;searchType=2&amp;maxPrice=&amp;showResultsPage=true&amp;langId=-1&amp;beginIndex=0&amp;sType=SimpleSearch&amp;metaData=&amp;browseView=true&amp;manufacturer=&amp;resultCatEntryType=&amp;catalogId=10576&amp;pageView=&amp;facet=mfName_ntk_cs%253AWrigley&amp;minPrice=&amp;categoryId=25573&amp;storeId=10601&quot;,&quot;name&quot;:&quot;Wrigley&quot;,&quot;count&quot;:&quot;50&quot;,&quot;className&quot;:&quot;&quot;},{&quot;url&quot;:&quot;http://shop.coles.com.au/online/SearchDisplay?searchTermScope=&amp;multiSearch=&amp;searchType=2&amp;maxPrice=&amp;showResultsPage=true&amp;langId=-1&amp;beginIndex=0&amp;sType=SimpleSearch&amp;metaData=&amp;browseView=true&amp;manufacturer=&amp;resultCatEntryType=&amp;catalogId=10576&amp;pageView=&amp;facet=mfName_ntk_cs%253AX-Treme&amp;minPrice=&amp;categoryId=25573&amp;storeId=10601&quot;,&quot;name&quot;:&quot;X-Treme&quot;,&quot;count&quot;:&quot;1&quot;,&quot;className&quot;:&quot;&quot;},{&quot;url&quot;:&quot;http://shop.coles.com.au/online/SearchDisplay?searchTermScope=&amp;multiSearch=&amp;searchType=2&amp;maxPrice=&amp;showResultsPage=true&amp;langId=-1&amp;beginIndex=0&amp;sType=SimpleSearch&amp;metaData=&amp;browseView=true&amp;manufacturer=&amp;resultCatEntryType=&amp;catalogId=10576&amp;pageView=&amp;facet=mfName_ntk_cs%253AYackandandah&amp;minPrice=&amp;categoryId=25573&amp;storeId=10601&quot;,&quot;name&quot;:&quot;Yackandandah&quot;,&quot;count&quot;:&quot;4&quot;,&quot;className&quot;:&quot;&quot;},{&quot;url&quot;:&quot;http://shop.coles.com.au/online/SearchDisplay?searchTermScope=&amp;multiSearch=&amp;searchType=2&amp;maxPrice=&amp;showResultsPage=true&amp;langId=-1&amp;beginIndex=0&amp;sType=SimpleSearch&amp;metaData=&amp;browseView=true&amp;manufacturer=&amp;resultCatEntryType=&amp;catalogId=10576&amp;pageView=&amp;facet=mfName_ntk_cs%253AYaru&amp;minPrice=&amp;categoryId=25573&amp;storeId=10601&quot;,&quot;name&quot;:&quot;Yaru&quot;,&quot;count&quot;:&quot;4&quot;,&quot;className&quot;:&quot;&quot;},{&quot;url&quot;:&quot;http://shop.coles.com.au/online/SearchDisplay?searchTermScope=&amp;multiSearch=&amp;searchType=2&amp;maxPrice=&amp;showResultsPage=true&amp;langId=-1&amp;beginIndex=0&amp;sType=SimpleSearch&amp;metaData=&amp;browseView=true&amp;manufacturer=&amp;resultCatEntryType=&amp;catalogId=10576&amp;pageView=&amp;facet=mfName_ntk_cs%253AYeo%2527s&amp;minPrice=&amp;categoryId=25573&amp;storeId=10601&quot;,&quot;name&quot;:&quot;Yeo's&quot;,&quot;count&quot;:&quot;6&quot;,&quot;className&quot;:&quot;&quot;},{&quot;url&quot;:&quot;http://shop.coles.com.au/online/SearchDisplay?searchTermScope=&amp;multiSearch=&amp;searchType=2&amp;maxPrice=&amp;showResultsPage=true&amp;langId=-1&amp;beginIndex=0&amp;sType=SimpleSearch&amp;metaData=&amp;browseView=true&amp;manufacturer=&amp;resultCatEntryType=&amp;catalogId=10576&amp;pageView=&amp;facet=mfName_ntk_cs%253AZafarelli&amp;minPrice=&amp;categoryId=25573&amp;storeId=10601&quot;,&quot;name&quot;:&quot;Zafarelli&quot;,&quot;count&quot;:&quot;9&quot;,&quot;className&quot;:&quot;&quot;},{&quot;url&quot;:&quot;http://shop.coles.com.au/online/SearchDisplay?searchTermScope=&amp;multiSearch=&amp;searchType=2&amp;maxPrice=&amp;showResultsPage=true&amp;langId=-1&amp;beginIndex=0&amp;sType=SimpleSearch&amp;metaData=&amp;browseView=true&amp;manufacturer=&amp;resultCatEntryType=&amp;catalogId=10576&amp;pageView=&amp;facet=mfName_ntk_cs%253AZhen&amp;minPrice=&amp;categoryId=25573&amp;storeId=10601&quot;,&quot;name&quot;:&quot;Zhen&quot;,&quot;count&quot;:&quot;2&quot;,&quot;className&quot;:&quot;&quot;},{&quot;url&quot;:&quot;http://shop.coles.com.au/online/SearchDisplay?searchTermScope=&amp;multiSearch=&amp;searchType=2&amp;maxPrice=&amp;showResultsPage=true&amp;langId=-1&amp;beginIndex=0&amp;sType=SimpleSearch&amp;metaData=&amp;browseView=true&amp;manufacturer=&amp;resultCatEntryType=&amp;catalogId=10576&amp;pageView=&amp;facet=mfName_ntk_cs%253AZoosh&amp;minPrice=&amp;categoryId=25573&amp;storeId=10601&quot;,&quot;name&quot;:&quot;Zoosh&quot;,&quot;count&quot;:&quot;19&quot;,&quot;className&quot;:&quot;&quot;}]}" title="View other types">+  view 739 other types</a></li>
	     		
    		</ul>
		</li>
		
		<li role="presentation">
			<h3>Type</h3>
			
					<a class="2" href="http://shop.coles.com.au/online/SearchDisplay?multiSearch=&amp;showResultsPage=true&amp;langId=-1&amp;beginIndex=4000&amp;sType=SimpleSearch&amp;browseView=true&amp;pageSize=100&amp;resultCatEntryType=&amp;catalogId=10576&amp;pageView=image&amp;urlLangId=-1&amp;categoryId=25573&amp;storeId=10601" name="type-Type" title=""><span class="cat-facet">Show all</span>&nbsp;<span role="presentation" aria-hidden="true" class="cat-count">(6288)</span><span class="cat-count accessibility">(6288items)</span></a>
				
  			<ul>
	     		
							<li>
								
										<a href="http://shop.coles.com.au/online/SearchDisplay?searchTermScope=&amp;multiSearch=&amp;searchType=2&amp;maxPrice=&amp;showResultsPage=true&amp;langId=-1&amp;beginIndex=0&amp;sType=SimpleSearch&amp;metaData=&amp;browseView=true&amp;manufacturer=&amp;resultCatEntryType=&amp;catalogId=10576&amp;pageView=&amp;facet=ads_f8_ntk_cs%253AAll%2BSpice&amp;minPrice=&amp;categoryId=25573&amp;storeId=10601" name="type-Type" title=""><span class="cat-facet">All Spice</span>&nbsp;<span role="presentation" aria-hidden="true" class="cat-count">(2)</span><span class="cat-count accessibility">(2items)</span></a>
									
							</li>
			     		
							<li>
								
										<a href="http://shop.coles.com.au/online/SearchDisplay?searchTermScope=&amp;multiSearch=&amp;searchType=2&amp;maxPrice=&amp;showResultsPage=true&amp;langId=-1&amp;beginIndex=0&amp;sType=SimpleSearch&amp;metaData=&amp;browseView=true&amp;manufacturer=&amp;resultCatEntryType=&amp;catalogId=10576&amp;pageView=&amp;facet=ads_f8_ntk_cs%253AAlmonds&amp;minPrice=&amp;categoryId=25573&amp;storeId=10601" name="type-Type" title=""><span class="cat-facet">Almonds</span>&nbsp;<span role="presentation" aria-hidden="true" class="cat-count">(7)</span><span class="cat-count accessibility">(7items)</span></a>
									
							</li>
			     		
							<li>
								
										<a href="http://shop.coles.com.au/online/SearchDisplay?searchTermScope=&amp;multiSearch=&amp;searchType=2&amp;maxPrice=&amp;showResultsPage=true&amp;langId=-1&amp;beginIndex=0&amp;sType=SimpleSearch&amp;metaData=&amp;browseView=true&amp;manufacturer=&amp;resultCatEntryType=&amp;catalogId=10576&amp;pageView=&amp;facet=ads_f8_ntk_cs%253AAnchovies&amp;minPrice=&amp;categoryId=25573&amp;storeId=10601" name="type-Type" title=""><span class="cat-facet">Anchovies</span>&nbsp;<span role="presentation" aria-hidden="true" class="cat-count">(4)</span><span class="cat-count accessibility">(4items)</span></a>
									
							</li>
			     		
							<li>
								
										<a href="http://shop.coles.com.au/online/SearchDisplay?searchTermScope=&amp;multiSearch=&amp;searchType=2&amp;maxPrice=&amp;showResultsPage=true&amp;langId=-1&amp;beginIndex=0&amp;sType=SimpleSearch&amp;metaData=&amp;browseView=true&amp;manufacturer=&amp;resultCatEntryType=&amp;catalogId=10576&amp;pageView=&amp;facet=ads_f8_ntk_cs%253AApricot%2B%2526%2BPeach%2BJam&amp;minPrice=&amp;categoryId=25573&amp;storeId=10601" name="type-Type" title=""><span class="cat-facet">Apricot &amp; Peach Jam</span>&nbsp;<span role="presentation" aria-hidden="true" class="cat-count">(11)</span><span class="cat-count accessibility">(11items)</span></a>
									
							</li>
			     		
							<li>
								
										<a href="http://shop.coles.com.au/online/SearchDisplay?searchTermScope=&amp;multiSearch=&amp;searchType=2&amp;maxPrice=&amp;showResultsPage=true&amp;langId=-1&amp;beginIndex=0&amp;sType=SimpleSearch&amp;metaData=&amp;browseView=true&amp;manufacturer=&amp;resultCatEntryType=&amp;catalogId=10576&amp;pageView=&amp;facet=ads_f8_ntk_cs%253AArborio%2BRice&amp;minPrice=&amp;categoryId=25573&amp;storeId=10601" name="type-Type" title=""><span class="cat-facet">Arborio Rice</span>&nbsp;<span role="presentation" aria-hidden="true" class="cat-count">(2)</span><span class="cat-count accessibility">(2items)</span></a>
									
							</li>
			     		
							<li>
								
										<a href="http://shop.coles.com.au/online/SearchDisplay?searchTermScope=&amp;multiSearch=&amp;searchType=2&amp;maxPrice=&amp;showResultsPage=true&amp;langId=-1&amp;beginIndex=0&amp;sType=SimpleSearch&amp;metaData=&amp;browseView=true&amp;manufacturer=&amp;resultCatEntryType=&amp;catalogId=10576&amp;pageView=&amp;facet=ads_f8_ntk_cs%253AArtichokes&amp;minPrice=&amp;categoryId=25573&amp;storeId=10601" name="type-Type" title=""><span class="cat-facet">Artichokes</span>&nbsp;<span role="presentation" aria-hidden="true" class="cat-count">(4)</span><span class="cat-count accessibility">(4items)</span></a>
									
							</li>
			     		
							<li>
								
										<a href="http://shop.coles.com.au/online/SearchDisplay?searchTermScope=&amp;multiSearch=&amp;searchType=2&amp;maxPrice=&amp;showResultsPage=true&amp;langId=-1&amp;beginIndex=0&amp;sType=SimpleSearch&amp;metaData=&amp;browseView=true&amp;manufacturer=&amp;resultCatEntryType=&amp;catalogId=10576&amp;pageView=&amp;facet=ads_f8_ntk_cs%253ABBQ%2BChips&amp;minPrice=&amp;categoryId=25573&amp;storeId=10601" name="type-Type" title=""><span class="cat-facet">BBQ Chips</span>&nbsp;<span role="presentation" aria-hidden="true" class="cat-count">(8)</span><span class="cat-count accessibility">(8items)</span></a>
									
							</li>
			     		
							<li>
								
										<a href="http://shop.coles.com.au/online/SearchDisplay?searchTermScope=&amp;multiSearch=&amp;searchType=2&amp;maxPrice=&amp;showResultsPage=true&amp;langId=-1&amp;beginIndex=0&amp;sType=SimpleSearch&amp;metaData=&amp;browseView=true&amp;manufacturer=&amp;resultCatEntryType=&amp;catalogId=10576&amp;pageView=&amp;facet=ads_f8_ntk_cs%253ABaked%2BBeans&amp;minPrice=&amp;categoryId=25573&amp;storeId=10601" name="type-Type" title=""><span class="cat-facet">Baked Beans</span>&nbsp;<span role="presentation" aria-hidden="true" class="cat-count">(32)</span><span class="cat-count accessibility">(32items)</span></a>
									
							</li>
			     		
							<li>
								
										<a href="http://shop.coles.com.au/online/SearchDisplay?searchTermScope=&amp;multiSearch=&amp;searchType=2&amp;maxPrice=&amp;showResultsPage=true&amp;langId=-1&amp;beginIndex=0&amp;sType=SimpleSearch&amp;metaData=&amp;browseView=true&amp;manufacturer=&amp;resultCatEntryType=&amp;catalogId=10576&amp;pageView=&amp;facet=ads_f8_ntk_cs%253ABaking%2BIngredients&amp;minPrice=&amp;categoryId=25573&amp;storeId=10601" name="type-Type" title=""><span class="cat-facet">Baking Ingredients</span>&nbsp;<span role="presentation" aria-hidden="true" class="cat-count">(33)</span><span class="cat-count accessibility">(33items)</span></a>
									
							</li>
			     		
							<li>
								
										<a href="http://shop.coles.com.au/online/SearchDisplay?searchTermScope=&amp;multiSearch=&amp;searchType=2&amp;maxPrice=&amp;showResultsPage=true&amp;langId=-1&amp;beginIndex=0&amp;sType=SimpleSearch&amp;metaData=&amp;browseView=true&amp;manufacturer=&amp;resultCatEntryType=&amp;catalogId=10576&amp;pageView=&amp;facet=ads_f8_ntk_cs%253ABaking%2BPowder&amp;minPrice=&amp;categoryId=25573&amp;storeId=10601" name="type-Type" title=""><span class="cat-facet">Baking Powder</span>&nbsp;<span role="presentation" aria-hidden="true" class="cat-count">(2)</span><span class="cat-count accessibility">(2items)</span></a>
									
							</li>
			     		
				<li><a href="#" class="more" data-hidden-facets="{&quot;type&quot;:&quot;Type&quot;,&quot;facets&quot;:[{&quot;url&quot;:&quot;http://shop.coles.com.au/online/SearchDisplay?searchTermScope=&amp;multiSearch=&amp;searchType=2&amp;maxPrice=&amp;showResultsPage=true&amp;langId=-1&amp;beginIndex=0&amp;sType=SimpleSearch&amp;metaData=&amp;browseView=true&amp;manufacturer=&amp;resultCatEntryType=&amp;catalogId=10576&amp;pageView=&amp;facet=ads_f8_ntk_cs%253ABalsamic%2BDressing&amp;minPrice=&amp;categoryId=25573&amp;storeId=10601&quot;,&quot;name&quot;:&quot;Balsamic Dressing&quot;,&quot;count&quot;:&quot;6&quot;,&quot;className&quot;:&quot;&quot;},{&quot;url&quot;:&quot;http://shop.coles.com.au/online/SearchDisplay?searchTermScope=&amp;multiSearch=&amp;searchType=2&amp;maxPrice=&amp;showResultsPage=true&amp;langId=-1&amp;beginIndex=0&amp;sType=SimpleSearch&amp;metaData=&amp;browseView=true&amp;manufacturer=&amp;resultCatEntryType=&amp;catalogId=10576&amp;pageView=&amp;facet=ads_f8_ntk_cs%253ABalsamic%2BVinegar&amp;minPrice=&amp;categoryId=25573&amp;storeId=10601&quot;,&quot;name&quot;:&quot;Balsamic Vinegar&quot;,&quot;count&quot;:&quot;10&quot;,&quot;className&quot;:&quot;&quot;},{&quot;url&quot;:&quot;http://shop.coles.com.au/online/SearchDisplay?searchTermScope=&amp;multiSearch=&amp;searchType=2&amp;maxPrice=&amp;showResultsPage=true&amp;langId=-1&amp;beginIndex=0&amp;sType=SimpleSearch&amp;metaData=&amp;browseView=true&amp;manufacturer=&amp;resultCatEntryType=&amp;catalogId=10576&amp;pageView=&amp;facet=ads_f8_ntk_cs%253ABanana%2BDrinks&amp;minPrice=&amp;categoryId=25573&amp;storeId=10601&quot;,&quot;name&quot;:&quot;Banana Drinks&quot;,&quot;count&quot;:&quot;3&quot;,&quot;className&quot;:&quot;&quot;},{&quot;url&quot;:&quot;http://shop.coles.com.au/online/SearchDisplay?searchTermScope=&amp;multiSearch=&amp;searchType=2&amp;maxPrice=&amp;showResultsPage=true&amp;langId=-1&amp;beginIndex=0&amp;sType=SimpleSearch&amp;metaData=&amp;browseView=true&amp;manufacturer=&amp;resultCatEntryType=&amp;catalogId=10576&amp;pageView=&amp;facet=ads_f8_ntk_cs%253ABarbeque%2BSauce&amp;minPrice=&amp;categoryId=25573&amp;storeId=10601&quot;,&quot;name&quot;:&quot;Barbeque Sauce&quot;,&quot;count&quot;:&quot;19&quot;,&quot;className&quot;:&quot;&quot;},{&quot;url&quot;:&quot;http://shop.coles.com.au/online/SearchDisplay?searchTermScope=&amp;multiSearch=&amp;searchType=2&amp;maxPrice=&amp;showResultsPage=true&amp;langId=-1&amp;beginIndex=0&amp;sType=SimpleSearch&amp;metaData=&amp;browseView=true&amp;manufacturer=&amp;resultCatEntryType=&amp;catalogId=10576&amp;pageView=&amp;facet=ads_f8_ntk_cs%253ABasil&amp;minPrice=&amp;categoryId=25573&amp;storeId=10601&quot;,&quot;name&quot;:&quot;Basil&quot;,&quot;count&quot;:&quot;3&quot;,&quot;className&quot;:&quot;&quot;},{&quot;url&quot;:&quot;http://shop.coles.com.au/online/SearchDisplay?searchTermScope=&amp;multiSearch=&amp;searchType=2&amp;maxPrice=&amp;showResultsPage=true&amp;langId=-1&amp;beginIndex=0&amp;sType=SimpleSearch&amp;metaData=&amp;browseView=true&amp;manufacturer=&amp;resultCatEntryType=&amp;catalogId=10576&amp;pageView=&amp;facet=ads_f8_ntk_cs%253ABasil%2BPesto&amp;minPrice=&amp;categoryId=25573&amp;storeId=10601&quot;,&quot;name&quot;:&quot;Basil Pesto&quot;,&quot;count&quot;:&quot;3&quot;,&quot;className&quot;:&quot;&quot;},{&quot;url&quot;:&quot;http://shop.coles.com.au/online/SearchDisplay?searchTermScope=&amp;multiSearch=&amp;searchType=2&amp;maxPrice=&amp;showResultsPage=true&amp;langId=-1&amp;beginIndex=0&amp;sType=SimpleSearch&amp;metaData=&amp;browseView=true&amp;manufacturer=&amp;resultCatEntryType=&amp;catalogId=10576&amp;pageView=&amp;facet=ads_f8_ntk_cs%253ABasmati%2BRice&amp;minPrice=&amp;categoryId=25573&amp;storeId=10601&quot;,&quot;name&quot;:&quot;Basmati Rice&quot;,&quot;count&quot;:&quot;10&quot;,&quot;className&quot;:&quot;&quot;},{&quot;url&quot;:&quot;http://shop.coles.com.au/online/SearchDisplay?searchTermScope=&amp;multiSearch=&amp;searchType=2&amp;maxPrice=&amp;showResultsPage=true&amp;langId=-1&amp;beginIndex=0&amp;sType=SimpleSearch&amp;metaData=&amp;browseView=true&amp;manufacturer=&amp;resultCatEntryType=&amp;catalogId=10576&amp;pageView=&amp;facet=ads_f8_ntk_cs%253ABay%2BLeaves&amp;minPrice=&amp;categoryId=25573&amp;storeId=10601&quot;,&quot;name&quot;:&quot;Bay Leaves&quot;,&quot;count&quot;:&quot;2&quot;,&quot;className&quot;:&quot;&quot;},{&quot;url&quot;:&quot;http://shop.coles.com.au/online/SearchDisplay?searchTermScope=&amp;multiSearch=&amp;searchType=2&amp;maxPrice=&amp;showResultsPage=true&amp;langId=-1&amp;beginIndex=0&amp;sType=SimpleSearch&amp;metaData=&amp;browseView=true&amp;manufacturer=&amp;resultCatEntryType=&amp;catalogId=10576&amp;pageView=&amp;facet=ads_f8_ntk_cs%253ABeef%2BSauces&amp;minPrice=&amp;categoryId=25573&amp;storeId=10601&quot;,&quot;name&quot;:&quot;Beef Sauces&quot;,&quot;count&quot;:&quot;5&quot;,&quot;className&quot;:&quot;&quot;},{&quot;url&quot;:&quot;http://shop.coles.com.au/online/SearchDisplay?searchTermScope=&amp;multiSearch=&amp;searchType=2&amp;maxPrice=&amp;showResultsPage=true&amp;langId=-1&amp;beginIndex=0&amp;sType=SimpleSearch&amp;metaData=&amp;browseView=true&amp;manufacturer=&amp;resultCatEntryType=&amp;catalogId=10576&amp;pageView=&amp;facet=ads_f8_ntk_cs%253ABeef%2BSoup&amp;minPrice=&amp;categoryId=25573&amp;storeId=10601&quot;,&quot;name&quot;:&quot;Beef Soup&quot;,&quot;count&quot;:&quot;11&quot;,&quot;className&quot;:&quot;&quot;},{&quot;url&quot;:&quot;http://shop.coles.com.au/online/SearchDisplay?searchTermScope=&amp;multiSearch=&amp;searchType=2&amp;maxPrice=&amp;showResultsPage=true&amp;langId=-1&amp;beginIndex=0&amp;sType=SimpleSearch&amp;metaData=&amp;browseView=true&amp;manufacturer=&amp;resultCatEntryType=&amp;catalogId=10576&amp;pageView=&amp;facet=ads_f8_ntk_cs%253ABeef%2BStock&amp;minPrice=&amp;categoryId=25573&amp;storeId=10601&quot;,&quot;name&quot;:&quot;Beef Stock&quot;,&quot;count&quot;:&quot;12&quot;,&quot;className&quot;:&quot;&quot;},{&quot;url&quot;:&quot;http://shop.coles.com.au/online/SearchDisplay?searchTermScope=&amp;multiSearch=&amp;searchType=2&amp;maxPrice=&amp;showResultsPage=true&amp;langId=-1&amp;beginIndex=0&amp;sType=SimpleSearch&amp;metaData=&amp;browseView=true&amp;manufacturer=&amp;resultCatEntryType=&amp;catalogId=10576&amp;pageView=&amp;facet=ads_f8_ntk_cs%253ABeetroot&amp;minPrice=&amp;categoryId=25573&amp;storeId=10601&quot;,&quot;name&quot;:&quot;Beetroot&quot;,&quot;count&quot;:&quot;14&quot;,&quot;className&quot;:&quot;&quot;},{&quot;url&quot;:&quot;http://shop.coles.com.au/online/SearchDisplay?searchTermScope=&amp;multiSearch=&amp;searchType=2&amp;maxPrice=&amp;showResultsPage=true&amp;langId=-1&amp;beginIndex=0&amp;sType=SimpleSearch&amp;metaData=&amp;browseView=true&amp;manufacturer=&amp;resultCatEntryType=&amp;catalogId=10576&amp;pageView=&amp;facet=ads_f8_ntk_cs%253ABi-Carb%2BSoda&amp;minPrice=&amp;categoryId=25573&amp;storeId=10601&quot;,&quot;name&quot;:&quot;Bi-Carb Soda&quot;,&quot;count&quot;:&quot;3&quot;,&quot;className&quot;:&quot;&quot;},{&quot;url&quot;:&quot;http://shop.coles.com.au/online/SearchDisplay?searchTermScope=&amp;multiSearch=&amp;searchType=2&amp;maxPrice=&amp;showResultsPage=true&amp;langId=-1&amp;beginIndex=0&amp;sType=SimpleSearch&amp;metaData=&amp;browseView=true&amp;manufacturer=&amp;resultCatEntryType=&amp;catalogId=10576&amp;pageView=&amp;facet=ads_f8_ntk_cs%253ABlack%2BTeas&amp;minPrice=&amp;categoryId=25573&amp;storeId=10601&quot;,&quot;name&quot;:&quot;Black Teas&quot;,&quot;count&quot;:&quot;75&quot;,&quot;className&quot;:&quot;&quot;},{&quot;url&quot;:&quot;http://shop.coles.com.au/online/SearchDisplay?searchTermScope=&amp;multiSearch=&amp;searchType=2&amp;maxPrice=&amp;showResultsPage=true&amp;langId=-1&amp;beginIndex=0&amp;sType=SimpleSearch&amp;metaData=&amp;browseView=true&amp;manufacturer=&amp;resultCatEntryType=&amp;catalogId=10576&amp;pageView=&amp;facet=ads_f8_ntk_cs%253ABlackberry%2BJam&amp;minPrice=&amp;categoryId=25573&amp;storeId=10601&quot;,&quot;name&quot;:&quot;Blackberry Jam&quot;,&quot;count&quot;:&quot;3&quot;,&quot;className&quot;:&quot;&quot;},{&quot;url&quot;:&quot;http://shop.coles.com.au/online/SearchDisplay?searchTermScope=&amp;multiSearch=&amp;searchType=2&amp;maxPrice=&amp;showResultsPage=true&amp;langId=-1&amp;beginIndex=0&amp;sType=SimpleSearch&amp;metaData=&amp;browseView=true&amp;manufacturer=&amp;resultCatEntryType=&amp;catalogId=10576&amp;pageView=&amp;facet=ads_f8_ntk_cs%253ABlackcurrant%2BJam&amp;minPrice=&amp;categoryId=25573&amp;storeId=10601&quot;,&quot;name&quot;:&quot;Blackcurrant Jam&quot;,&quot;count&quot;:&quot;3&quot;,&quot;className&quot;:&quot;&quot;},{&quot;url&quot;:&quot;http://shop.coles.com.au/online/SearchDisplay?searchTermScope=&amp;multiSearch=&amp;searchType=2&amp;maxPrice=&amp;showResultsPage=true&amp;langId=-1&amp;beginIndex=0&amp;sType=SimpleSearch&amp;metaData=&amp;browseView=true&amp;manufacturer=&amp;resultCatEntryType=&amp;catalogId=10576&amp;pageView=&amp;facet=ads_f8_ntk_cs%253ABlended%2BOils&amp;minPrice=&amp;categoryId=25573&amp;storeId=10601&quot;,&quot;name&quot;:&quot;Blended Oils&quot;,&quot;count&quot;:&quot;4&quot;,&quot;className&quot;:&quot;&quot;},{&quot;url&quot;:&quot;http://shop.coles.com.au/online/SearchDisplay?searchTermScope=&amp;multiSearch=&amp;searchType=2&amp;maxPrice=&amp;showResultsPage=true&amp;langId=-1&amp;beginIndex=0&amp;sType=SimpleSearch&amp;metaData=&amp;browseView=true&amp;manufacturer=&amp;resultCatEntryType=&amp;catalogId=10576&amp;pageView=&amp;facet=ads_f8_ntk_cs%253ABlueberry%2BJam&amp;minPrice=&amp;categoryId=25573&amp;storeId=10601&quot;,&quot;name&quot;:&quot;Blueberry Jam&quot;,&quot;count&quot;:&quot;2&quot;,&quot;className&quot;:&quot;&quot;},{&quot;url&quot;:&quot;http://shop.coles.com.au/online/SearchDisplay?searchTermScope=&amp;multiSearch=&amp;searchType=2&amp;maxPrice=&amp;showResultsPage=true&amp;langId=-1&amp;beginIndex=0&amp;sType=SimpleSearch&amp;metaData=&amp;browseView=true&amp;manufacturer=&amp;resultCatEntryType=&amp;catalogId=10576&amp;pageView=&amp;facet=ads_f8_ntk_cs%253ABoiled%2B%2526%2BHard%2BCandy&amp;minPrice=&amp;categoryId=25573&amp;storeId=10601&quot;,&quot;name&quot;:&quot;Boiled &amp; Hard Candy&quot;,&quot;count&quot;:&quot;7&quot;,&quot;className&quot;:&quot;&quot;},{&quot;url&quot;:&quot;http://shop.coles.com.au/online/SearchDisplay?searchTermScope=&amp;multiSearch=&amp;searchType=2&amp;maxPrice=&amp;showResultsPage=true&amp;langId=-1&amp;beginIndex=0&amp;sType=SimpleSearch&amp;metaData=&amp;browseView=true&amp;manufacturer=&amp;resultCatEntryType=&amp;catalogId=10576&amp;pageView=&amp;facet=ads_f8_ntk_cs%253ABoxed%2BChocolates&amp;minPrice=&amp;categoryId=25573&amp;storeId=10601&quot;,&quot;name&quot;:&quot;Boxed Chocolates&quot;,&quot;count&quot;:&quot;22&quot;,&quot;className&quot;:&quot;&quot;},{&quot;url&quot;:&quot;http://shop.coles.com.au/online/SearchDisplay?searchTermScope=&amp;multiSearch=&amp;searchType=2&amp;maxPrice=&amp;showResultsPage=true&amp;langId=-1&amp;beginIndex=0&amp;sType=SimpleSearch&amp;metaData=&amp;browseView=true&amp;manufacturer=&amp;resultCatEntryType=&amp;catalogId=10576&amp;pageView=&amp;facet=ads_f8_ntk_cs%253ABread%2BMix&amp;minPrice=&amp;categoryId=25573&amp;storeId=10601&quot;,&quot;name&quot;:&quot;Bread Mix&quot;,&quot;count&quot;:&quot;18&quot;,&quot;className&quot;:&quot;&quot;},{&quot;url&quot;:&quot;http://shop.coles.com.au/online/SearchDisplay?searchTermScope=&amp;multiSearch=&amp;searchType=2&amp;maxPrice=&amp;showResultsPage=true&amp;langId=-1&amp;beginIndex=0&amp;sType=SimpleSearch&amp;metaData=&amp;browseView=true&amp;manufacturer=&amp;resultCatEntryType=&amp;catalogId=10576&amp;pageView=&amp;facet=ads_f8_ntk_cs%253ABreadcrumbs&amp;minPrice=&amp;categoryId=25573&amp;storeId=10601&quot;,&quot;name&quot;:&quot;Breadcrumbs&quot;,&quot;count&quot;:&quot;11&quot;,&quot;className&quot;:&quot;&quot;},{&quot;url&quot;:&quot;http://shop.coles.com.au/online/SearchDisplay?searchTermScope=&amp;multiSearch=&amp;searchType=2&amp;maxPrice=&amp;showResultsPage=true&amp;langId=-1&amp;beginIndex=0&amp;sType=SimpleSearch&amp;metaData=&amp;browseView=true&amp;manufacturer=&amp;resultCatEntryType=&amp;catalogId=10576&amp;pageView=&amp;facet=ads_f8_ntk_cs%253ABreakfast%2BBars&amp;minPrice=&amp;categoryId=25573&amp;storeId=10601&quot;,&quot;name&quot;:&quot;Breakfast Bars&quot;,&quot;count&quot;:&quot;2&quot;,&quot;className&quot;:&quot;&quot;},{&quot;url&quot;:&quot;http://shop.coles.com.au/online/SearchDisplay?searchTermScope=&amp;multiSearch=&amp;searchType=2&amp;maxPrice=&amp;showResultsPage=true&amp;langId=-1&amp;beginIndex=0&amp;sType=SimpleSearch&amp;metaData=&amp;browseView=true&amp;manufacturer=&amp;resultCatEntryType=&amp;catalogId=10576&amp;pageView=&amp;facet=ads_f8_ntk_cs%253ABrown%2BSugar&amp;minPrice=&amp;categoryId=25573&amp;storeId=10601&quot;,&quot;name&quot;:&quot;Brown Sugar&quot;,&quot;count&quot;:&quot;4&quot;,&quot;className&quot;:&quot;&quot;},{&quot;url&quot;:&quot;http://shop.coles.com.au/online/SearchDisplay?searchTermScope=&amp;multiSearch=&amp;searchType=2&amp;maxPrice=&amp;showResultsPage=true&amp;langId=-1&amp;beginIndex=0&amp;sType=SimpleSearch&amp;metaData=&amp;browseView=true&amp;manufacturer=&amp;resultCatEntryType=&amp;catalogId=10576&amp;pageView=&amp;facet=ads_f8_ntk_cs%253ABrown%2BVinegar&amp;minPrice=&amp;categoryId=25573&amp;storeId=10601&quot;,&quot;name&quot;:&quot;Brown Vinegar&quot;,&quot;count&quot;:&quot;4&quot;,&quot;className&quot;:&quot;&quot;},{&quot;url&quot;:&quot;http://shop.coles.com.au/online/SearchDisplay?searchTermScope=&amp;multiSearch=&amp;searchType=2&amp;maxPrice=&amp;showResultsPage=true&amp;langId=-1&amp;beginIndex=0&amp;sType=SimpleSearch&amp;metaData=&amp;browseView=true&amp;manufacturer=&amp;resultCatEntryType=&amp;catalogId=10576&amp;pageView=&amp;facet=ads_f8_ntk_cs%253ABrownie%2BMix&amp;minPrice=&amp;categoryId=25573&amp;storeId=10601&quot;,&quot;name&quot;:&quot;Brownie Mix&quot;,&quot;count&quot;:&quot;8&quot;,&quot;className&quot;:&quot;&quot;},{&quot;url&quot;:&quot;http://shop.coles.com.au/online/SearchDisplay?searchTermScope=&amp;multiSearch=&amp;searchType=2&amp;maxPrice=&amp;showResultsPage=true&amp;langId=-1&amp;beginIndex=0&amp;sType=SimpleSearch&amp;metaData=&amp;browseView=true&amp;manufacturer=&amp;resultCatEntryType=&amp;catalogId=10576&amp;pageView=&amp;facet=ads_f8_ntk_cs%253ACaesar%2BSalad%2BDressing&amp;minPrice=&amp;categoryId=25573&amp;storeId=10601&quot;,&quot;name&quot;:&quot;Caesar Salad Dressing&quot;,&quot;count&quot;:&quot;9&quot;,&quot;className&quot;:&quot;&quot;},{&quot;url&quot;:&quot;http://shop.coles.com.au/online/SearchDisplay?searchTermScope=&amp;multiSearch=&amp;searchType=2&amp;maxPrice=&amp;showResultsPage=true&amp;langId=-1&amp;beginIndex=0&amp;sType=SimpleSearch&amp;metaData=&amp;browseView=true&amp;manufacturer=&amp;resultCatEntryType=&amp;catalogId=10576&amp;pageView=&amp;facet=ads_f8_ntk_cs%253ACake%2BMix&amp;minPrice=&amp;categoryId=25573&amp;storeId=10601&quot;,&quot;name&quot;:&quot;Cake Mix&quot;,&quot;count&quot;:&quot;24&quot;,&quot;className&quot;:&quot;&quot;},{&quot;url&quot;:&quot;http://shop.coles.com.au/online/SearchDisplay?searchTermScope=&amp;multiSearch=&amp;searchType=2&amp;maxPrice=&amp;showResultsPage=true&amp;langId=-1&amp;beginIndex=0&amp;sType=SimpleSearch&amp;metaData=&amp;browseView=true&amp;manufacturer=&amp;resultCatEntryType=&amp;catalogId=10576&amp;pageView=&amp;facet=ads_f8_ntk_cs%253ACandy%2B%2526%2BNovelty&amp;minPrice=&amp;categoryId=25573&amp;storeId=10601&quot;,&quot;name&quot;:&quot;Candy &amp; Novelty&quot;,&quot;count&quot;:&quot;23&quot;,&quot;className&quot;:&quot;&quot;},{&quot;url&quot;:&quot;http://shop.coles.com.au/online/SearchDisplay?searchTermScope=&amp;multiSearch=&amp;searchType=2&amp;maxPrice=&amp;showResultsPage=true&amp;langId=-1&amp;beginIndex=0&amp;sType=SimpleSearch&amp;metaData=&amp;browseView=true&amp;manufacturer=&amp;resultCatEntryType=&amp;catalogId=10576&amp;pageView=&amp;facet=ads_f8_ntk_cs%253ACanned%2BApples&amp;minPrice=&amp;categoryId=25573&amp;storeId=10601&quot;,&quot;name&quot;:&quot;Canned Apples&quot;,&quot;count&quot;:&quot;3&quot;,&quot;className&quot;:&quot;&quot;},{&quot;url&quot;:&quot;http://shop.coles.com.au/online/SearchDisplay?searchTermScope=&amp;multiSearch=&amp;searchType=2&amp;maxPrice=&amp;showResultsPage=true&amp;langId=-1&amp;beginIndex=0&amp;sType=SimpleSearch&amp;metaData=&amp;browseView=true&amp;manufacturer=&amp;resultCatEntryType=&amp;catalogId=10576&amp;pageView=&amp;facet=ads_f8_ntk_cs%253ACanned%2BApricots&amp;minPrice=&amp;categoryId=25573&amp;storeId=10601&quot;,&quot;name&quot;:&quot;Canned Apricots&quot;,&quot;count&quot;:&quot;3&quot;,&quot;className&quot;:&quot;&quot;},{&quot;url&quot;:&quot;http://shop.coles.com.au/online/SearchDisplay?searchTermScope=&amp;multiSearch=&amp;searchType=2&amp;maxPrice=&amp;showResultsPage=true&amp;langId=-1&amp;beginIndex=0&amp;sType=SimpleSearch&amp;metaData=&amp;browseView=true&amp;manufacturer=&amp;resultCatEntryType=&amp;catalogId=10576&amp;pageView=&amp;facet=ads_f8_ntk_cs%253ACanned%2BAsparagus&amp;minPrice=&amp;categoryId=25573&amp;storeId=10601&quot;,&quot;name&quot;:&quot;Canned Asparagus&quot;,&quot;count&quot;:&quot;6&quot;,&quot;className&quot;:&quot;&quot;},{&quot;url&quot;:&quot;http://shop.coles.com.au/online/SearchDisplay?searchTermScope=&amp;multiSearch=&amp;searchType=2&amp;maxPrice=&amp;showResultsPage=true&amp;langId=-1&amp;beginIndex=0&amp;sType=SimpleSearch&amp;metaData=&amp;browseView=true&amp;manufacturer=&amp;resultCatEntryType=&amp;catalogId=10576&amp;pageView=&amp;facet=ads_f8_ntk_cs%253ACanned%2BBeans&amp;minPrice=&amp;categoryId=25573&amp;storeId=10601&quot;,&quot;name&quot;:&quot;Canned Beans&quot;,&quot;count&quot;:&quot;28&quot;,&quot;className&quot;:&quot;&quot;},{&quot;url&quot;:&quot;http://shop.coles.com.au/online/SearchDisplay?searchTermScope=&amp;multiSearch=&amp;searchType=2&amp;maxPrice=&amp;showResultsPage=true&amp;langId=-1&amp;beginIndex=0&amp;sType=SimpleSearch&amp;metaData=&amp;browseView=true&amp;manufacturer=&amp;resultCatEntryType=&amp;catalogId=10576&amp;pageView=&amp;facet=ads_f8_ntk_cs%253ACanned%2BBeef&amp;minPrice=&amp;categoryId=25573&amp;storeId=10601&quot;,&quot;name&quot;:&quot;Canned Beef&quot;,&quot;count&quot;:&quot;7&quot;,&quot;className&quot;:&quot;&quot;},{&quot;url&quot;:&quot;http://shop.coles.com.au/online/SearchDisplay?searchTermScope=&amp;multiSearch=&amp;searchType=2&amp;maxPrice=&amp;showResultsPage=true&amp;langId=-1&amp;beginIndex=0&amp;sType=SimpleSearch&amp;metaData=&amp;browseView=true&amp;manufacturer=&amp;resultCatEntryType=&amp;catalogId=10576&amp;pageView=&amp;facet=ads_f8_ntk_cs%253ACanned%2BBerries&amp;minPrice=&amp;categoryId=25573&amp;storeId=10601&quot;,&quot;name&quot;:&quot;Canned Berries&quot;,&quot;count&quot;:&quot;6&quot;,&quot;className&quot;:&quot;&quot;},{&quot;url&quot;:&quot;http://shop.coles.com.au/online/SearchDisplay?searchTermScope=&amp;multiSearch=&amp;searchType=2&amp;maxPrice=&amp;showResultsPage=true&amp;langId=-1&amp;beginIndex=0&amp;sType=SimpleSearch&amp;metaData=&amp;browseView=true&amp;manufacturer=&amp;resultCatEntryType=&amp;catalogId=10576&amp;pageView=&amp;facet=ads_f8_ntk_cs%253ACanned%2BChicken&amp;minPrice=&amp;categoryId=25573&amp;storeId=10601&quot;,&quot;name&quot;:&quot;Canned Chicken&quot;,&quot;count&quot;:&quot;9&quot;,&quot;className&quot;:&quot;&quot;},{&quot;url&quot;:&quot;http://shop.coles.com.au/online/SearchDisplay?searchTermScope=&amp;multiSearch=&amp;searchType=2&amp;maxPrice=&amp;showResultsPage=true&amp;langId=-1&amp;beginIndex=0&amp;sType=SimpleSearch&amp;metaData=&amp;browseView=true&amp;manufacturer=&amp;resultCatEntryType=&amp;catalogId=10576&amp;pageView=&amp;facet=ads_f8_ntk_cs%253ACanned%2BHam&amp;minPrice=&amp;categoryId=25573&amp;storeId=10601&quot;,&quot;name&quot;:&quot;Canned Ham&quot;,&quot;count&quot;:&quot;10&quot;,&quot;className&quot;:&quot;&quot;},{&quot;url&quot;:&quot;http://shop.coles.com.au/online/SearchDisplay?searchTermScope=&amp;multiSearch=&amp;searchType=2&amp;maxPrice=&amp;showResultsPage=true&amp;langId=-1&amp;beginIndex=0&amp;sType=SimpleSearch&amp;metaData=&amp;browseView=true&amp;manufacturer=&amp;resultCatEntryType=&amp;catalogId=10576&amp;pageView=&amp;facet=ads_f8_ntk_cs%253ACanned%2BMangoes&amp;minPrice=&amp;categoryId=25573&amp;storeId=10601&quot;,&quot;name&quot;:&quot;Canned Mangoes&quot;,&quot;count&quot;:&quot;1&quot;,&quot;className&quot;:&quot;&quot;},{&quot;url&quot;:&quot;http://shop.coles.com.au/online/SearchDisplay?searchTermScope=&amp;multiSearch=&amp;searchType=2&amp;maxPrice=&amp;showResultsPage=true&amp;langId=-1&amp;beginIndex=0&amp;sType=SimpleSearch&amp;metaData=&amp;browseView=true&amp;manufacturer=&amp;resultCatEntryType=&amp;catalogId=10576&amp;pageView=&amp;facet=ads_f8_ntk_cs%253ACanned%2BMeat%2BMeals&amp;minPrice=&amp;categoryId=25573&amp;storeId=10601&quot;,&quot;name&quot;:&quot;Canned Meat Meals&quot;,&quot;count&quot;:&quot;22&quot;,&quot;className&quot;:&quot;&quot;},{&quot;url&quot;:&quot;http://shop.coles.com.au/online/SearchDisplay?searchTermScope=&amp;multiSearch=&amp;searchType=2&amp;maxPrice=&amp;showResultsPage=true&amp;langId=-1&amp;beginIndex=0&amp;sType=SimpleSearch&amp;metaData=&amp;browseView=true&amp;manufacturer=&amp;resultCatEntryType=&amp;catalogId=10576&amp;pageView=&amp;facet=ads_f8_ntk_cs%253ACanned%2BMushrooms&amp;minPrice=&amp;categoryId=25573&amp;storeId=10601&quot;,&quot;name&quot;:&quot;Canned Mushrooms&quot;,&quot;count&quot;:&quot;7&quot;,&quot;className&quot;:&quot;&quot;},{&quot;url&quot;:&quot;http://shop.coles.com.au/online/SearchDisplay?searchTermScope=&amp;multiSearch=&amp;searchType=2&amp;maxPrice=&amp;showResultsPage=true&amp;langId=-1&amp;beginIndex=0&amp;sType=SimpleSearch&amp;metaData=&amp;browseView=true&amp;manufacturer=&amp;resultCatEntryType=&amp;catalogId=10576&amp;pageView=&amp;facet=ads_f8_ntk_cs%253ACanned%2BPeaches&amp;minPrice=&amp;categoryId=25573&amp;storeId=10601&quot;,&quot;name&quot;:&quot;Canned Peaches&quot;,&quot;count&quot;:&quot;9&quot;,&quot;className&quot;:&quot;&quot;},{&quot;url&quot;:&quot;http://shop.coles.com.au/online/SearchDisplay?searchTermScope=&amp;multiSearch=&amp;searchType=2&amp;maxPrice=&amp;showResultsPage=true&amp;langId=-1&amp;beginIndex=0&amp;sType=SimpleSearch&amp;metaData=&amp;browseView=true&amp;manufacturer=&amp;resultCatEntryType=&amp;catalogId=10576&amp;pageView=&amp;facet=ads_f8_ntk_cs%253ACanned%2BPears&amp;minPrice=&amp;categoryId=25573&amp;storeId=10601&quot;,&quot;name&quot;:&quot;Canned Pears&quot;,&quot;count&quot;:&quot;3&quot;,&quot;className&quot;:&quot;&quot;},{&quot;url&quot;:&quot;http://shop.coles.com.au/online/SearchDisplay?searchTermScope=&amp;multiSearch=&amp;searchType=2&amp;maxPrice=&amp;showResultsPage=true&amp;langId=-1&amp;beginIndex=0&amp;sType=SimpleSearch&amp;metaData=&amp;browseView=true&amp;manufacturer=&amp;resultCatEntryType=&amp;catalogId=10576&amp;pageView=&amp;facet=ads_f8_ntk_cs%253ACanned%2BPeas&amp;minPrice=&amp;categoryId=25573&amp;storeId=10601&quot;,&quot;name&quot;:&quot;Canned Peas&quot;,&quot;count&quot;:&quot;7&quot;,&quot;className&quot;:&quot;&quot;},{&quot;url&quot;:&quot;http://shop.coles.com.au/online/SearchDisplay?searchTermScope=&amp;multiSearch=&amp;searchType=2&amp;maxPrice=&amp;showResultsPage=true&amp;langId=-1&amp;beginIndex=0&amp;sType=SimpleSearch&amp;metaData=&amp;browseView=true&amp;manufacturer=&amp;resultCatEntryType=&amp;catalogId=10576&amp;pageView=&amp;facet=ads_f8_ntk_cs%253ACanned%2BPineapple&amp;minPrice=&amp;categoryId=25573&amp;storeId=10601&quot;,&quot;name&quot;:&quot;Canned Pineapple&quot;,&quot;count&quot;:&quot;8&quot;,&quot;className&quot;:&quot;&quot;},{&quot;url&quot;:&quot;http://shop.coles.com.au/online/SearchDisplay?searchTermScope=&amp;multiSearch=&amp;searchType=2&amp;maxPrice=&amp;showResultsPage=true&amp;langId=-1&amp;beginIndex=0&amp;sType=SimpleSearch&amp;metaData=&amp;browseView=true&amp;manufacturer=&amp;resultCatEntryType=&amp;catalogId=10576&amp;pageView=&amp;facet=ads_f8_ntk_cs%253ACanned%2BPlums&amp;minPrice=&amp;categoryId=25573&amp;storeId=10601&quot;,&quot;name&quot;:&quot;Canned Plums&quot;,&quot;count&quot;:&quot;1&quot;,&quot;className&quot;:&quot;&quot;},{&quot;url&quot;:&quot;http://shop.coles.com.au/online/SearchDisplay?searchTermScope=&amp;multiSearch=&amp;searchType=2&amp;maxPrice=&amp;showResultsPage=true&amp;langId=-1&amp;beginIndex=0&amp;sType=SimpleSearch&amp;metaData=&amp;browseView=true&amp;manufacturer=&amp;resultCatEntryType=&amp;catalogId=10576&amp;pageView=&amp;facet=ads_f8_ntk_cs%253ACanned%2BSalmon&amp;minPrice=&amp;categoryId=25573&amp;storeId=10601&quot;,&quot;name&quot;:&quot;Canned Salmon&quot;,&quot;count&quot;:&quot;36&quot;,&quot;className&quot;:&quot;&quot;},{&quot;url&quot;:&quot;http://shop.coles.com.au/online/SearchDisplay?searchTermScope=&amp;multiSearch=&amp;searchType=2&amp;maxPrice=&amp;showResultsPage=true&amp;langId=-1&amp;beginIndex=0&amp;sType=SimpleSearch&amp;metaData=&amp;browseView=true&amp;manufacturer=&amp;resultCatEntryType=&amp;catalogId=10576&amp;pageView=&amp;facet=ads_f8_ntk_cs%253ACanned%2BSpaghetti&amp;minPrice=&amp;categoryId=25573&amp;storeId=10601&quot;,&quot;name&quot;:&quot;Canned Spaghetti&quot;,&quot;count&quot;:&quot;20&quot;,&quot;className&quot;:&quot;&quot;},{&quot;url&quot;:&quot;http://shop.coles.com.au/online/SearchDisplay?searchTermScope=&amp;multiSearch=&amp;searchType=2&amp;maxPrice=&amp;showResultsPage=true&amp;langId=-1&amp;beginIndex=0&amp;sType=SimpleSearch&amp;metaData=&amp;browseView=true&amp;manufacturer=&amp;resultCatEntryType=&amp;catalogId=10576&amp;pageView=&amp;facet=ads_f8_ntk_cs%253ACanned%2BTomatoes&amp;minPrice=&amp;categoryId=25573&amp;storeId=10601&quot;,&quot;name&quot;:&quot;Canned Tomatoes&quot;,&quot;count&quot;:&quot;24&quot;,&quot;className&quot;:&quot;&quot;},{&quot;url&quot;:&quot;http://shop.coles.com.au/online/SearchDisplay?searchTermScope=&amp;multiSearch=&amp;searchType=2&amp;maxPrice=&amp;showResultsPage=true&amp;langId=-1&amp;beginIndex=0&amp;sType=SimpleSearch&amp;metaData=&amp;browseView=true&amp;manufacturer=&amp;resultCatEntryType=&amp;catalogId=10576&amp;pageView=&amp;facet=ads_f8_ntk_cs%253ACanned%2BTuna&amp;minPrice=&amp;categoryId=25573&amp;storeId=10601&quot;,&quot;name&quot;:&quot;Canned Tuna&quot;,&quot;count&quot;:&quot;66&quot;,&quot;className&quot;:&quot;&quot;},{&quot;url&quot;:&quot;http://shop.coles.com.au/online/SearchDisplay?searchTermScope=&amp;multiSearch=&amp;searchType=2&amp;maxPrice=&amp;showResultsPage=true&amp;langId=-1&amp;beginIndex=0&amp;sType=SimpleSearch&amp;metaData=&amp;browseView=true&amp;manufacturer=&amp;resultCatEntryType=&amp;catalogId=10576&amp;pageView=&amp;facet=ads_f8_ntk_cs%253ACanned%2BVegetables&amp;minPrice=&amp;categoryId=25573&amp;storeId=10601&quot;,&quot;name&quot;:&quot;Canned Vegetables&quot;,&quot;count&quot;:&quot;15&quot;,&quot;className&quot;:&quot;&quot;},{&quot;url&quot;:&quot;http://shop.coles.com.au/online/SearchDisplay?searchTermScope=&amp;multiSearch=&amp;searchType=2&amp;maxPrice=&amp;showResultsPage=true&amp;langId=-1&amp;beginIndex=0&amp;sType=SimpleSearch&amp;metaData=&amp;browseView=true&amp;manufacturer=&amp;resultCatEntryType=&amp;catalogId=10576&amp;pageView=&amp;facet=ads_f8_ntk_cs%253ACannelloni&amp;minPrice=&amp;categoryId=25573&amp;storeId=10601&quot;,&quot;name&quot;:&quot;Cannelloni&quot;,&quot;count&quot;:&quot;2&quot;,&quot;className&quot;:&quot;&quot;},{&quot;url&quot;:&quot;http://shop.coles.com.au/online/SearchDisplay?searchTermScope=&amp;multiSearch=&amp;searchType=2&amp;maxPrice=&amp;showResultsPage=true&amp;langId=-1&amp;beginIndex=0&amp;sType=SimpleSearch&amp;metaData=&amp;browseView=true&amp;manufacturer=&amp;resultCatEntryType=&amp;catalogId=10576&amp;pageView=&amp;facet=ads_f8_ntk_cs%253ACanola%2BOil&amp;minPrice=&amp;categoryId=25573&amp;storeId=10601&quot;,&quot;name&quot;:&quot;Canola Oil&quot;,&quot;count&quot;:&quot;9&quot;,&quot;className&quot;:&quot;&quot;},{&quot;url&quot;:&quot;http://shop.coles.com.au/online/SearchDisplay?searchTermScope=&amp;multiSearch=&amp;searchType=2&amp;maxPrice=&amp;showResultsPage=true&amp;langId=-1&amp;beginIndex=0&amp;sType=SimpleSearch&amp;metaData=&amp;browseView=true&amp;manufacturer=&amp;resultCatEntryType=&amp;catalogId=10576&amp;pageView=&amp;facet=ads_f8_ntk_cs%253ACapers&amp;minPrice=&amp;categoryId=25573&amp;storeId=10601&quot;,&quot;name&quot;:&quot;Capers&quot;,&quot;count&quot;:&quot;3&quot;,&quot;className&quot;:&quot;&quot;},{&quot;url&quot;:&quot;http://shop.coles.com.au/online/SearchDisplay?searchTermScope=&amp;multiSearch=&amp;searchType=2&amp;maxPrice=&amp;showResultsPage=true&amp;langId=-1&amp;beginIndex=0&amp;sType=SimpleSearch&amp;metaData=&amp;browseView=true&amp;manufacturer=&amp;resultCatEntryType=&amp;catalogId=10576&amp;pageView=&amp;facet=ads_f8_ntk_cs%253ACapsicum&amp;minPrice=&amp;categoryId=25573&amp;storeId=10601&quot;,&quot;name&quot;:&quot;Capsicum&quot;,&quot;count&quot;:&quot;2&quot;,&quot;className&quot;:&quot;&quot;},{&quot;url&quot;:&quot;http://shop.coles.com.au/online/SearchDisplay?searchTermScope=&amp;multiSearch=&amp;searchType=2&amp;maxPrice=&amp;showResultsPage=true&amp;langId=-1&amp;beginIndex=0&amp;sType=SimpleSearch&amp;metaData=&amp;browseView=true&amp;manufacturer=&amp;resultCatEntryType=&amp;catalogId=10576&amp;pageView=&amp;facet=ads_f8_ntk_cs%253ACapsules&amp;minPrice=&amp;categoryId=25573&amp;storeId=10601&quot;,&quot;name&quot;:&quot;Capsules&quot;,&quot;count&quot;:&quot;20&quot;,&quot;className&quot;:&quot;&quot;},{&quot;url&quot;:&quot;http://shop.coles.com.au/online/SearchDisplay?searchTermScope=&amp;multiSearch=&amp;searchType=2&amp;maxPrice=&amp;showResultsPage=true&amp;langId=-1&amp;beginIndex=0&amp;sType=SimpleSearch&amp;metaData=&amp;browseView=true&amp;manufacturer=&amp;resultCatEntryType=&amp;catalogId=10576&amp;pageView=&amp;facet=ads_f8_ntk_cs%253ACaraway%2BSeed&amp;minPrice=&amp;categoryId=25573&amp;storeId=10601&quot;,&quot;name&quot;:&quot;Caraway Seed&quot;,&quot;count&quot;:&quot;2&quot;,&quot;className&quot;:&quot;&quot;},{&quot;url&quot;:&quot;http://shop.coles.com.au/online/SearchDisplay?searchTermScope=&amp;multiSearch=&amp;searchType=2&amp;maxPrice=&amp;showResultsPage=true&amp;langId=-1&amp;beginIndex=0&amp;sType=SimpleSearch&amp;metaData=&amp;browseView=true&amp;manufacturer=&amp;resultCatEntryType=&amp;catalogId=10576&amp;pageView=&amp;facet=ads_f8_ntk_cs%253ACardamon&amp;minPrice=&amp;categoryId=25573&amp;storeId=10601&quot;,&quot;name&quot;:&quot;Cardamon&quot;,&quot;count&quot;:&quot;8&quot;,&quot;className&quot;:&quot;&quot;},{&quot;url&quot;:&quot;http://shop.coles.com.au/online/SearchDisplay?searchTermScope=&amp;multiSearch=&amp;searchType=2&amp;maxPrice=&amp;showResultsPage=true&amp;langId=-1&amp;beginIndex=0&amp;sType=SimpleSearch&amp;metaData=&amp;browseView=true&amp;manufacturer=&amp;resultCatEntryType=&amp;catalogId=10576&amp;pageView=&amp;facet=ads_f8_ntk_cs%253ACashews&amp;minPrice=&amp;categoryId=25573&amp;storeId=10601&quot;,&quot;name&quot;:&quot;Cashews&quot;,&quot;count&quot;:&quot;9&quot;,&quot;className&quot;:&quot;&quot;},{&quot;url&quot;:&quot;http://shop.coles.com.au/online/SearchDisplay?searchTermScope=&amp;multiSearch=&amp;searchType=2&amp;maxPrice=&amp;showResultsPage=true&amp;langId=-1&amp;beginIndex=0&amp;sType=SimpleSearch&amp;metaData=&amp;browseView=true&amp;manufacturer=&amp;resultCatEntryType=&amp;catalogId=10576&amp;pageView=&amp;facet=ads_f8_ntk_cs%253ACaster%2BSugar&amp;minPrice=&amp;categoryId=25573&amp;storeId=10601&quot;,&quot;name&quot;:&quot;Caster Sugar&quot;,&quot;count&quot;:&quot;5&quot;,&quot;className&quot;:&quot;&quot;},{&quot;url&quot;:&quot;http://shop.coles.com.au/online/SearchDisplay?searchTermScope=&amp;multiSearch=&amp;searchType=2&amp;maxPrice=&amp;showResultsPage=true&amp;langId=-1&amp;beginIndex=0&amp;sType=SimpleSearch&amp;metaData=&amp;browseView=true&amp;manufacturer=&amp;resultCatEntryType=&amp;catalogId=10576&amp;pageView=&amp;facet=ads_f8_ntk_cs%253ACayenne&amp;minPrice=&amp;categoryId=25573&amp;storeId=10601&quot;,&quot;name&quot;:&quot;Cayenne&quot;,&quot;count&quot;:&quot;2&quot;,&quot;className&quot;:&quot;&quot;},{&quot;url&quot;:&quot;http://shop.coles.com.au/online/SearchDisplay?searchTermScope=&amp;multiSearch=&amp;searchType=2&amp;maxPrice=&amp;showResultsPage=true&amp;langId=-1&amp;beginIndex=0&amp;sType=SimpleSearch&amp;metaData=&amp;browseView=true&amp;manufacturer=&amp;resultCatEntryType=&amp;catalogId=10576&amp;pageView=&amp;facet=ads_f8_ntk_cs%253ACereal%2B%2526%2BMuesli&amp;minPrice=&amp;categoryId=25573&amp;storeId=10601&quot;,&quot;name&quot;:&quot;Cereal &amp; Muesli&quot;,&quot;count&quot;:&quot;40&quot;,&quot;className&quot;:&quot;&quot;},{&quot;url&quot;:&quot;http://shop.coles.com.au/online/SearchDisplay?searchTermScope=&amp;multiSearch=&amp;searchType=2&amp;maxPrice=&amp;showResultsPage=true&amp;langId=-1&amp;beginIndex=0&amp;sType=SimpleSearch&amp;metaData=&amp;browseView=true&amp;manufacturer=&amp;resultCatEntryType=&amp;catalogId=10576&amp;pageView=&amp;facet=ads_f8_ntk_cs%253AChai%2BTeas&amp;minPrice=&amp;categoryId=25573&amp;storeId=10601&quot;,&quot;name&quot;:&quot;Chai Teas&quot;,&quot;count&quot;:&quot;11&quot;,&quot;className&quot;:&quot;&quot;},{&quot;url&quot;:&quot;http://shop.coles.com.au/online/SearchDisplay?searchTermScope=&amp;multiSearch=&amp;searchType=2&amp;maxPrice=&amp;showResultsPage=true&amp;langId=-1&amp;beginIndex=0&amp;sType=SimpleSearch&amp;metaData=&amp;browseView=true&amp;manufacturer=&amp;resultCatEntryType=&amp;catalogId=10576&amp;pageView=&amp;facet=ads_f8_ntk_cs%253ACheese%2BChips&amp;minPrice=&amp;categoryId=25573&amp;storeId=10601&quot;,&quot;name&quot;:&quot;Cheese Chips&quot;,&quot;count&quot;:&quot;17&quot;,&quot;className&quot;:&quot;&quot;},{&quot;url&quot;:&quot;http://shop.coles.com.au/online/SearchDisplay?searchTermScope=&amp;multiSearch=&amp;searchType=2&amp;maxPrice=&amp;showResultsPage=true&amp;langId=-1&amp;beginIndex=0&amp;sType=SimpleSearch&amp;metaData=&amp;browseView=true&amp;manufacturer=&amp;resultCatEntryType=&amp;catalogId=10576&amp;pageView=&amp;facet=ads_f8_ntk_cs%253ACheese%2BSpread&amp;minPrice=&amp;categoryId=25573&amp;storeId=10601&quot;,&quot;name&quot;:&quot;Cheese Spread&quot;,&quot;count&quot;:&quot;8&quot;,&quot;className&quot;:&quot;&quot;},{&quot;url&quot;:&quot;http://shop.coles.com.au/online/SearchDisplay?searchTermScope=&amp;multiSearch=&amp;searchType=2&amp;maxPrice=&amp;showResultsPage=true&amp;langId=-1&amp;beginIndex=0&amp;sType=SimpleSearch&amp;metaData=&amp;browseView=true&amp;manufacturer=&amp;resultCatEntryType=&amp;catalogId=10576&amp;pageView=&amp;facet=ads_f8_ntk_cs%253ACherry%2BJam&amp;minPrice=&amp;categoryId=25573&amp;storeId=10601&quot;,&quot;name&quot;:&quot;Cherry Jam&quot;,&quot;count&quot;:&quot;2&quot;,&quot;className&quot;:&quot;&quot;},{&quot;url&quot;:&quot;http://shop.coles.com.au/online/SearchDisplay?searchTermScope=&amp;multiSearch=&amp;searchType=2&amp;maxPrice=&amp;showResultsPage=true&amp;langId=-1&amp;beginIndex=0&amp;sType=SimpleSearch&amp;metaData=&amp;browseView=true&amp;manufacturer=&amp;resultCatEntryType=&amp;catalogId=10576&amp;pageView=&amp;facet=ads_f8_ntk_cs%253AChewing%2B%2526%2BBubblegum&amp;minPrice=&amp;categoryId=25573&amp;storeId=10601&quot;,&quot;name&quot;:&quot;Chewing &amp; Bubblegum&quot;,&quot;count&quot;:&quot;35&quot;,&quot;className&quot;:&quot;&quot;},{&quot;url&quot;:&quot;http://shop.coles.com.au/online/SearchDisplay?searchTermScope=&amp;multiSearch=&amp;searchType=2&amp;maxPrice=&amp;showResultsPage=true&amp;langId=-1&amp;beginIndex=0&amp;sType=SimpleSearch&amp;metaData=&amp;browseView=true&amp;manufacturer=&amp;resultCatEntryType=&amp;catalogId=10576&amp;pageView=&amp;facet=ads_f8_ntk_cs%253AChews&amp;minPrice=&amp;categoryId=25573&amp;storeId=10601&quot;,&quot;name&quot;:&quot;Chews&quot;,&quot;count&quot;:&quot;22&quot;,&quot;className&quot;:&quot;&quot;},{&quot;url&quot;:&quot;http://shop.coles.com.au/online/SearchDisplay?searchTermScope=&amp;multiSearch=&amp;searchType=2&amp;maxPrice=&amp;showResultsPage=true&amp;langId=-1&amp;beginIndex=0&amp;sType=SimpleSearch&amp;metaData=&amp;browseView=true&amp;manufacturer=&amp;resultCatEntryType=&amp;catalogId=10576&amp;pageView=&amp;facet=ads_f8_ntk_cs%253AChicken%2BChips&amp;minPrice=&amp;categoryId=25573&amp;storeId=10601&quot;,&quot;name&quot;:&quot;Chicken Chips&quot;,&quot;count&quot;:&quot;12&quot;,&quot;className&quot;:&quot;&quot;},{&quot;url&quot;:&quot;http://shop.coles.com.au/online/SearchDisplay?searchTermScope=&amp;multiSearch=&amp;searchType=2&amp;maxPrice=&amp;showResultsPage=true&amp;langId=-1&amp;beginIndex=0&amp;sType=SimpleSearch&amp;metaData=&amp;browseView=true&amp;manufacturer=&amp;resultCatEntryType=&amp;catalogId=10576&amp;pageView=&amp;facet=ads_f8_ntk_cs%253AChicken%2BMeals&amp;minPrice=&amp;categoryId=25573&amp;storeId=10601&quot;,&quot;name&quot;:&quot;Chicken Meals&quot;,&quot;count&quot;:&quot;1&quot;,&quot;className&quot;:&quot;&quot;},{&quot;url&quot;:&quot;http://shop.coles.com.au/online/SearchDisplay?searchTermScope=&amp;multiSearch=&amp;searchType=2&amp;maxPrice=&amp;showResultsPage=true&amp;langId=-1&amp;beginIndex=0&amp;sType=SimpleSearch&amp;metaData=&amp;browseView=true&amp;manufacturer=&amp;resultCatEntryType=&amp;catalogId=10576&amp;pageView=&amp;facet=ads_f8_ntk_cs%253AChicken%2BSauces&amp;minPrice=&amp;categoryId=25573&amp;storeId=10601&quot;,&quot;name&quot;:&quot;Chicken Sauces&quot;,&quot;count&quot;:&quot;8&quot;,&quot;className&quot;:&quot;&quot;},{&quot;url&quot;:&quot;http://shop.coles.com.au/online/SearchDisplay?searchTermScope=&amp;multiSearch=&amp;searchType=2&amp;maxPrice=&amp;showResultsPage=true&amp;langId=-1&amp;beginIndex=0&amp;sType=SimpleSearch&amp;metaData=&amp;browseView=true&amp;manufacturer=&amp;resultCatEntryType=&amp;catalogId=10576&amp;pageView=&amp;facet=ads_f8_ntk_cs%253AChicken%2BSoup&amp;minPrice=&amp;categoryId=25573&amp;storeId=10601&quot;,&quot;name&quot;:&quot;Chicken Soup&quot;,&quot;count&quot;:&quot;40&quot;,&quot;className&quot;:&quot;&quot;},{&quot;url&quot;:&quot;http://shop.coles.com.au/online/SearchDisplay?searchTermScope=&amp;multiSearch=&amp;searchType=2&amp;maxPrice=&amp;showResultsPage=true&amp;langId=-1&amp;beginIndex=0&amp;sType=SimpleSearch&amp;metaData=&amp;browseView=true&amp;manufacturer=&amp;resultCatEntryType=&amp;catalogId=10576&amp;pageView=&amp;facet=ads_f8_ntk_cs%253AChicken%2BStock&amp;minPrice=&amp;categoryId=25573&amp;storeId=10601&quot;,&quot;name&quot;:&quot;Chicken Stock&quot;,&quot;count&quot;:&quot;19&quot;,&quot;className&quot;:&quot;&quot;},{&quot;url&quot;:&quot;http://shop.coles.com.au/online/SearchDisplay?searchTermScope=&amp;multiSearch=&amp;searchType=2&amp;maxPrice=&amp;showResultsPage=true&amp;langId=-1&amp;beginIndex=0&amp;sType=SimpleSearch&amp;metaData=&amp;browseView=true&amp;manufacturer=&amp;resultCatEntryType=&amp;catalogId=10576&amp;pageView=&amp;facet=ads_f8_ntk_cs%253AChickpeas&amp;minPrice=&amp;categoryId=25573&amp;storeId=10601&quot;,&quot;name&quot;:&quot;Chickpeas&quot;,&quot;count&quot;:&quot;5&quot;,&quot;className&quot;:&quot;&quot;},{&quot;url&quot;:&quot;http://shop.coles.com.au/online/SearchDisplay?searchTermScope=&amp;multiSearch=&amp;searchType=2&amp;maxPrice=&amp;showResultsPage=true&amp;langId=-1&amp;beginIndex=0&amp;sType=SimpleSearch&amp;metaData=&amp;browseView=true&amp;manufacturer=&amp;resultCatEntryType=&amp;catalogId=10576&amp;pageView=&amp;facet=ads_f8_ntk_cs%253AChilli&amp;minPrice=&amp;categoryId=25573&amp;storeId=10601&quot;,&quot;name&quot;:&quot;Chilli&quot;,&quot;count&quot;:&quot;13&quot;,&quot;className&quot;:&quot;&quot;},{&quot;url&quot;:&quot;http://shop.coles.com.au/online/SearchDisplay?searchTermScope=&amp;multiSearch=&amp;searchType=2&amp;maxPrice=&amp;showResultsPage=true&amp;langId=-1&amp;beginIndex=0&amp;sType=SimpleSearch&amp;metaData=&amp;browseView=true&amp;manufacturer=&amp;resultCatEntryType=&amp;catalogId=10576&amp;pageView=&amp;facet=ads_f8_ntk_cs%253AChilli%2BChips&amp;minPrice=&amp;categoryId=25573&amp;storeId=10601&quot;,&quot;name&quot;:&quot;Chilli Chips&quot;,&quot;count&quot;:&quot;4&quot;,&quot;className&quot;:&quot;&quot;},{&quot;url&quot;:&quot;http://shop.coles.com.au/online/SearchDisplay?searchTermScope=&amp;multiSearch=&amp;searchType=2&amp;maxPrice=&amp;showResultsPage=true&amp;langId=-1&amp;beginIndex=0&amp;sType=SimpleSearch&amp;metaData=&amp;browseView=true&amp;manufacturer=&amp;resultCatEntryType=&amp;catalogId=10576&amp;pageView=&amp;facet=ads_f8_ntk_cs%253AChilli%2BPesto&amp;minPrice=&amp;categoryId=25573&amp;storeId=10601&quot;,&quot;name&quot;:&quot;Chilli Pesto&quot;,&quot;count&quot;:&quot;1&quot;,&quot;className&quot;:&quot;&quot;},{&quot;url&quot;:&quot;http://shop.coles.com.au/online/SearchDisplay?searchTermScope=&amp;multiSearch=&amp;searchType=2&amp;maxPrice=&amp;showResultsPage=true&amp;langId=-1&amp;beginIndex=0&amp;sType=SimpleSearch&amp;metaData=&amp;browseView=true&amp;manufacturer=&amp;resultCatEntryType=&amp;catalogId=10576&amp;pageView=&amp;facet=ads_f8_ntk_cs%253AChilli%2BSauce&amp;minPrice=&amp;categoryId=25573&amp;storeId=10601&quot;,&quot;name&quot;:&quot;Chilli Sauce&quot;,&quot;count&quot;:&quot;13&quot;,&quot;className&quot;:&quot;&quot;},{&quot;url&quot;:&quot;http://shop.coles.com.au/online/SearchDisplay?searchTermScope=&amp;multiSearch=&amp;searchType=2&amp;maxPrice=&amp;showResultsPage=true&amp;langId=-1&amp;beginIndex=0&amp;sType=SimpleSearch&amp;metaData=&amp;browseView=true&amp;manufacturer=&amp;resultCatEntryType=&amp;catalogId=10576&amp;pageView=&amp;facet=ads_f8_ntk_cs%253AChives&amp;minPrice=&amp;categoryId=25573&amp;storeId=10601&quot;,&quot;name&quot;:&quot;Chives&quot;,&quot;count&quot;:&quot;3&quot;,&quot;className&quot;:&quot;&quot;},{&quot;url&quot;:&quot;http://shop.coles.com.au/online/SearchDisplay?searchTermScope=&amp;multiSearch=&amp;searchType=2&amp;maxPrice=&amp;showResultsPage=true&amp;langId=-1&amp;beginIndex=0&amp;sType=SimpleSearch&amp;metaData=&amp;browseView=true&amp;manufacturer=&amp;resultCatEntryType=&amp;catalogId=10576&amp;pageView=&amp;facet=ads_f8_ntk_cs%253AChocolate%2BBars&amp;minPrice=&amp;categoryId=25573&amp;storeId=10601&quot;,&quot;name&quot;:&quot;Chocolate Bars&quot;,&quot;count&quot;:&quot;46&quot;,&quot;className&quot;:&quot;&quot;},{&quot;url&quot;:&quot;http://shop.coles.com.au/online/SearchDisplay?searchTermScope=&amp;multiSearch=&amp;searchType=2&amp;maxPrice=&amp;showResultsPage=true&amp;langId=-1&amp;beginIndex=0&amp;sType=SimpleSearch&amp;metaData=&amp;browseView=true&amp;manufacturer=&amp;resultCatEntryType=&amp;catalogId=10576&amp;pageView=&amp;facet=ads_f8_ntk_cs%253AChocolate%2BBiscuits&amp;minPrice=&amp;categoryId=25573&amp;storeId=10601&quot;,&quot;name&quot;:&quot;Chocolate Biscuits&quot;,&quot;count&quot;:&quot;37&quot;,&quot;className&quot;:&quot;&quot;},{&quot;url&quot;:&quot;http://shop.coles.com.au/online/SearchDisplay?searchTermScope=&amp;multiSearch=&amp;searchType=2&amp;maxPrice=&amp;showResultsPage=true&amp;langId=-1&amp;beginIndex=0&amp;sType=SimpleSearch&amp;metaData=&amp;browseView=true&amp;manufacturer=&amp;resultCatEntryType=&amp;catalogId=10576&amp;pageView=&amp;facet=ads_f8_ntk_cs%253AChocolate%2BBlocks&amp;minPrice=&amp;categoryId=25573&amp;storeId=10601&quot;,&quot;name&quot;:&quot;Chocolate Blocks&quot;,&quot;count&quot;:&quot;49&quot;,&quot;className&quot;:&quot;&quot;},{&quot;url&quot;:&quot;http://shop.coles.com.au/online/SearchDisplay?searchTermScope=&amp;multiSearch=&amp;searchType=2&amp;maxPrice=&amp;showResultsPage=true&amp;langId=-1&amp;beginIndex=0&amp;sType=SimpleSearch&amp;metaData=&amp;browseView=true&amp;manufacturer=&amp;resultCatEntryType=&amp;catalogId=10576&amp;pageView=&amp;facet=ads_f8_ntk_cs%253AChocolate%2BCake%2BMix&amp;minPrice=&amp;categoryId=25573&amp;storeId=10601&quot;,&quot;name&quot;:&quot;Chocolate Cake Mix&quot;,&quot;count&quot;:&quot;16&quot;,&quot;className&quot;:&quot;&quot;},{&quot;url&quot;:&quot;http://shop.coles.com.au/online/SearchDisplay?searchTermScope=&amp;multiSearch=&amp;searchType=2&amp;maxPrice=&amp;showResultsPage=true&amp;langId=-1&amp;beginIndex=0&amp;sType=SimpleSearch&amp;metaData=&amp;browseView=true&amp;manufacturer=&amp;resultCatEntryType=&amp;catalogId=10576&amp;pageView=&amp;facet=ads_f8_ntk_cs%253AChocolate%2BCoated&amp;minPrice=&amp;categoryId=25573&amp;storeId=10601&quot;,&quot;name&quot;:&quot;Chocolate Coated&quot;,&quot;count&quot;:&quot;33&quot;,&quot;className&quot;:&quot;&quot;},{&quot;url&quot;:&quot;http://shop.coles.com.au/online/SearchDisplay?searchTermScope=&amp;multiSearch=&amp;searchType=2&amp;maxPrice=&amp;showResultsPage=true&amp;langId=-1&amp;beginIndex=0&amp;sType=SimpleSearch&amp;metaData=&amp;browseView=true&amp;manufacturer=&amp;resultCatEntryType=&amp;catalogId=10576&amp;pageView=&amp;facet=ads_f8_ntk_cs%253AChocolate%2BDrinks&amp;minPrice=&amp;categoryId=25573&amp;storeId=10601&quot;,&quot;name&quot;:&quot;Chocolate Drinks&quot;,&quot;count&quot;:&quot;10&quot;,&quot;className&quot;:&quot;&quot;},{&quot;url&quot;:&quot;http://shop.coles.com.au/online/SearchDisplay?searchTermScope=&amp;multiSearch=&amp;searchType=2&amp;maxPrice=&amp;showResultsPage=true&amp;langId=-1&amp;beginIndex=0&amp;sType=SimpleSearch&amp;metaData=&amp;browseView=true&amp;manufacturer=&amp;resultCatEntryType=&amp;catalogId=10576&amp;pageView=&amp;facet=ads_f8_ntk_cs%253AChocolate%2BMilk%2BFlavouring&amp;minPrice=&amp;categoryId=25573&amp;storeId=10601&quot;,&quot;name&quot;:&quot;Chocolate Milk Flavouring&quot;,&quot;count&quot;:&quot;1&quot;,&quot;className&quot;:&quot;&quot;},{&quot;url&quot;:&quot;http://shop.coles.com.au/online/SearchDisplay?searchTermScope=&amp;multiSearch=&amp;searchType=2&amp;maxPrice=&amp;showResultsPage=true&amp;langId=-1&amp;beginIndex=0&amp;sType=SimpleSearch&amp;metaData=&amp;browseView=true&amp;manufacturer=&amp;resultCatEntryType=&amp;catalogId=10576&amp;pageView=&amp;facet=ads_f8_ntk_cs%253AChocolate%2BSnacks%2B%2526%2BMinis&amp;minPrice=&amp;categoryId=25573&amp;storeId=10601&quot;,&quot;name&quot;:&quot;Chocolate Snacks &amp; Minis&quot;,&quot;count&quot;:&quot;16&quot;,&quot;className&quot;:&quot;&quot;},{&quot;url&quot;:&quot;http://shop.coles.com.au/online/SearchDisplay?searchTermScope=&amp;multiSearch=&amp;searchType=2&amp;maxPrice=&amp;showResultsPage=true&amp;langId=-1&amp;beginIndex=0&amp;sType=SimpleSearch&amp;metaData=&amp;browseView=true&amp;manufacturer=&amp;resultCatEntryType=&amp;catalogId=10576&amp;pageView=&amp;facet=ads_f8_ntk_cs%253AChocolate%2BSpread&amp;minPrice=&amp;categoryId=25573&amp;storeId=10601&quot;,&quot;name&quot;:&quot;Chocolate Spread&quot;,&quot;count&quot;:&quot;9&quot;,&quot;className&quot;:&quot;&quot;},{&quot;url&quot;:&quot;http://shop.coles.com.au/online/SearchDisplay?searchTermScope=&amp;multiSearch=&amp;searchType=2&amp;maxPrice=&amp;showResultsPage=true&amp;langId=-1&amp;beginIndex=0&amp;sType=SimpleSearch&amp;metaData=&amp;browseView=true&amp;manufacturer=&amp;resultCatEntryType=&amp;catalogId=10576&amp;pageView=&amp;facet=ads_f8_ntk_cs%253AChunky%2BSoup&amp;minPrice=&amp;categoryId=25573&amp;storeId=10601&quot;,&quot;name&quot;:&quot;Chunky Soup&quot;,&quot;count&quot;:&quot;10&quot;,&quot;className&quot;:&quot;&quot;},{&quot;url&quot;:&quot;http://shop.coles.com.au/online/SearchDisplay?searchTermScope=&amp;multiSearch=&amp;searchType=2&amp;maxPrice=&amp;showResultsPage=true&amp;langId=-1&amp;beginIndex=0&amp;sType=SimpleSearch&amp;metaData=&amp;browseView=true&amp;manufacturer=&amp;resultCatEntryType=&amp;catalogId=10576&amp;pageView=&amp;facet=ads_f8_ntk_cs%253AChutney&amp;minPrice=&amp;categoryId=25573&amp;storeId=10601&quot;,&quot;name&quot;:&quot;Chutney&quot;,&quot;count&quot;:&quot;3&quot;,&quot;className&quot;:&quot;&quot;},{&quot;url&quot;:&quot;http://shop.coles.com.au/online/SearchDisplay?searchTermScope=&amp;multiSearch=&amp;searchType=2&amp;maxPrice=&amp;showResultsPage=true&amp;langId=-1&amp;beginIndex=0&amp;sType=SimpleSearch&amp;metaData=&amp;browseView=true&amp;manufacturer=&amp;resultCatEntryType=&amp;catalogId=10576&amp;pageView=&amp;facet=ads_f8_ntk_cs%253AChutnies%2B%2526%2BRelish&amp;minPrice=&amp;categoryId=25573&amp;storeId=10601&quot;,&quot;name&quot;:&quot;Chutnies &amp; Relish&quot;,&quot;count&quot;:&quot;2&quot;,&quot;className&quot;:&quot;&quot;},{&quot;url&quot;:&quot;http://shop.coles.com.au/online/SearchDisplay?searchTermScope=&amp;multiSearch=&amp;searchType=2&amp;maxPrice=&amp;showResultsPage=true&amp;langId=-1&amp;beginIndex=0&amp;sType=SimpleSearch&amp;metaData=&amp;browseView=true&amp;manufacturer=&amp;resultCatEntryType=&amp;catalogId=10576&amp;pageView=&amp;facet=ads_f8_ntk_cs%253ACinnamon&amp;minPrice=&amp;categoryId=25573&amp;storeId=10601&quot;,&quot;name&quot;:&quot;Cinnamon&quot;,&quot;count&quot;:&quot;7&quot;,&quot;className&quot;:&quot;&quot;},{&quot;url&quot;:&quot;http://shop.coles.com.au/online/SearchDisplay?searchTermScope=&amp;multiSearch=&amp;searchType=2&amp;maxPrice=&amp;showResultsPage=true&amp;langId=-1&amp;beginIndex=0&amp;sType=SimpleSearch&amp;metaData=&amp;browseView=true&amp;manufacturer=&amp;resultCatEntryType=&amp;catalogId=10576&amp;pageView=&amp;facet=ads_f8_ntk_cs%253ACloves&amp;minPrice=&amp;categoryId=25573&amp;storeId=10601&quot;,&quot;name&quot;:&quot;Cloves&quot;,&quot;count&quot;:&quot;5&quot;,&quot;className&quot;:&quot;&quot;},{&quot;url&quot;:&quot;http://shop.coles.com.au/online/SearchDisplay?searchTermScope=&amp;multiSearch=&amp;searchType=2&amp;maxPrice=&amp;showResultsPage=true&amp;langId=-1&amp;beginIndex=0&amp;sType=SimpleSearch&amp;metaData=&amp;browseView=true&amp;manufacturer=&amp;resultCatEntryType=&amp;catalogId=10576&amp;pageView=&amp;facet=ads_f8_ntk_cs%253ACocoa%2BPowder&amp;minPrice=&amp;categoryId=25573&amp;storeId=10601&quot;,&quot;name&quot;:&quot;Cocoa Powder&quot;,&quot;count&quot;:&quot;4&quot;,&quot;className&quot;:&quot;&quot;},{&quot;url&quot;:&quot;http://shop.coles.com.au/online/SearchDisplay?searchTermScope=&amp;multiSearch=&amp;searchType=2&amp;maxPrice=&amp;showResultsPage=true&amp;langId=-1&amp;beginIndex=0&amp;sType=SimpleSearch&amp;metaData=&amp;browseView=true&amp;manufacturer=&amp;resultCatEntryType=&amp;catalogId=10576&amp;pageView=&amp;facet=ads_f8_ntk_cs%253ACoconut&amp;minPrice=&amp;categoryId=25573&amp;storeId=10601&quot;,&quot;name&quot;:&quot;Coconut&quot;,&quot;count&quot;:&quot;7&quot;,&quot;className&quot;:&quot;&quot;},{&quot;url&quot;:&quot;http://shop.coles.com.au/online/SearchDisplay?searchTermScope=&amp;multiSearch=&amp;searchType=2&amp;maxPrice=&amp;showResultsPage=true&amp;langId=-1&amp;beginIndex=0&amp;sType=SimpleSearch&amp;metaData=&amp;browseView=true&amp;manufacturer=&amp;resultCatEntryType=&amp;catalogId=10576&amp;pageView=&amp;facet=ads_f8_ntk_cs%253ACoconut%2BCream%2B%2526%2BMilk&amp;minPrice=&amp;categoryId=25573&amp;storeId=10601&quot;,&quot;name&quot;:&quot;Coconut Cream &amp; Milk&quot;,&quot;count&quot;:&quot;1&quot;,&quot;className&quot;:&quot;&quot;},{&quot;url&quot;:&quot;http://shop.coles.com.au/online/SearchDisplay?searchTermScope=&amp;multiSearch=&amp;searchType=2&amp;maxPrice=&amp;showResultsPage=true&amp;langId=-1&amp;beginIndex=0&amp;sType=SimpleSearch&amp;metaData=&amp;browseView=true&amp;manufacturer=&amp;resultCatEntryType=&amp;catalogId=10576&amp;pageView=&amp;facet=ads_f8_ntk_cs%253ACoffee%2BBags&amp;minPrice=&amp;categoryId=25573&amp;storeId=10601&quot;,&quot;name&quot;:&quot;Coffee Bags&quot;,&quot;count&quot;:&quot;3&quot;,&quot;className&quot;:&quot;&quot;},{&quot;url&quot;:&quot;http://shop.coles.com.au/online/SearchDisplay?searchTermScope=&amp;multiSearch=&amp;searchType=2&amp;maxPrice=&amp;showResultsPage=true&amp;langId=-1&amp;beginIndex=0&amp;sType=SimpleSearch&amp;metaData=&amp;browseView=true&amp;manufacturer=&amp;resultCatEntryType=&amp;catalogId=10576&amp;pageView=&amp;facet=ads_f8_ntk_cs%253ACoffee%2BBeans&amp;minPrice=&amp;categoryId=25573&amp;storeId=10601&quot;,&quot;name&quot;:&quot;Coffee Beans&quot;,&quot;count&quot;:&quot;22&quot;,&quot;className&quot;:&quot;&quot;},{&quot;url&quot;:&quot;http://shop.coles.com.au/online/SearchDisplay?searchTermScope=&amp;multiSearch=&amp;searchType=2&amp;maxPrice=&amp;showResultsPage=true&amp;langId=-1&amp;beginIndex=0&amp;sType=SimpleSearch&amp;metaData=&amp;browseView=true&amp;manufacturer=&amp;resultCatEntryType=&amp;catalogId=10576&amp;pageView=&amp;facet=ads_f8_ntk_cs%253ACoffee%2BCups&amp;minPrice=&amp;categoryId=25573&amp;storeId=10601&quot;,&quot;name&quot;:&quot;Coffee Cups&quot;,&quot;count&quot;:&quot;2&quot;,&quot;className&quot;:&quot;&quot;},{&quot;url&quot;:&quot;http://shop.coles.com.au/online/SearchDisplay?searchTermScope=&amp;multiSearch=&amp;searchType=2&amp;maxPrice=&amp;showResultsPage=true&amp;langId=-1&amp;beginIndex=0&amp;sType=SimpleSearch&amp;metaData=&amp;browseView=true&amp;manufacturer=&amp;resultCatEntryType=&amp;catalogId=10576&amp;pageView=&amp;facet=ads_f8_ntk_cs%253ACoffee%2BDrinks&amp;minPrice=&amp;categoryId=25573&amp;storeId=10601&quot;,&quot;name&quot;:&quot;Coffee Drinks&quot;,&quot;count&quot;:&quot;2&quot;,&quot;className&quot;:&quot;&quot;},{&quot;url&quot;:&quot;http://shop.coles.com.au/online/SearchDisplay?searchTermScope=&amp;multiSearch=&amp;searchType=2&amp;maxPrice=&amp;showResultsPage=true&amp;langId=-1&amp;beginIndex=0&amp;sType=SimpleSearch&amp;metaData=&amp;browseView=true&amp;manufacturer=&amp;resultCatEntryType=&amp;catalogId=10576&amp;pageView=&amp;facet=ads_f8_ntk_cs%253ACoffee%2BMachines&amp;minPrice=&amp;categoryId=25573&amp;storeId=10601&quot;,&quot;name&quot;:&quot;Coffee Machines&quot;,&quot;count&quot;:&quot;1&quot;,&quot;className&quot;:&quot;&quot;},{&quot;url&quot;:&quot;http://shop.coles.com.au/online/SearchDisplay?searchTermScope=&amp;multiSearch=&amp;searchType=2&amp;maxPrice=&amp;showResultsPage=true&amp;langId=-1&amp;beginIndex=0&amp;sType=SimpleSearch&amp;metaData=&amp;browseView=true&amp;manufacturer=&amp;resultCatEntryType=&amp;catalogId=10576&amp;pageView=&amp;facet=ads_f8_ntk_cs%253ACoffee%2BMixes%252FBlends&amp;minPrice=&amp;categoryId=25573&amp;storeId=10601&quot;,&quot;name&quot;:&quot;Coffee Mixes/Blends&quot;,&quot;count&quot;:&quot;35&quot;,&quot;className&quot;:&quot;&quot;},{&quot;url&quot;:&quot;http://shop.coles.com.au/online/SearchDisplay?searchTermScope=&amp;multiSearch=&amp;searchType=2&amp;maxPrice=&amp;showResultsPage=true&amp;langId=-1&amp;beginIndex=0&amp;sType=SimpleSearch&amp;metaData=&amp;browseView=true&amp;manufacturer=&amp;resultCatEntryType=&amp;catalogId=10576&amp;pageView=&amp;facet=ads_f8_ntk_cs%253AColeslaw%2BSalad%2BDressing&amp;minPrice=&amp;categoryId=25573&amp;storeId=10601&quot;,&quot;name&quot;:&quot;Coleslaw Salad Dressing&quot;,&quot;count&quot;:&quot;2&quot;,&quot;className&quot;:&quot;&quot;},{&quot;url&quot;:&quot;http://shop.coles.com.au/online/SearchDisplay?searchTermScope=&amp;multiSearch=&amp;searchType=2&amp;maxPrice=&amp;showResultsPage=true&amp;langId=-1&amp;beginIndex=0&amp;sType=SimpleSearch&amp;metaData=&amp;browseView=true&amp;manufacturer=&amp;resultCatEntryType=&amp;catalogId=10576&amp;pageView=&amp;facet=ads_f8_ntk_cs%253ACondensed%2BMilk&amp;minPrice=&amp;categoryId=25573&amp;storeId=10601&quot;,&quot;name&quot;:&quot;Condensed Milk&quot;,&quot;count&quot;:&quot;3&quot;,&quot;className&quot;:&quot;&quot;},{&quot;url&quot;:&quot;http://shop.coles.com.au/online/SearchDisplay?searchTermScope=&amp;multiSearch=&amp;searchType=2&amp;maxPrice=&amp;showResultsPage=true&amp;langId=-1&amp;beginIndex=0&amp;sType=SimpleSearch&amp;metaData=&amp;browseView=true&amp;manufacturer=&amp;resultCatEntryType=&amp;catalogId=10576&amp;pageView=&amp;facet=ads_f8_ntk_cs%253ACookies%2BMix&amp;minPrice=&amp;categoryId=25573&amp;storeId=10601&quot;,&quot;name&quot;:&quot;Cookies Mix&quot;,&quot;count&quot;:&quot;8&quot;,&quot;className&quot;:&quot;&quot;},{&quot;url&quot;:&quot;http://shop.coles.com.au/online/SearchDisplay?searchTermScope=&amp;multiSearch=&amp;searchType=2&amp;maxPrice=&amp;showResultsPage=true&amp;langId=-1&amp;beginIndex=0&amp;sType=SimpleSearch&amp;metaData=&amp;browseView=true&amp;manufacturer=&amp;resultCatEntryType=&amp;catalogId=10576&amp;pageView=&amp;facet=ads_f8_ntk_cs%253ACooking&amp;minPrice=&amp;categoryId=25573&amp;storeId=10601&quot;,&quot;name&quot;:&quot;Cooking&quot;,&quot;count&quot;:&quot;15&quot;,&quot;className&quot;:&quot;&quot;},{&quot;url&quot;:&quot;http://shop.coles.com.au/online/SearchDisplay?searchTermScope=&amp;multiSearch=&amp;searchType=2&amp;maxPrice=&amp;showResultsPage=true&amp;langId=-1&amp;beginIndex=0&amp;sType=SimpleSearch&amp;metaData=&amp;browseView=true&amp;manufacturer=&amp;resultCatEntryType=&amp;catalogId=10576&amp;pageView=&amp;facet=ads_f8_ntk_cs%253ACooking%2BComponents&amp;minPrice=&amp;categoryId=25573&amp;storeId=10601&quot;,&quot;name&quot;:&quot;Cooking Components&quot;,&quot;count&quot;:&quot;15&quot;,&quot;className&quot;:&quot;&quot;},{&quot;url&quot;:&quot;http://shop.coles.com.au/online/SearchDisplay?searchTermScope=&amp;multiSearch=&amp;searchType=2&amp;maxPrice=&amp;showResultsPage=true&amp;langId=-1&amp;beginIndex=0&amp;sType=SimpleSearch&amp;metaData=&amp;browseView=true&amp;manufacturer=&amp;resultCatEntryType=&amp;catalogId=10576&amp;pageView=&amp;facet=ads_f8_ntk_cs%253ACooking%2BIngredients&amp;minPrice=&amp;categoryId=25573&amp;storeId=10601&quot;,&quot;name&quot;:&quot;Cooking Ingredients&quot;,&quot;count&quot;:&quot;16&quot;,&quot;className&quot;:&quot;&quot;},{&quot;url&quot;:&quot;http://shop.coles.com.au/online/SearchDisplay?searchTermScope=&amp;multiSearch=&amp;searchType=2&amp;maxPrice=&amp;showResultsPage=true&amp;langId=-1&amp;beginIndex=0&amp;sType=SimpleSearch&amp;metaData=&amp;browseView=true&amp;manufacturer=&amp;resultCatEntryType=&amp;catalogId=10576&amp;pageView=&amp;facet=ads_f8_ntk_cs%253ACooking%2BNoodles&amp;minPrice=&amp;categoryId=25573&amp;storeId=10601&quot;,&quot;name&quot;:&quot;Cooking Noodles&quot;,&quot;count&quot;:&quot;19&quot;,&quot;className&quot;:&quot;&quot;},{&quot;url&quot;:&quot;http://shop.coles.com.au/online/SearchDisplay?searchTermScope=&amp;multiSearch=&amp;searchType=2&amp;maxPrice=&amp;showResultsPage=true&amp;langId=-1&amp;beginIndex=0&amp;sType=SimpleSearch&amp;metaData=&amp;browseView=true&amp;manufacturer=&amp;resultCatEntryType=&amp;catalogId=10576&amp;pageView=&amp;facet=ads_f8_ntk_cs%253ACooking%2BSauces&amp;minPrice=&amp;categoryId=25573&amp;storeId=10601&quot;,&quot;name&quot;:&quot;Cooking Sauces&quot;,&quot;count&quot;:&quot;51&quot;,&quot;className&quot;:&quot;&quot;},{&quot;url&quot;:&quot;http://shop.coles.com.au/online/SearchDisplay?searchTermScope=&amp;multiSearch=&amp;searchType=2&amp;maxPrice=&amp;showResultsPage=true&amp;langId=-1&amp;beginIndex=0&amp;sType=SimpleSearch&amp;metaData=&amp;browseView=true&amp;manufacturer=&amp;resultCatEntryType=&amp;catalogId=10576&amp;pageView=&amp;facet=ads_f8_ntk_cs%253ACoriander&amp;minPrice=&amp;categoryId=25573&amp;storeId=10601&quot;,&quot;name&quot;:&quot;Coriander&quot;,&quot;count&quot;:&quot;7&quot;,&quot;className&quot;:&quot;&quot;},{&quot;url&quot;:&quot;http://shop.coles.com.au/online/SearchDisplay?searchTermScope=&amp;multiSearch=&amp;searchType=2&amp;maxPrice=&amp;showResultsPage=true&amp;langId=-1&amp;beginIndex=0&amp;sType=SimpleSearch&amp;metaData=&amp;browseView=true&amp;manufacturer=&amp;resultCatEntryType=&amp;catalogId=10576&amp;pageView=&amp;facet=ads_f8_ntk_cs%253ACorn%2B%2526%2BCarrots&amp;minPrice=&amp;categoryId=25573&amp;storeId=10601&quot;,&quot;name&quot;:&quot;Corn &amp; Carrots&quot;,&quot;count&quot;:&quot;24&quot;,&quot;className&quot;:&quot;&quot;},{&quot;url&quot;:&quot;http://shop.coles.com.au/online/SearchDisplay?searchTermScope=&amp;multiSearch=&amp;searchType=2&amp;maxPrice=&amp;showResultsPage=true&amp;langId=-1&amp;beginIndex=0&amp;sType=SimpleSearch&amp;metaData=&amp;browseView=true&amp;manufacturer=&amp;resultCatEntryType=&amp;catalogId=10576&amp;pageView=&amp;facet=ads_f8_ntk_cs%253ACorn%2B%2526%2BRice%2BCakes&amp;minPrice=&amp;categoryId=25573&amp;storeId=10601&quot;,&quot;name&quot;:&quot;Corn &amp; Rice Cakes&quot;,&quot;count&quot;:&quot;16&quot;,&quot;className&quot;:&quot;&quot;},{&quot;url&quot;:&quot;http://shop.coles.com.au/online/SearchDisplay?searchTermScope=&amp;multiSearch=&amp;searchType=2&amp;maxPrice=&amp;showResultsPage=true&amp;langId=-1&amp;beginIndex=0&amp;sType=SimpleSearch&amp;metaData=&amp;browseView=true&amp;manufacturer=&amp;resultCatEntryType=&amp;catalogId=10576&amp;pageView=&amp;facet=ads_f8_ntk_cs%253ACorn%2BCereals&amp;minPrice=&amp;categoryId=25573&amp;storeId=10601&quot;,&quot;name&quot;:&quot;Corn Cereals&quot;,&quot;count&quot;:&quot;3&quot;,&quot;className&quot;:&quot;&quot;},{&quot;url&quot;:&quot;http://shop.coles.com.au/online/SearchDisplay?searchTermScope=&amp;multiSearch=&amp;searchType=2&amp;maxPrice=&amp;showResultsPage=true&amp;langId=-1&amp;beginIndex=0&amp;sType=SimpleSearch&amp;metaData=&amp;browseView=true&amp;manufacturer=&amp;resultCatEntryType=&amp;catalogId=10576&amp;pageView=&amp;facet=ads_f8_ntk_cs%253ACorn%2BChips&amp;minPrice=&amp;categoryId=25573&amp;storeId=10601&quot;,&quot;name&quot;:&quot;Corn Chips&quot;,&quot;count&quot;:&quot;12&quot;,&quot;className&quot;:&quot;&quot;},{&quot;url&quot;:&quot;http://shop.coles.com.au/online/SearchDisplay?searchTermScope=&amp;multiSearch=&amp;searchType=2&amp;maxPrice=&amp;showResultsPage=true&amp;langId=-1&amp;beginIndex=0&amp;sType=SimpleSearch&amp;metaData=&amp;browseView=true&amp;manufacturer=&amp;resultCatEntryType=&amp;catalogId=10576&amp;pageView=&amp;facet=ads_f8_ntk_cs%253ACornflour&amp;minPrice=&amp;categoryId=25573&amp;storeId=10601&quot;,&quot;name&quot;:&quot;Cornflour&quot;,&quot;count&quot;:&quot;3&quot;,&quot;className&quot;:&quot;&quot;},{&quot;url&quot;:&quot;http://shop.coles.com.au/online/SearchDisplay?searchTermScope=&amp;multiSearch=&amp;searchType=2&amp;maxPrice=&amp;showResultsPage=true&amp;langId=-1&amp;beginIndex=0&amp;sType=SimpleSearch&amp;metaData=&amp;browseView=true&amp;manufacturer=&amp;resultCatEntryType=&amp;catalogId=10576&amp;pageView=&amp;facet=ads_f8_ntk_cs%253ACous%2BCous%2B%2526%2BGrains&amp;minPrice=&amp;categoryId=25573&amp;storeId=10601&quot;,&quot;name&quot;:&quot;Cous Cous &amp; Grains&quot;,&quot;count&quot;:&quot;10&quot;,&quot;className&quot;:&quot;&quot;},{&quot;url&quot;:&quot;http://shop.coles.com.au/online/SearchDisplay?searchTermScope=&amp;multiSearch=&amp;searchType=2&amp;maxPrice=&amp;showResultsPage=true&amp;langId=-1&amp;beginIndex=0&amp;sType=SimpleSearch&amp;metaData=&amp;browseView=true&amp;manufacturer=&amp;resultCatEntryType=&amp;catalogId=10576&amp;pageView=&amp;facet=ads_f8_ntk_cs%253ACrackers%2B%2526%2BBiscuits&amp;minPrice=&amp;categoryId=25573&amp;storeId=10601&quot;,&quot;name&quot;:&quot;Crackers &amp; Biscuits&quot;,&quot;count&quot;:&quot;33&quot;,&quot;className&quot;:&quot;&quot;},{&quot;url&quot;:&quot;http://shop.coles.com.au/online/SearchDisplay?searchTermScope=&amp;multiSearch=&amp;searchType=2&amp;maxPrice=&amp;showResultsPage=true&amp;langId=-1&amp;beginIndex=0&amp;sType=SimpleSearch&amp;metaData=&amp;browseView=true&amp;manufacturer=&amp;resultCatEntryType=&amp;catalogId=10576&amp;pageView=&amp;facet=ads_f8_ntk_cs%253ACrackers%2B%2526%2BCrispbread&amp;minPrice=&amp;categoryId=25573&amp;storeId=10601&quot;,&quot;name&quot;:&quot;Crackers &amp; Crispbread&quot;,&quot;count&quot;:&quot;80&quot;,&quot;className&quot;:&quot;&quot;},{&quot;url&quot;:&quot;http://shop.coles.com.au/online/SearchDisplay?searchTermScope=&amp;multiSearch=&amp;searchType=2&amp;maxPrice=&amp;showResultsPage=true&amp;langId=-1&amp;beginIndex=0&amp;sType=SimpleSearch&amp;metaData=&amp;browseView=true&amp;manufacturer=&amp;resultCatEntryType=&amp;catalogId=10576&amp;pageView=&amp;facet=ads_f8_ntk_cs%253ACream%2B%2526%2BPlain%2BBiscuits&amp;minPrice=&amp;categoryId=25573&amp;storeId=10601&quot;,&quot;name&quot;:&quot;Cream &amp; Plain Biscuits&quot;,&quot;count&quot;:&quot;99&quot;,&quot;className&quot;:&quot;&quot;},{&quot;url&quot;:&quot;http://shop.coles.com.au/online/SearchDisplay?searchTermScope=&amp;multiSearch=&amp;searchType=2&amp;maxPrice=&amp;showResultsPage=true&amp;langId=-1&amp;beginIndex=0&amp;sType=SimpleSearch&amp;metaData=&amp;browseView=true&amp;manufacturer=&amp;resultCatEntryType=&amp;catalogId=10576&amp;pageView=&amp;facet=ads_f8_ntk_cs%253ACream%2BBased%2BSauces&amp;minPrice=&amp;categoryId=25573&amp;storeId=10601&quot;,&quot;name&quot;:&quot;Cream Based Sauces&quot;,&quot;count&quot;:&quot;21&quot;,&quot;className&quot;:&quot;&quot;},{&quot;url&quot;:&quot;http://shop.coles.com.au/online/SearchDisplay?searchTermScope=&amp;multiSearch=&amp;searchType=2&amp;maxPrice=&amp;showResultsPage=true&amp;langId=-1&amp;beginIndex=0&amp;sType=SimpleSearch&amp;metaData=&amp;browseView=true&amp;manufacturer=&amp;resultCatEntryType=&amp;catalogId=10576&amp;pageView=&amp;facet=ads_f8_ntk_cs%253ACreamy%2BSoup&amp;minPrice=&amp;categoryId=25573&amp;storeId=10601&quot;,&quot;name&quot;:&quot;Creamy Soup&quot;,&quot;count&quot;:&quot;13&quot;,&quot;className&quot;:&quot;&quot;},{&quot;url&quot;:&quot;http://shop.coles.com.au/online/SearchDisplay?searchTermScope=&amp;multiSearch=&amp;searchType=2&amp;maxPrice=&amp;showResultsPage=true&amp;langId=-1&amp;beginIndex=0&amp;sType=SimpleSearch&amp;metaData=&amp;browseView=true&amp;manufacturer=&amp;resultCatEntryType=&amp;catalogId=10576&amp;pageView=&amp;facet=ads_f8_ntk_cs%253ACumin&amp;minPrice=&amp;categoryId=25573&amp;storeId=10601&quot;,&quot;name&quot;:&quot;Cumin&quot;,&quot;count&quot;:&quot;5&quot;,&quot;className&quot;:&quot;&quot;},{&quot;url&quot;:&quot;http://shop.coles.com.au/online/SearchDisplay?searchTermScope=&amp;multiSearch=&amp;searchType=2&amp;maxPrice=&amp;showResultsPage=true&amp;langId=-1&amp;beginIndex=0&amp;sType=SimpleSearch&amp;metaData=&amp;browseView=true&amp;manufacturer=&amp;resultCatEntryType=&amp;catalogId=10576&amp;pageView=&amp;facet=ads_f8_ntk_cs%253ACurry%2BPaste%2B%2526%2BBases&amp;minPrice=&amp;categoryId=25573&amp;storeId=10601&quot;,&quot;name&quot;:&quot;Curry Paste &amp; Bases&quot;,&quot;count&quot;:&quot;23&quot;,&quot;className&quot;:&quot;&quot;},{&quot;url&quot;:&quot;http://shop.coles.com.au/online/SearchDisplay?searchTermScope=&amp;multiSearch=&amp;searchType=2&amp;maxPrice=&amp;showResultsPage=true&amp;langId=-1&amp;beginIndex=0&amp;sType=SimpleSearch&amp;metaData=&amp;browseView=true&amp;manufacturer=&amp;resultCatEntryType=&amp;catalogId=10576&amp;pageView=&amp;facet=ads_f8_ntk_cs%253ACurry%2BPowder&amp;minPrice=&amp;categoryId=25573&amp;storeId=10601&quot;,&quot;name&quot;:&quot;Curry Powder&quot;,&quot;count&quot;:&quot;5&quot;,&quot;className&quot;:&quot;&quot;},{&quot;url&quot;:&quot;http://shop.coles.com.au/online/SearchDisplay?searchTermScope=&amp;multiSearch=&amp;searchType=2&amp;maxPrice=&amp;showResultsPage=true&amp;langId=-1&amp;beginIndex=0&amp;sType=SimpleSearch&amp;metaData=&amp;browseView=true&amp;manufacturer=&amp;resultCatEntryType=&amp;catalogId=10576&amp;pageView=&amp;facet=ads_f8_ntk_cs%253ACurry%2BSauce&amp;minPrice=&amp;categoryId=25573&amp;storeId=10601&quot;,&quot;name&quot;:&quot;Curry Sauce&quot;,&quot;count&quot;:&quot;31&quot;,&quot;className&quot;:&quot;&quot;},{&quot;url&quot;:&quot;http://shop.coles.com.au/online/SearchDisplay?searchTermScope=&amp;multiSearch=&amp;searchType=2&amp;maxPrice=&amp;showResultsPage=true&amp;langId=-1&amp;beginIndex=0&amp;sType=SimpleSearch&amp;metaData=&amp;browseView=true&amp;manufacturer=&amp;resultCatEntryType=&amp;catalogId=10576&amp;pageView=&amp;facet=ads_f8_ntk_cs%253ACustards%2Band%2BSauces&amp;minPrice=&amp;categoryId=25573&amp;storeId=10601&quot;,&quot;name&quot;:&quot;Custards and Sauces&quot;,&quot;count&quot;:&quot;4&quot;,&quot;className&quot;:&quot;&quot;},{&quot;url&quot;:&quot;http://shop.coles.com.au/online/SearchDisplay?searchTermScope=&amp;multiSearch=&amp;searchType=2&amp;maxPrice=&amp;showResultsPage=true&amp;langId=-1&amp;beginIndex=0&amp;sType=SimpleSearch&amp;metaData=&amp;browseView=true&amp;manufacturer=&amp;resultCatEntryType=&amp;catalogId=10576&amp;pageView=&amp;facet=ads_f8_ntk_cs%253ADark%2BChocolate&amp;minPrice=&amp;categoryId=25573&amp;storeId=10601&quot;,&quot;name&quot;:&quot;Dark Chocolate&quot;,&quot;count&quot;:&quot;10&quot;,&quot;className&quot;:&quot;&quot;},{&quot;url&quot;:&quot;http://shop.coles.com.au/online/SearchDisplay?searchTermScope=&amp;multiSearch=&amp;searchType=2&amp;maxPrice=&amp;showResultsPage=true&amp;langId=-1&amp;beginIndex=0&amp;sType=SimpleSearch&amp;metaData=&amp;browseView=true&amp;manufacturer=&amp;resultCatEntryType=&amp;catalogId=10576&amp;pageView=&amp;facet=ads_f8_ntk_cs%253ADecaffeinated%2BCoffee&amp;minPrice=&amp;categoryId=25573&amp;storeId=10601&quot;,&quot;name&quot;:&quot;Decaffeinated Coffee&quot;,&quot;count&quot;:&quot;9&quot;,&quot;className&quot;:&quot;&quot;},{&quot;url&quot;:&quot;http://shop.coles.com.au/online/SearchDisplay?searchTermScope=&amp;multiSearch=&amp;searchType=2&amp;maxPrice=&amp;showResultsPage=true&amp;langId=-1&amp;beginIndex=0&amp;sType=SimpleSearch&amp;metaData=&amp;browseView=true&amp;manufacturer=&amp;resultCatEntryType=&amp;catalogId=10576&amp;pageView=&amp;facet=ads_f8_ntk_cs%253ADessert%2BToppings&amp;minPrice=&amp;categoryId=25573&amp;storeId=10601&quot;,&quot;name&quot;:&quot;Dessert Toppings&quot;,&quot;count&quot;:&quot;9&quot;,&quot;className&quot;:&quot;&quot;},{&quot;url&quot;:&quot;http://shop.coles.com.au/online/SearchDisplay?searchTermScope=&amp;multiSearch=&amp;searchType=2&amp;maxPrice=&amp;showResultsPage=true&amp;langId=-1&amp;beginIndex=0&amp;sType=SimpleSearch&amp;metaData=&amp;browseView=true&amp;manufacturer=&amp;resultCatEntryType=&amp;catalogId=10576&amp;pageView=&amp;facet=ads_f8_ntk_cs%253ADried%2BFruit&amp;minPrice=&amp;categoryId=25573&amp;storeId=10601&quot;,&quot;name&quot;:&quot;Dried Fruit&quot;,&quot;count&quot;:&quot;64&quot;,&quot;className&quot;:&quot;&quot;},{&quot;url&quot;:&quot;http://shop.coles.com.au/online/SearchDisplay?searchTermScope=&amp;multiSearch=&amp;searchType=2&amp;maxPrice=&amp;showResultsPage=true&amp;langId=-1&amp;beginIndex=0&amp;sType=SimpleSearch&amp;metaData=&amp;browseView=true&amp;manufacturer=&amp;resultCatEntryType=&amp;catalogId=10576&amp;pageView=&amp;facet=ads_f8_ntk_cs%253ADrinks&amp;minPrice=&amp;categoryId=25573&amp;storeId=10601&quot;,&quot;name&quot;:&quot;Drinks&quot;,&quot;count&quot;:&quot;1&quot;,&quot;className&quot;:&quot;&quot;},{&quot;url&quot;:&quot;http://shop.coles.com.au/online/SearchDisplay?searchTermScope=&amp;multiSearch=&amp;searchType=2&amp;maxPrice=&amp;showResultsPage=true&amp;langId=-1&amp;beginIndex=0&amp;sType=SimpleSearch&amp;metaData=&amp;browseView=true&amp;manufacturer=&amp;resultCatEntryType=&amp;catalogId=10576&amp;pageView=&amp;facet=ads_f8_ntk_cs%253AEggplants&amp;minPrice=&amp;categoryId=25573&amp;storeId=10601&quot;,&quot;name&quot;:&quot;Eggplants&quot;,&quot;count&quot;:&quot;1&quot;,&quot;className&quot;:&quot;&quot;},{&quot;url&quot;:&quot;http://shop.coles.com.au/online/SearchDisplay?searchTermScope=&amp;multiSearch=&amp;searchType=2&amp;maxPrice=&amp;showResultsPage=true&amp;langId=-1&amp;beginIndex=0&amp;sType=SimpleSearch&amp;metaData=&amp;browseView=true&amp;manufacturer=&amp;resultCatEntryType=&amp;catalogId=10576&amp;pageView=&amp;facet=ads_f8_ntk_cs%253AEssence&amp;minPrice=&amp;categoryId=25573&amp;storeId=10601&quot;,&quot;name&quot;:&quot;Essence&quot;,&quot;count&quot;:&quot;16&quot;,&quot;className&quot;:&quot;&quot;},{&quot;url&quot;:&quot;http://shop.coles.com.au/online/SearchDisplay?searchTermScope=&amp;multiSearch=&amp;searchType=2&amp;maxPrice=&amp;showResultsPage=true&amp;langId=-1&amp;beginIndex=0&amp;sType=SimpleSearch&amp;metaData=&amp;browseView=true&amp;manufacturer=&amp;resultCatEntryType=&amp;catalogId=10576&amp;pageView=&amp;facet=ads_f8_ntk_cs%253AEvaporated%2BMilk&amp;minPrice=&amp;categoryId=25573&amp;storeId=10601&quot;,&quot;name&quot;:&quot;Evaporated Milk&quot;,&quot;count&quot;:&quot;3&quot;,&quot;className&quot;:&quot;&quot;},{&quot;url&quot;:&quot;http://shop.coles.com.au/online/SearchDisplay?searchTermScope=&amp;multiSearch=&amp;searchType=2&amp;maxPrice=&amp;showResultsPage=true&amp;langId=-1&amp;beginIndex=0&amp;sType=SimpleSearch&amp;metaData=&amp;browseView=true&amp;manufacturer=&amp;resultCatEntryType=&amp;catalogId=10576&amp;pageView=&amp;facet=ads_f8_ntk_cs%253AFennel&amp;minPrice=&amp;categoryId=25573&amp;storeId=10601&quot;,&quot;name&quot;:&quot;Fennel&quot;,&quot;count&quot;:&quot;2&quot;,&quot;className&quot;:&quot;&quot;},{&quot;url&quot;:&quot;http://shop.coles.com.au/online/SearchDisplay?searchTermScope=&amp;multiSearch=&amp;searchType=2&amp;maxPrice=&amp;showResultsPage=true&amp;langId=-1&amp;beginIndex=0&amp;sType=SimpleSearch&amp;metaData=&amp;browseView=true&amp;manufacturer=&amp;resultCatEntryType=&amp;catalogId=10576&amp;pageView=&amp;facet=ads_f8_ntk_cs%253AFettuccine&amp;minPrice=&amp;categoryId=25573&amp;storeId=10601&quot;,&quot;name&quot;:&quot;Fettuccine&quot;,&quot;count&quot;:&quot;13&quot;,&quot;className&quot;:&quot;&quot;},{&quot;url&quot;:&quot;http://shop.coles.com.au/online/SearchDisplay?searchTermScope=&amp;multiSearch=&amp;searchType=2&amp;maxPrice=&amp;showResultsPage=true&amp;langId=-1&amp;beginIndex=0&amp;sType=SimpleSearch&amp;metaData=&amp;browseView=true&amp;manufacturer=&amp;resultCatEntryType=&amp;catalogId=10576&amp;pageView=&amp;facet=ads_f8_ntk_cs%253AFig%2BJam&amp;minPrice=&amp;categoryId=25573&amp;storeId=10601&quot;,&quot;name&quot;:&quot;Fig Jam&quot;,&quot;count&quot;:&quot;2&quot;,&quot;className&quot;:&quot;&quot;},{&quot;url&quot;:&quot;http://shop.coles.com.au/online/SearchDisplay?searchTermScope=&amp;multiSearch=&amp;searchType=2&amp;maxPrice=&amp;showResultsPage=true&amp;langId=-1&amp;beginIndex=0&amp;sType=SimpleSearch&amp;metaData=&amp;browseView=true&amp;manufacturer=&amp;resultCatEntryType=&amp;catalogId=10576&amp;pageView=&amp;facet=ads_f8_ntk_cs%253AFish%2BSauce&amp;minPrice=&amp;categoryId=25573&amp;storeId=10601&quot;,&quot;name&quot;:&quot;Fish Sauce&quot;,&quot;count&quot;:&quot;1&quot;,&quot;className&quot;:&quot;&quot;},{&quot;url&quot;:&quot;http://shop.coles.com.au/online/SearchDisplay?searchTermScope=&amp;multiSearch=&amp;searchType=2&amp;maxPrice=&amp;showResultsPage=true&amp;langId=-1&amp;beginIndex=0&amp;sType=SimpleSearch&amp;metaData=&amp;browseView=true&amp;manufacturer=&amp;resultCatEntryType=&amp;catalogId=10576&amp;pageView=&amp;facet=ads_f8_ntk_cs%253AFish%2BStock&amp;minPrice=&amp;categoryId=25573&amp;storeId=10601&quot;,&quot;name&quot;:&quot;Fish Stock&quot;,&quot;count&quot;:&quot;1&quot;,&quot;className&quot;:&quot;&quot;},{&quot;url&quot;:&quot;http://shop.coles.com.au/online/SearchDisplay?searchTermScope=&amp;multiSearch=&amp;searchType=2&amp;maxPrice=&amp;showResultsPage=true&amp;langId=-1&amp;beginIndex=0&amp;sType=SimpleSearch&amp;metaData=&amp;browseView=true&amp;manufacturer=&amp;resultCatEntryType=&amp;catalogId=10576&amp;pageView=&amp;facet=ads_f8_ntk_cs%253AFlavour%2BBases&amp;minPrice=&amp;categoryId=25573&amp;storeId=10601&quot;,&quot;name&quot;:&quot;Flavour Bases&quot;,&quot;count&quot;:&quot;87&quot;,&quot;className&quot;:&quot;&quot;},{&quot;url&quot;:&quot;http://shop.coles.com.au/online/SearchDisplay?searchTermScope=&amp;multiSearch=&amp;searchType=2&amp;maxPrice=&amp;showResultsPage=true&amp;langId=-1&amp;beginIndex=0&amp;sType=SimpleSearch&amp;metaData=&amp;browseView=true&amp;manufacturer=&amp;resultCatEntryType=&amp;catalogId=10576&amp;pageView=&amp;facet=ads_f8_ntk_cs%253AFood%2BColouring&amp;minPrice=&amp;categoryId=25573&amp;storeId=10601&quot;,&quot;name&quot;:&quot;Food Colouring&quot;,&quot;count&quot;:&quot;6&quot;,&quot;className&quot;:&quot;&quot;},{&quot;url&quot;:&quot;http://shop.coles.com.au/online/SearchDisplay?searchTermScope=&amp;multiSearch=&amp;searchType=2&amp;maxPrice=&amp;showResultsPage=true&amp;langId=-1&amp;beginIndex=0&amp;sType=SimpleSearch&amp;metaData=&amp;browseView=true&amp;manufacturer=&amp;resultCatEntryType=&amp;catalogId=10576&amp;pageView=&amp;facet=ads_f8_ntk_cs%253AFrankfurts&amp;minPrice=&amp;categoryId=25573&amp;storeId=10601&quot;,&quot;name&quot;:&quot;Frankfurts&quot;,&quot;count&quot;:&quot;1&quot;,&quot;className&quot;:&quot;&quot;},{&quot;url&quot;:&quot;http://shop.coles.com.au/online/SearchDisplay?searchTermScope=&amp;multiSearch=&amp;searchType=2&amp;maxPrice=&amp;showResultsPage=true&amp;langId=-1&amp;beginIndex=0&amp;sType=SimpleSearch&amp;metaData=&amp;browseView=true&amp;manufacturer=&amp;resultCatEntryType=&amp;catalogId=10576&amp;pageView=&amp;facet=ads_f8_ntk_cs%253AFrench%2BDressing&amp;minPrice=&amp;categoryId=25573&amp;storeId=10601&quot;,&quot;name&quot;:&quot;French Dressing&quot;,&quot;count&quot;:&quot;4&quot;,&quot;className&quot;:&quot;&quot;},{&quot;url&quot;:&quot;http://shop.coles.com.au/online/SearchDisplay?searchTermScope=&amp;multiSearch=&amp;searchType=2&amp;maxPrice=&amp;showResultsPage=true&amp;langId=-1&amp;beginIndex=0&amp;sType=SimpleSearch&amp;metaData=&amp;browseView=true&amp;manufacturer=&amp;resultCatEntryType=&amp;catalogId=10576&amp;pageView=&amp;facet=ads_f8_ntk_cs%253AFrosting%2B%2526%2BIcing&amp;minPrice=&amp;categoryId=25573&amp;storeId=10601&quot;,&quot;name&quot;:&quot;Frosting &amp; Icing&quot;,&quot;count&quot;:&quot;9&quot;,&quot;className&quot;:&quot;&quot;},{&quot;url&quot;:&quot;http://shop.coles.com.au/online/SearchDisplay?searchTermScope=&amp;multiSearch=&amp;searchType=2&amp;maxPrice=&amp;showResultsPage=true&amp;langId=-1&amp;beginIndex=0&amp;sType=SimpleSearch&amp;metaData=&amp;browseView=true&amp;manufacturer=&amp;resultCatEntryType=&amp;catalogId=10576&amp;pageView=&amp;facet=ads_f8_ntk_cs%253AFruit%2BBars&amp;minPrice=&amp;categoryId=25573&amp;storeId=10601&quot;,&quot;name&quot;:&quot;Fruit Bars&quot;,&quot;count&quot;:&quot;16&quot;,&quot;className&quot;:&quot;&quot;},{&quot;url&quot;:&quot;http://shop.coles.com.au/online/SearchDisplay?searchTermScope=&amp;multiSearch=&amp;searchType=2&amp;maxPrice=&amp;showResultsPage=true&amp;langId=-1&amp;beginIndex=0&amp;sType=SimpleSearch&amp;metaData=&amp;browseView=true&amp;manufacturer=&amp;resultCatEntryType=&amp;catalogId=10576&amp;pageView=&amp;facet=ads_f8_ntk_cs%253AFruit%2BSauce&amp;minPrice=&amp;categoryId=25573&amp;storeId=10601&quot;,&quot;name&quot;:&quot;Fruit Sauce&quot;,&quot;count&quot;:&quot;7&quot;,&quot;className&quot;:&quot;&quot;},{&quot;url&quot;:&quot;http://shop.coles.com.au/online/SearchDisplay?searchTermScope=&amp;multiSearch=&amp;searchType=2&amp;maxPrice=&amp;showResultsPage=true&amp;langId=-1&amp;beginIndex=0&amp;sType=SimpleSearch&amp;metaData=&amp;browseView=true&amp;manufacturer=&amp;resultCatEntryType=&amp;catalogId=10576&amp;pageView=&amp;facet=ads_f8_ntk_cs%253AFun%2BSize%2BChocolate%2BPacks&amp;minPrice=&amp;categoryId=25573&amp;storeId=10601&quot;,&quot;name&quot;:&quot;Fun Size Chocolate Packs&quot;,&quot;count&quot;:&quot;26&quot;,&quot;className&quot;:&quot;&quot;},{&quot;url&quot;:&quot;http://shop.coles.com.au/online/SearchDisplay?searchTermScope=&amp;multiSearch=&amp;searchType=2&amp;maxPrice=&amp;showResultsPage=true&amp;langId=-1&amp;beginIndex=0&amp;sType=SimpleSearch&amp;metaData=&amp;browseView=true&amp;manufacturer=&amp;resultCatEntryType=&amp;catalogId=10576&amp;pageView=&amp;facet=ads_f8_ntk_cs%253AGaram%2BMasala&amp;minPrice=&amp;categoryId=25573&amp;storeId=10601&quot;,&quot;name&quot;:&quot;Garam Masala&quot;,&quot;count&quot;:&quot;2&quot;,&quot;className&quot;:&quot;&quot;},{&quot;url&quot;:&quot;http://shop.coles.com.au/online/SearchDisplay?searchTermScope=&amp;multiSearch=&amp;searchType=2&amp;maxPrice=&amp;showResultsPage=true&amp;langId=-1&amp;beginIndex=0&amp;sType=SimpleSearch&amp;metaData=&amp;browseView=true&amp;manufacturer=&amp;resultCatEntryType=&amp;catalogId=10576&amp;pageView=&amp;facet=ads_f8_ntk_cs%253AGarlic&amp;minPrice=&amp;categoryId=25573&amp;storeId=10601&quot;,&quot;name&quot;:&quot;Garlic&quot;,&quot;count&quot;:&quot;9&quot;,&quot;className&quot;:&quot;&quot;},{&quot;url&quot;:&quot;http://shop.coles.com.au/online/SearchDisplay?searchTermScope=&amp;multiSearch=&amp;searchType=2&amp;maxPrice=&amp;showResultsPage=true&amp;langId=-1&amp;beginIndex=0&amp;sType=SimpleSearch&amp;metaData=&amp;browseView=true&amp;manufacturer=&amp;resultCatEntryType=&amp;catalogId=10576&amp;pageView=&amp;facet=ads_f8_ntk_cs%253AGelatine&amp;minPrice=&amp;categoryId=25573&amp;storeId=10601&quot;,&quot;name&quot;:&quot;Gelatine&quot;,&quot;count&quot;:&quot;4&quot;,&quot;className&quot;:&quot;&quot;},{&quot;url&quot;:&quot;http://shop.coles.com.au/online/SearchDisplay?searchTermScope=&amp;multiSearch=&amp;searchType=2&amp;maxPrice=&amp;showResultsPage=true&amp;langId=-1&amp;beginIndex=0&amp;sType=SimpleSearch&amp;metaData=&amp;browseView=true&amp;manufacturer=&amp;resultCatEntryType=&amp;catalogId=10576&amp;pageView=&amp;facet=ads_f8_ntk_cs%253AGherkins&amp;minPrice=&amp;categoryId=25573&amp;storeId=10601&quot;,&quot;name&quot;:&quot;Gherkins&quot;,&quot;count&quot;:&quot;10&quot;,&quot;className&quot;:&quot;&quot;},{&quot;url&quot;:&quot;http://shop.coles.com.au/online/SearchDisplay?searchTermScope=&amp;multiSearch=&amp;searchType=2&amp;maxPrice=&amp;showResultsPage=true&amp;langId=-1&amp;beginIndex=0&amp;sType=SimpleSearch&amp;metaData=&amp;browseView=true&amp;manufacturer=&amp;resultCatEntryType=&amp;catalogId=10576&amp;pageView=&amp;facet=ads_f8_ntk_cs%253AGinger&amp;minPrice=&amp;categoryId=25573&amp;storeId=10601&quot;,&quot;name&quot;:&quot;Ginger&quot;,&quot;count&quot;:&quot;4&quot;,&quot;className&quot;:&quot;&quot;},{&quot;url&quot;:&quot;http://shop.coles.com.au/online/SearchDisplay?searchTermScope=&amp;multiSearch=&amp;searchType=2&amp;maxPrice=&amp;showResultsPage=true&amp;langId=-1&amp;beginIndex=0&amp;sType=SimpleSearch&amp;metaData=&amp;browseView=true&amp;manufacturer=&amp;resultCatEntryType=&amp;catalogId=10576&amp;pageView=&amp;facet=ads_f8_ntk_cs%253AGnocchi&amp;minPrice=&amp;categoryId=25573&amp;storeId=10601&quot;,&quot;name&quot;:&quot;Gnocchi&quot;,&quot;count&quot;:&quot;2&quot;,&quot;className&quot;:&quot;&quot;},{&quot;url&quot;:&quot;http://shop.coles.com.au/online/SearchDisplay?searchTermScope=&amp;multiSearch=&amp;searchType=2&amp;maxPrice=&amp;showResultsPage=true&amp;langId=-1&amp;beginIndex=0&amp;sType=SimpleSearch&amp;metaData=&amp;browseView=true&amp;manufacturer=&amp;resultCatEntryType=&amp;catalogId=10576&amp;pageView=&amp;facet=ads_f8_ntk_cs%253AGolden%2BSyrup&amp;minPrice=&amp;categoryId=25573&amp;storeId=10601&quot;,&quot;name&quot;:&quot;Golden Syrup&quot;,&quot;count&quot;:&quot;1&quot;,&quot;className&quot;:&quot;&quot;},{&quot;url&quot;:&quot;http://shop.coles.com.au/online/SearchDisplay?searchTermScope=&amp;multiSearch=&amp;searchType=2&amp;maxPrice=&amp;showResultsPage=true&amp;langId=-1&amp;beginIndex=0&amp;sType=SimpleSearch&amp;metaData=&amp;browseView=true&amp;manufacturer=&amp;resultCatEntryType=&amp;catalogId=10576&amp;pageView=&amp;facet=ads_f8_ntk_cs%253AGourmet%2BOils&amp;minPrice=&amp;categoryId=25573&amp;storeId=10601&quot;,&quot;name&quot;:&quot;Gourmet Oils&quot;,&quot;count&quot;:&quot;3&quot;,&quot;className&quot;:&quot;&quot;},{&quot;url&quot;:&quot;http://shop.coles.com.au/online/SearchDisplay?searchTermScope=&amp;multiSearch=&amp;searchType=2&amp;maxPrice=&amp;showResultsPage=true&amp;langId=-1&amp;beginIndex=0&amp;sType=SimpleSearch&amp;metaData=&amp;browseView=true&amp;manufacturer=&amp;resultCatEntryType=&amp;catalogId=10576&amp;pageView=&amp;facet=ads_f8_ntk_cs%253AGreen%2BTeas&amp;minPrice=&amp;categoryId=25573&amp;storeId=10601&quot;,&quot;name&quot;:&quot;Green Teas&quot;,&quot;count&quot;:&quot;18&quot;,&quot;className&quot;:&quot;&quot;},{&quot;url&quot;:&quot;http://shop.coles.com.au/online/SearchDisplay?searchTermScope=&amp;multiSearch=&amp;searchType=2&amp;maxPrice=&amp;showResultsPage=true&amp;langId=-1&amp;beginIndex=0&amp;sType=SimpleSearch&amp;metaData=&amp;browseView=true&amp;manufacturer=&amp;resultCatEntryType=&amp;catalogId=10576&amp;pageView=&amp;facet=ads_f8_ntk_cs%253AGround%2BCoffee&amp;minPrice=&amp;categoryId=25573&amp;storeId=10601&quot;,&quot;name&quot;:&quot;Ground Coffee&quot;,&quot;count&quot;:&quot;38&quot;,&quot;className&quot;:&quot;&quot;},{&quot;url&quot;:&quot;http://shop.coles.com.au/online/SearchDisplay?searchTermScope=&amp;multiSearch=&amp;searchType=2&amp;maxPrice=&amp;showResultsPage=true&amp;langId=-1&amp;beginIndex=0&amp;sType=SimpleSearch&amp;metaData=&amp;browseView=true&amp;manufacturer=&amp;resultCatEntryType=&amp;catalogId=10576&amp;pageView=&amp;facet=ads_f8_ntk_cs%253AHP%2BSauce&amp;minPrice=&amp;categoryId=25573&amp;storeId=10601&quot;,&quot;name&quot;:&quot;HP Sauce&quot;,&quot;count&quot;:&quot;1&quot;,&quot;className&quot;:&quot;&quot;},{&quot;url&quot;:&quot;http://shop.coles.com.au/online/SearchDisplay?searchTermScope=&amp;multiSearch=&amp;searchType=2&amp;maxPrice=&amp;showResultsPage=true&amp;langId=-1&amp;beginIndex=0&amp;sType=SimpleSearch&amp;metaData=&amp;browseView=true&amp;manufacturer=&amp;resultCatEntryType=&amp;catalogId=10576&amp;pageView=&amp;facet=ads_f8_ntk_cs%253AHealth%2BBars&amp;minPrice=&amp;categoryId=25573&amp;storeId=10601&quot;,&quot;name&quot;:&quot;Health Bars&quot;,&quot;count&quot;:&quot;71&quot;,&quot;className&quot;:&quot;&quot;},{&quot;url&quot;:&quot;http://shop.coles.com.au/online/SearchDisplay?searchTermScope=&amp;multiSearch=&amp;searchType=2&amp;maxPrice=&amp;showResultsPage=true&amp;langId=-1&amp;beginIndex=0&amp;sType=SimpleSearch&amp;metaData=&amp;browseView=true&amp;manufacturer=&amp;resultCatEntryType=&amp;catalogId=10576&amp;pageView=&amp;facet=ads_f8_ntk_cs%253AHealth%2BSnacks&amp;minPrice=&amp;categoryId=25573&amp;storeId=10601&quot;,&quot;name&quot;:&quot;Health Snacks&quot;,&quot;count&quot;:&quot;33&quot;,&quot;className&quot;:&quot;&quot;},{&quot;url&quot;:&quot;http://shop.coles.com.au/online/SearchDisplay?searchTermScope=&amp;multiSearch=&amp;searchType=2&amp;maxPrice=&amp;showResultsPage=true&amp;langId=-1&amp;beginIndex=0&amp;sType=SimpleSearch&amp;metaData=&amp;browseView=true&amp;manufacturer=&amp;resultCatEntryType=&amp;catalogId=10576&amp;pageView=&amp;facet=ads_f8_ntk_cs%253AHerb%2B%2526%2BSpice%2BSeasonings&amp;minPrice=&amp;categoryId=25573&amp;storeId=10601&quot;,&quot;name&quot;:&quot;Herb &amp; Spice Seasonings&quot;,&quot;count&quot;:&quot;5&quot;,&quot;className&quot;:&quot;&quot;},{&quot;url&quot;:&quot;http://shop.coles.com.au/online/SearchDisplay?searchTermScope=&amp;multiSearch=&amp;searchType=2&amp;maxPrice=&amp;showResultsPage=true&amp;langId=-1&amp;beginIndex=0&amp;sType=SimpleSearch&amp;metaData=&amp;browseView=true&amp;manufacturer=&amp;resultCatEntryType=&amp;catalogId=10576&amp;pageView=&amp;facet=ads_f8_ntk_cs%253AHerbal%2BTeas&amp;minPrice=&amp;categoryId=25573&amp;storeId=10601&quot;,&quot;name&quot;:&quot;Herbal Teas&quot;,&quot;count&quot;:&quot;16&quot;,&quot;className&quot;:&quot;&quot;},{&quot;url&quot;:&quot;http://shop.coles.com.au/online/SearchDisplay?searchTermScope=&amp;multiSearch=&amp;searchType=2&amp;maxPrice=&amp;showResultsPage=true&amp;langId=-1&amp;beginIndex=0&amp;sType=SimpleSearch&amp;metaData=&amp;browseView=true&amp;manufacturer=&amp;resultCatEntryType=&amp;catalogId=10576&amp;pageView=&amp;facet=ads_f8_ntk_cs%253AHerring&amp;minPrice=&amp;categoryId=25573&amp;storeId=10601&quot;,&quot;name&quot;:&quot;Herring&quot;,&quot;count&quot;:&quot;2&quot;,&quot;className&quot;:&quot;&quot;},{&quot;url&quot;:&quot;http://shop.coles.com.au/online/SearchDisplay?searchTermScope=&amp;multiSearch=&amp;searchType=2&amp;maxPrice=&amp;showResultsPage=true&amp;langId=-1&amp;beginIndex=0&amp;sType=SimpleSearch&amp;metaData=&amp;browseView=true&amp;manufacturer=&amp;resultCatEntryType=&amp;catalogId=10576&amp;pageView=&amp;facet=ads_f8_ntk_cs%253AHoney%2BJars&amp;minPrice=&amp;categoryId=25573&amp;storeId=10601&quot;,&quot;name&quot;:&quot;Honey Jars&quot;,&quot;count&quot;:&quot;5&quot;,&quot;className&quot;:&quot;&quot;},{&quot;url&quot;:&quot;http://shop.coles.com.au/online/SearchDisplay?searchTermScope=&amp;multiSearch=&amp;searchType=2&amp;maxPrice=&amp;showResultsPage=true&amp;langId=-1&amp;beginIndex=0&amp;sType=SimpleSearch&amp;metaData=&amp;browseView=true&amp;manufacturer=&amp;resultCatEntryType=&amp;catalogId=10576&amp;pageView=&amp;facet=ads_f8_ntk_cs%253AHoney%2BPots&amp;minPrice=&amp;categoryId=25573&amp;storeId=10601&quot;,&quot;name&quot;:&quot;Honey Pots&quot;,&quot;count&quot;:&quot;3&quot;,&quot;className&quot;:&quot;&quot;},{&quot;url&quot;:&quot;http://shop.coles.com.au/online/SearchDisplay?searchTermScope=&amp;multiSearch=&amp;searchType=2&amp;maxPrice=&amp;showResultsPage=true&amp;langId=-1&amp;beginIndex=0&amp;sType=SimpleSearch&amp;metaData=&amp;browseView=true&amp;manufacturer=&amp;resultCatEntryType=&amp;catalogId=10576&amp;pageView=&amp;facet=ads_f8_ntk_cs%253AHoney%2BSqueeze&amp;minPrice=&amp;categoryId=25573&amp;storeId=10601&quot;,&quot;name&quot;:&quot;Honey Squeeze&quot;,&quot;count&quot;:&quot;11&quot;,&quot;className&quot;:&quot;&quot;},{&quot;url&quot;:&quot;http://shop.coles.com.au/online/SearchDisplay?searchTermScope=&amp;multiSearch=&amp;searchType=2&amp;maxPrice=&amp;showResultsPage=true&amp;langId=-1&amp;beginIndex=0&amp;sType=SimpleSearch&amp;metaData=&amp;browseView=true&amp;manufacturer=&amp;resultCatEntryType=&amp;catalogId=10576&amp;pageView=&amp;facet=ads_f8_ntk_cs%253AHorseradish&amp;minPrice=&amp;categoryId=25573&amp;storeId=10601&quot;,&quot;name&quot;:&quot;Horseradish&quot;,&quot;count&quot;:&quot;1&quot;,&quot;className&quot;:&quot;&quot;},{&quot;url&quot;:&quot;http://shop.coles.com.au/online/SearchDisplay?searchTermScope=&amp;multiSearch=&amp;searchType=2&amp;maxPrice=&amp;showResultsPage=true&amp;langId=-1&amp;beginIndex=0&amp;sType=SimpleSearch&amp;metaData=&amp;browseView=true&amp;manufacturer=&amp;resultCatEntryType=&amp;catalogId=10576&amp;pageView=&amp;facet=ads_f8_ntk_cs%253AIced%2BTeas&amp;minPrice=&amp;categoryId=25573&amp;storeId=10601&quot;,&quot;name&quot;:&quot;Iced Teas&quot;,&quot;count&quot;:&quot;1&quot;,&quot;className&quot;:&quot;&quot;},{&quot;url&quot;:&quot;http://shop.coles.com.au/online/SearchDisplay?searchTermScope=&amp;multiSearch=&amp;searchType=2&amp;maxPrice=&amp;showResultsPage=true&amp;langId=-1&amp;beginIndex=0&amp;sType=SimpleSearch&amp;metaData=&amp;browseView=true&amp;manufacturer=&amp;resultCatEntryType=&amp;catalogId=10576&amp;pageView=&amp;facet=ads_f8_ntk_cs%253AIcing%2BSugar&amp;minPrice=&amp;categoryId=25573&amp;storeId=10601&quot;,&quot;name&quot;:&quot;Icing Sugar&quot;,&quot;count&quot;:&quot;10&quot;,&quot;className&quot;:&quot;&quot;},{&quot;url&quot;:&quot;http://shop.coles.com.au/online/SearchDisplay?searchTermScope=&amp;multiSearch=&amp;searchType=2&amp;maxPrice=&amp;showResultsPage=true&amp;langId=-1&amp;beginIndex=0&amp;sType=SimpleSearch&amp;metaData=&amp;browseView=true&amp;manufacturer=&amp;resultCatEntryType=&amp;catalogId=10576&amp;pageView=&amp;facet=ads_f8_ntk_cs%253AInstant%2BCoffee&amp;minPrice=&amp;categoryId=25573&amp;storeId=10601&quot;,&quot;name&quot;:&quot;Instant Coffee&quot;,&quot;count&quot;:&quot;58&quot;,&quot;className&quot;:&quot;&quot;},{&quot;url&quot;:&quot;http://shop.coles.com.au/online/SearchDisplay?searchTermScope=&amp;multiSearch=&amp;searchType=2&amp;maxPrice=&amp;showResultsPage=true&amp;langId=-1&amp;beginIndex=0&amp;sType=SimpleSearch&amp;metaData=&amp;browseView=true&amp;manufacturer=&amp;resultCatEntryType=&amp;catalogId=10576&amp;pageView=&amp;facet=ads_f8_ntk_cs%253AInstant%2BNoodle%2BCakes&amp;minPrice=&amp;categoryId=25573&amp;storeId=10601&quot;,&quot;name&quot;:&quot;Instant Noodle Cakes&quot;,&quot;count&quot;:&quot;21&quot;,&quot;className&quot;:&quot;&quot;},{&quot;url&quot;:&quot;http://shop.coles.com.au/online/SearchDisplay?searchTermScope=&amp;multiSearch=&amp;searchType=2&amp;maxPrice=&amp;showResultsPage=true&amp;langId=-1&amp;beginIndex=0&amp;sType=SimpleSearch&amp;metaData=&amp;browseView=true&amp;manufacturer=&amp;resultCatEntryType=&amp;catalogId=10576&amp;pageView=&amp;facet=ads_f8_ntk_cs%253AInstant%2BNoodle%2BCups%2B%2526%2BBowls&amp;minPrice=&amp;categoryId=25573&amp;storeId=10601&quot;,&quot;name&quot;:&quot;Instant Noodle Cups &amp; Bowls&quot;,&quot;count&quot;:&quot;30&quot;,&quot;className&quot;:&quot;&quot;},{&quot;url&quot;:&quot;http://shop.coles.com.au/online/SearchDisplay?searchTermScope=&amp;multiSearch=&amp;searchType=2&amp;maxPrice=&amp;showResultsPage=true&amp;langId=-1&amp;beginIndex=0&amp;sType=SimpleSearch&amp;metaData=&amp;browseView=true&amp;manufacturer=&amp;resultCatEntryType=&amp;catalogId=10576&amp;pageView=&amp;facet=ads_f8_ntk_cs%253AInstant%2BNoodles&amp;minPrice=&amp;categoryId=25573&amp;storeId=10601&quot;,&quot;name&quot;:&quot;Instant Noodles&quot;,&quot;count&quot;:&quot;2&quot;,&quot;className&quot;:&quot;&quot;},{&quot;url&quot;:&quot;http://shop.coles.com.au/online/SearchDisplay?searchTermScope=&amp;multiSearch=&amp;searchType=2&amp;maxPrice=&amp;showResultsPage=true&amp;langId=-1&amp;beginIndex=0&amp;sType=SimpleSearch&amp;metaData=&amp;browseView=true&amp;manufacturer=&amp;resultCatEntryType=&amp;catalogId=10576&amp;pageView=&amp;facet=ads_f8_ntk_cs%253AInstant%2BRice&amp;minPrice=&amp;categoryId=25573&amp;storeId=10601&quot;,&quot;name&quot;:&quot;Instant Rice&quot;,&quot;count&quot;:&quot;28&quot;,&quot;className&quot;:&quot;&quot;},{&quot;url&quot;:&quot;http://shop.coles.com.au/online/SearchDisplay?searchTermScope=&amp;multiSearch=&amp;searchType=2&amp;maxPrice=&amp;showResultsPage=true&amp;langId=-1&amp;beginIndex=0&amp;sType=SimpleSearch&amp;metaData=&amp;browseView=true&amp;manufacturer=&amp;resultCatEntryType=&amp;catalogId=10576&amp;pageView=&amp;facet=ads_f8_ntk_cs%253AItalian&amp;minPrice=&amp;categoryId=25573&amp;storeId=10601&quot;,&quot;name&quot;:&quot;Italian&quot;,&quot;count&quot;:&quot;7&quot;,&quot;className&quot;:&quot;&quot;},{&quot;url&quot;:&quot;http://shop.coles.com.au/online/SearchDisplay?searchTermScope=&amp;multiSearch=&amp;searchType=2&amp;maxPrice=&amp;showResultsPage=true&amp;langId=-1&amp;beginIndex=0&amp;sType=SimpleSearch&amp;metaData=&amp;browseView=true&amp;manufacturer=&amp;resultCatEntryType=&amp;catalogId=10576&amp;pageView=&amp;facet=ads_f8_ntk_cs%253AItalian%2BDressing&amp;minPrice=&amp;categoryId=25573&amp;storeId=10601&quot;,&quot;name&quot;:&quot;Italian Dressing&quot;,&quot;count&quot;:&quot;3&quot;,&quot;className&quot;:&quot;&quot;},{&quot;url&quot;:&quot;http://shop.coles.com.au/online/SearchDisplay?searchTermScope=&amp;multiSearch=&amp;searchType=2&amp;maxPrice=&amp;showResultsPage=true&amp;langId=-1&amp;beginIndex=0&amp;sType=SimpleSearch&amp;metaData=&amp;browseView=true&amp;manufacturer=&amp;resultCatEntryType=&amp;catalogId=10576&amp;pageView=&amp;facet=ads_f8_ntk_cs%253AItalian%2BHerbs&amp;minPrice=&amp;categoryId=25573&amp;storeId=10601&quot;,&quot;name&quot;:&quot;Italian Herbs&quot;,&quot;count&quot;:&quot;3&quot;,&quot;className&quot;:&quot;&quot;},{&quot;url&quot;:&quot;http://shop.coles.com.au/online/SearchDisplay?searchTermScope=&amp;multiSearch=&amp;searchType=2&amp;maxPrice=&amp;showResultsPage=true&amp;langId=-1&amp;beginIndex=0&amp;sType=SimpleSearch&amp;metaData=&amp;browseView=true&amp;manufacturer=&amp;resultCatEntryType=&amp;catalogId=10576&amp;pageView=&amp;facet=ads_f8_ntk_cs%253AJam%2BBlends&amp;minPrice=&amp;categoryId=25573&amp;storeId=10601&quot;,&quot;name&quot;:&quot;Jam Blends&quot;,&quot;count&quot;:&quot;9&quot;,&quot;className&quot;:&quot;&quot;},{&quot;url&quot;:&quot;http://shop.coles.com.au/online/SearchDisplay?searchTermScope=&amp;multiSearch=&amp;searchType=2&amp;maxPrice=&amp;showResultsPage=true&amp;langId=-1&amp;beginIndex=0&amp;sType=SimpleSearch&amp;metaData=&amp;browseView=true&amp;manufacturer=&amp;resultCatEntryType=&amp;catalogId=10576&amp;pageView=&amp;facet=ads_f8_ntk_cs%253AJasmine%2BRice&amp;minPrice=&amp;categoryId=25573&amp;storeId=10601&quot;,&quot;name&quot;:&quot;Jasmine Rice&quot;,&quot;count&quot;:&quot;6&quot;,&quot;className&quot;:&quot;&quot;},{&quot;url&quot;:&quot;http://shop.coles.com.au/online/SearchDisplay?searchTermScope=&amp;multiSearch=&amp;searchType=2&amp;maxPrice=&amp;showResultsPage=true&amp;langId=-1&amp;beginIndex=0&amp;sType=SimpleSearch&amp;metaData=&amp;browseView=true&amp;manufacturer=&amp;resultCatEntryType=&amp;catalogId=10576&amp;pageView=&amp;facet=ads_f8_ntk_cs%253AJellies&amp;minPrice=&amp;categoryId=25573&amp;storeId=10601&quot;,&quot;name&quot;:&quot;Jellies&quot;,&quot;count&quot;:&quot;37&quot;,&quot;className&quot;:&quot;&quot;},{&quot;url&quot;:&quot;http://shop.coles.com.au/online/SearchDisplay?searchTermScope=&amp;multiSearch=&amp;searchType=2&amp;maxPrice=&amp;showResultsPage=true&amp;langId=-1&amp;beginIndex=0&amp;sType=SimpleSearch&amp;metaData=&amp;browseView=true&amp;manufacturer=&amp;resultCatEntryType=&amp;catalogId=10576&amp;pageView=&amp;facet=ads_f8_ntk_cs%253AJelly%2BCrystals&amp;minPrice=&amp;categoryId=25573&amp;storeId=10601&quot;,&quot;name&quot;:&quot;Jelly Crystals&quot;,&quot;count&quot;:&quot;34&quot;,&quot;className&quot;:&quot;&quot;},{&quot;url&quot;:&quot;http://shop.coles.com.au/online/SearchDisplay?searchTermScope=&amp;multiSearch=&amp;searchType=2&amp;maxPrice=&amp;showResultsPage=true&amp;langId=-1&amp;beginIndex=0&amp;sType=SimpleSearch&amp;metaData=&amp;browseView=true&amp;manufacturer=&amp;resultCatEntryType=&amp;catalogId=10576&amp;pageView=&amp;facet=ads_f8_ntk_cs%253AKid%2527s%2BCereals&amp;minPrice=&amp;categoryId=25573&amp;storeId=10601&quot;,&quot;name&quot;:&quot;Kid's Cereals&quot;,&quot;count&quot;:&quot;20&quot;,&quot;className&quot;:&quot;&quot;},{&quot;url&quot;:&quot;http://shop.coles.com.au/online/SearchDisplay?searchTermScope=&amp;multiSearch=&amp;searchType=2&amp;maxPrice=&amp;showResultsPage=true&amp;langId=-1&amp;beginIndex=0&amp;sType=SimpleSearch&amp;metaData=&amp;browseView=true&amp;manufacturer=&amp;resultCatEntryType=&amp;catalogId=10576&amp;pageView=&amp;facet=ads_f8_ntk_cs%253ALasagne&amp;minPrice=&amp;categoryId=25573&amp;storeId=10601&quot;,&quot;name&quot;:&quot;Lasagne&quot;,&quot;count&quot;:&quot;8&quot;,&quot;className&quot;:&quot;&quot;},{&quot;url&quot;:&quot;http://shop.coles.com.au/online/SearchDisplay?searchTermScope=&amp;multiSearch=&amp;searchType=2&amp;maxPrice=&amp;showResultsPage=true&amp;langId=-1&amp;beginIndex=0&amp;sType=SimpleSearch&amp;metaData=&amp;browseView=true&amp;manufacturer=&amp;resultCatEntryType=&amp;catalogId=10576&amp;pageView=&amp;facet=ads_f8_ntk_cs%253ALemon%2BIced%2BTea&amp;minPrice=&amp;categoryId=25573&amp;storeId=10601&quot;,&quot;name&quot;:&quot;Lemon Iced Tea&quot;,&quot;count&quot;:&quot;2&quot;,&quot;className&quot;:&quot;&quot;},{&quot;url&quot;:&quot;http://shop.coles.com.au/online/SearchDisplay?searchTermScope=&amp;multiSearch=&amp;searchType=2&amp;maxPrice=&amp;showResultsPage=true&amp;langId=-1&amp;beginIndex=0&amp;sType=SimpleSearch&amp;metaData=&amp;browseView=true&amp;manufacturer=&amp;resultCatEntryType=&amp;catalogId=10576&amp;pageView=&amp;facet=ads_f8_ntk_cs%253ALemon%252C%2BLime%2B%2526%2BCitrus%2BJam&amp;minPrice=&amp;categoryId=25573&amp;storeId=10601&quot;,&quot;name&quot;:&quot;Lemon, Lime &amp; Citrus Jam&quot;,&quot;count&quot;:&quot;5&quot;,&quot;className&quot;:&quot;&quot;},{&quot;url&quot;:&quot;http://shop.coles.com.au/online/SearchDisplay?searchTermScope=&amp;multiSearch=&amp;searchType=2&amp;maxPrice=&amp;showResultsPage=true&amp;langId=-1&amp;beginIndex=0&amp;sType=SimpleSearch&amp;metaData=&amp;browseView=true&amp;manufacturer=&amp;resultCatEntryType=&amp;catalogId=10576&amp;pageView=&amp;facet=ads_f8_ntk_cs%253ALentils&amp;minPrice=&amp;categoryId=25573&amp;storeId=10601&quot;,&quot;name&quot;:&quot;Lentils&quot;,&quot;count&quot;:&quot;8&quot;,&quot;className&quot;:&quot;&quot;},{&quot;url&quot;:&quot;http://shop.coles.com.au/online/SearchDisplay?searchTermScope=&amp;multiSearch=&amp;searchType=2&amp;maxPrice=&amp;showResultsPage=true&amp;langId=-1&amp;beginIndex=0&amp;sType=SimpleSearch&amp;metaData=&amp;browseView=true&amp;manufacturer=&amp;resultCatEntryType=&amp;catalogId=10576&amp;pageView=&amp;facet=ads_f8_ntk_cs%253ALicorice&amp;minPrice=&amp;categoryId=25573&amp;storeId=10601&quot;,&quot;name&quot;:&quot;Licorice&quot;,&quot;count&quot;:&quot;14&quot;,&quot;className&quot;:&quot;&quot;},{&quot;url&quot;:&quot;http://shop.coles.com.au/online/SearchDisplay?searchTermScope=&amp;multiSearch=&amp;searchType=2&amp;maxPrice=&amp;showResultsPage=true&amp;langId=-1&amp;beginIndex=0&amp;sType=SimpleSearch&amp;metaData=&amp;browseView=true&amp;manufacturer=&amp;resultCatEntryType=&amp;catalogId=10576&amp;pageView=&amp;facet=ads_f8_ntk_cs%253ALinguine&amp;minPrice=&amp;categoryId=25573&amp;storeId=10601&quot;,&quot;name&quot;:&quot;Linguine&quot;,&quot;count&quot;:&quot;2&quot;,&quot;className&quot;:&quot;&quot;},{&quot;url&quot;:&quot;http://shop.coles.com.au/online/SearchDisplay?searchTermScope=&amp;multiSearch=&amp;searchType=2&amp;maxPrice=&amp;showResultsPage=true&amp;langId=-1&amp;beginIndex=0&amp;sType=SimpleSearch&amp;metaData=&amp;browseView=true&amp;manufacturer=&amp;resultCatEntryType=&amp;catalogId=10576&amp;pageView=&amp;facet=ads_f8_ntk_cs%253ALiquid%2BGravy%2B%2526%2BSauces&amp;minPrice=&amp;categoryId=25573&amp;storeId=10601&quot;,&quot;name&quot;:&quot;Liquid Gravy &amp; Sauces&quot;,&quot;count&quot;:&quot;25&quot;,&quot;className&quot;:&quot;&quot;},{&quot;url&quot;:&quot;http://shop.coles.com.au/online/SearchDisplay?searchTermScope=&amp;multiSearch=&amp;searchType=2&amp;maxPrice=&amp;showResultsPage=true&amp;langId=-1&amp;beginIndex=0&amp;sType=SimpleSearch&amp;metaData=&amp;browseView=true&amp;manufacturer=&amp;resultCatEntryType=&amp;catalogId=10576&amp;pageView=&amp;facet=ads_f8_ntk_cs%253ALite%2BCream&amp;minPrice=&amp;categoryId=25573&amp;storeId=10601&quot;,&quot;name&quot;:&quot;Lite Cream&quot;,&quot;count&quot;:&quot;1&quot;,&quot;className&quot;:&quot;&quot;},{&quot;url&quot;:&quot;http://shop.coles.com.au/online/SearchDisplay?searchTermScope=&amp;multiSearch=&amp;searchType=2&amp;maxPrice=&amp;showResultsPage=true&amp;langId=-1&amp;beginIndex=0&amp;sType=SimpleSearch&amp;metaData=&amp;browseView=true&amp;manufacturer=&amp;resultCatEntryType=&amp;catalogId=10576&amp;pageView=&amp;facet=ads_f8_ntk_cs%253ALollipops&amp;minPrice=&amp;categoryId=25573&amp;storeId=10601&quot;,&quot;name&quot;:&quot;Lollipops&quot;,&quot;count&quot;:&quot;5&quot;,&quot;className&quot;:&quot;&quot;},{&quot;url&quot;:&quot;http://shop.coles.com.au/online/SearchDisplay?searchTermScope=&amp;multiSearch=&amp;searchType=2&amp;maxPrice=&amp;showResultsPage=true&amp;langId=-1&amp;beginIndex=0&amp;sType=SimpleSearch&amp;metaData=&amp;browseView=true&amp;manufacturer=&amp;resultCatEntryType=&amp;catalogId=10576&amp;pageView=&amp;facet=ads_f8_ntk_cs%253ALong%2BGrain%2BRice&amp;minPrice=&amp;categoryId=25573&amp;storeId=10601&quot;,&quot;name&quot;:&quot;Long Grain Rice&quot;,&quot;count&quot;:&quot;7&quot;,&quot;className&quot;:&quot;&quot;},{&quot;url&quot;:&quot;http://shop.coles.com.au/online/SearchDisplay?searchTermScope=&amp;multiSearch=&amp;searchType=2&amp;maxPrice=&amp;showResultsPage=true&amp;langId=-1&amp;beginIndex=0&amp;sType=SimpleSearch&amp;metaData=&amp;browseView=true&amp;manufacturer=&amp;resultCatEntryType=&amp;catalogId=10576&amp;pageView=&amp;facet=ads_f8_ntk_cs%253ALong%2BPasta&amp;minPrice=&amp;categoryId=25573&amp;storeId=10601&quot;,&quot;name&quot;:&quot;Long Pasta&quot;,&quot;count&quot;:&quot;5&quot;,&quot;className&quot;:&quot;&quot;},{&quot;url&quot;:&quot;http://shop.coles.com.au/online/SearchDisplay?searchTermScope=&amp;multiSearch=&amp;searchType=2&amp;maxPrice=&amp;showResultsPage=true&amp;langId=-1&amp;beginIndex=0&amp;sType=SimpleSearch&amp;metaData=&amp;browseView=true&amp;manufacturer=&amp;resultCatEntryType=&amp;catalogId=10576&amp;pageView=&amp;facet=ads_f8_ntk_cs%253AMacadamias&amp;minPrice=&amp;categoryId=25573&amp;storeId=10601&quot;,&quot;name&quot;:&quot;Macadamias&quot;,&quot;count&quot;:&quot;3&quot;,&quot;className&quot;:&quot;&quot;},{&quot;url&quot;:&quot;http://shop.coles.com.au/online/SearchDisplay?searchTermScope=&amp;multiSearch=&amp;searchType=2&amp;maxPrice=&amp;showResultsPage=true&amp;langId=-1&amp;beginIndex=0&amp;sType=SimpleSearch&amp;metaData=&amp;browseView=true&amp;manufacturer=&amp;resultCatEntryType=&amp;catalogId=10576&amp;pageView=&amp;facet=ads_f8_ntk_cs%253AMacaroni&amp;minPrice=&amp;categoryId=25573&amp;storeId=10601&quot;,&quot;name&quot;:&quot;Macaroni&quot;,&quot;count&quot;:&quot;3&quot;,&quot;className&quot;:&quot;&quot;},{&quot;url&quot;:&quot;http://shop.coles.com.au/online/SearchDisplay?searchTermScope=&amp;multiSearch=&amp;searchType=2&amp;maxPrice=&amp;showResultsPage=true&amp;langId=-1&amp;beginIndex=0&amp;sType=SimpleSearch&amp;metaData=&amp;browseView=true&amp;manufacturer=&amp;resultCatEntryType=&amp;catalogId=10576&amp;pageView=&amp;facet=ads_f8_ntk_cs%253AMackerel&amp;minPrice=&amp;categoryId=25573&amp;storeId=10601&quot;,&quot;name&quot;:&quot;Mackerel&quot;,&quot;count&quot;:&quot;3&quot;,&quot;className&quot;:&quot;&quot;},{&quot;url&quot;:&quot;http://shop.coles.com.au/online/SearchDisplay?searchTermScope=&amp;multiSearch=&amp;searchType=2&amp;maxPrice=&amp;showResultsPage=true&amp;langId=-1&amp;beginIndex=0&amp;sType=SimpleSearch&amp;metaData=&amp;browseView=true&amp;manufacturer=&amp;resultCatEntryType=&amp;catalogId=10576&amp;pageView=&amp;facet=ads_f8_ntk_cs%253AMarinades&amp;minPrice=&amp;categoryId=25573&amp;storeId=10601&quot;,&quot;name&quot;:&quot;Marinades&quot;,&quot;count&quot;:&quot;18&quot;,&quot;className&quot;:&quot;&quot;},{&quot;url&quot;:&quot;http://shop.coles.com.au/online/SearchDisplay?searchTermScope=&amp;multiSearch=&amp;searchType=2&amp;maxPrice=&amp;showResultsPage=true&amp;langId=-1&amp;beginIndex=0&amp;sType=SimpleSearch&amp;metaData=&amp;browseView=true&amp;manufacturer=&amp;resultCatEntryType=&amp;catalogId=10576&amp;pageView=&amp;facet=ads_f8_ntk_cs%253AMarjoram&amp;minPrice=&amp;categoryId=25573&amp;storeId=10601&quot;,&quot;name&quot;:&quot;Marjoram&quot;,&quot;count&quot;:&quot;1&quot;,&quot;className&quot;:&quot;&quot;},{&quot;url&quot;:&quot;http://shop.coles.com.au/online/SearchDisplay?searchTermScope=&amp;multiSearch=&amp;searchType=2&amp;maxPrice=&amp;showResultsPage=true&amp;langId=-1&amp;beginIndex=0&amp;sType=SimpleSearch&amp;metaData=&amp;browseView=true&amp;manufacturer=&amp;resultCatEntryType=&amp;catalogId=10576&amp;pageView=&amp;facet=ads_f8_ntk_cs%253AMarmalade%2BJam&amp;minPrice=&amp;categoryId=25573&amp;storeId=10601&quot;,&quot;name&quot;:&quot;Marmalade Jam&quot;,&quot;count&quot;:&quot;17&quot;,&quot;className&quot;:&quot;&quot;},{&quot;url&quot;:&quot;http://shop.coles.com.au/online/SearchDisplay?searchTermScope=&amp;multiSearch=&amp;searchType=2&amp;maxPrice=&amp;showResultsPage=true&amp;langId=-1&amp;beginIndex=0&amp;sType=SimpleSearch&amp;metaData=&amp;browseView=true&amp;manufacturer=&amp;resultCatEntryType=&amp;catalogId=10576&amp;pageView=&amp;facet=ads_f8_ntk_cs%253AMarshmallows&amp;minPrice=&amp;categoryId=25573&amp;storeId=10601&quot;,&quot;name&quot;:&quot;Marshmallows&quot;,&quot;count&quot;:&quot;7&quot;,&quot;className&quot;:&quot;&quot;},{&quot;url&quot;:&quot;http://shop.coles.com.au/online/SearchDisplay?searchTermScope=&amp;multiSearch=&amp;searchType=2&amp;maxPrice=&amp;showResultsPage=true&amp;langId=-1&amp;beginIndex=0&amp;sType=SimpleSearch&amp;metaData=&amp;browseView=true&amp;manufacturer=&amp;resultCatEntryType=&amp;catalogId=10576&amp;pageView=&amp;facet=ads_f8_ntk_cs%253AMayonnaise%2BJars&amp;minPrice=&amp;categoryId=25573&amp;storeId=10601&quot;,&quot;name&quot;:&quot;Mayonnaise Jars&quot;,&quot;count&quot;:&quot;21&quot;,&quot;className&quot;:&quot;&quot;},{&quot;url&quot;:&quot;http://shop.coles.com.au/online/SearchDisplay?searchTermScope=&amp;multiSearch=&amp;searchType=2&amp;maxPrice=&amp;showResultsPage=true&amp;langId=-1&amp;beginIndex=0&amp;sType=SimpleSearch&amp;metaData=&amp;browseView=true&amp;manufacturer=&amp;resultCatEntryType=&amp;catalogId=10576&amp;pageView=&amp;facet=ads_f8_ntk_cs%253AMeal%2BKits&amp;minPrice=&amp;categoryId=25573&amp;storeId=10601&quot;,&quot;name&quot;:&quot;Meal Kits&quot;,&quot;count&quot;:&quot;6&quot;,&quot;className&quot;:&quot;&quot;},{&quot;url&quot;:&quot;http://shop.coles.com.au/online/SearchDisplay?searchTermScope=&amp;multiSearch=&amp;searchType=2&amp;maxPrice=&amp;showResultsPage=true&amp;langId=-1&amp;beginIndex=0&amp;sType=SimpleSearch&amp;metaData=&amp;browseView=true&amp;manufacturer=&amp;resultCatEntryType=&amp;catalogId=10576&amp;pageView=&amp;facet=ads_f8_ntk_cs%253AMeat%2BSeasonings&amp;minPrice=&amp;categoryId=25573&amp;storeId=10601&quot;,&quot;name&quot;:&quot;Meat Seasonings&quot;,&quot;count&quot;:&quot;3&quot;,&quot;className&quot;:&quot;&quot;},{&quot;url&quot;:&quot;http://shop.coles.com.au/online/SearchDisplay?searchTermScope=&amp;multiSearch=&amp;searchType=2&amp;maxPrice=&amp;showResultsPage=true&amp;langId=-1&amp;beginIndex=0&amp;sType=SimpleSearch&amp;metaData=&amp;browseView=true&amp;manufacturer=&amp;resultCatEntryType=&amp;catalogId=10576&amp;pageView=&amp;facet=ads_f8_ntk_cs%253AMedicated%2BLozenges&amp;minPrice=&amp;categoryId=25573&amp;storeId=10601&quot;,&quot;name&quot;:&quot;Medicated Lozenges&quot;,&quot;count&quot;:&quot;22&quot;,&quot;className&quot;:&quot;&quot;},{&quot;url&quot;:&quot;http://shop.coles.com.au/online/SearchDisplay?searchTermScope=&amp;multiSearch=&amp;searchType=2&amp;maxPrice=&amp;showResultsPage=true&amp;langId=-1&amp;beginIndex=0&amp;sType=SimpleSearch&amp;metaData=&amp;browseView=true&amp;manufacturer=&amp;resultCatEntryType=&amp;catalogId=10576&amp;pageView=&amp;facet=ads_f8_ntk_cs%253AMilk%2BChocolate&amp;minPrice=&amp;categoryId=25573&amp;storeId=10601&quot;,&quot;name&quot;:&quot;Milk Chocolate&quot;,&quot;count&quot;:&quot;10&quot;,&quot;className&quot;:&quot;&quot;},{&quot;url&quot;:&quot;http://shop.coles.com.au/online/SearchDisplay?searchTermScope=&amp;multiSearch=&amp;searchType=2&amp;maxPrice=&amp;showResultsPage=true&amp;langId=-1&amp;beginIndex=0&amp;sType=SimpleSearch&amp;metaData=&amp;browseView=true&amp;manufacturer=&amp;resultCatEntryType=&amp;catalogId=10576&amp;pageView=&amp;facet=ads_f8_ntk_cs%253AMints%2B%2526%2BBreath%2BFresheners&amp;minPrice=&amp;categoryId=25573&amp;storeId=10601&quot;,&quot;name&quot;:&quot;Mints &amp; Breath Fresheners&quot;,&quot;count&quot;:&quot;21&quot;,&quot;className&quot;:&quot;&quot;},{&quot;url&quot;:&quot;http://shop.coles.com.au/online/SearchDisplay?searchTermScope=&amp;multiSearch=&amp;searchType=2&amp;maxPrice=&amp;showResultsPage=true&amp;langId=-1&amp;beginIndex=0&amp;sType=SimpleSearch&amp;metaData=&amp;browseView=true&amp;manufacturer=&amp;resultCatEntryType=&amp;catalogId=10576&amp;pageView=&amp;facet=ads_f8_ntk_cs%253AMiso&amp;minPrice=&amp;categoryId=25573&amp;storeId=10601&quot;,&quot;name&quot;:&quot;Miso&quot;,&quot;count&quot;:&quot;4&quot;,&quot;className&quot;:&quot;&quot;},{&quot;url&quot;:&quot;http://shop.coles.com.au/online/SearchDisplay?searchTermScope=&amp;multiSearch=&amp;searchType=2&amp;maxPrice=&amp;showResultsPage=true&amp;langId=-1&amp;beginIndex=0&amp;sType=SimpleSearch&amp;metaData=&amp;browseView=true&amp;manufacturer=&amp;resultCatEntryType=&amp;catalogId=10576&amp;pageView=&amp;facet=ads_f8_ntk_cs%253AMixed%2BAntipasto&amp;minPrice=&amp;categoryId=25573&amp;storeId=10601&quot;,&quot;name&quot;:&quot;Mixed Antipasto&quot;,&quot;count&quot;:&quot;2&quot;,&quot;className&quot;:&quot;&quot;},{&quot;url&quot;:&quot;http://shop.coles.com.au/online/SearchDisplay?searchTermScope=&amp;multiSearch=&amp;searchType=2&amp;maxPrice=&amp;showResultsPage=true&amp;langId=-1&amp;beginIndex=0&amp;sType=SimpleSearch&amp;metaData=&amp;browseView=true&amp;manufacturer=&amp;resultCatEntryType=&amp;catalogId=10576&amp;pageView=&amp;facet=ads_f8_ntk_cs%253AMixed%2BFruit&amp;minPrice=&amp;categoryId=25573&amp;storeId=10601&quot;,&quot;name&quot;:&quot;Mixed Fruit&quot;,&quot;count&quot;:&quot;27&quot;,&quot;className&quot;:&quot;&quot;},{&quot;url&quot;:&quot;http://shop.coles.com.au/online/SearchDisplay?searchTermScope=&amp;multiSearch=&amp;searchType=2&amp;maxPrice=&amp;showResultsPage=true&amp;langId=-1&amp;beginIndex=0&amp;sType=SimpleSearch&amp;metaData=&amp;browseView=true&amp;manufacturer=&amp;resultCatEntryType=&amp;catalogId=10576&amp;pageView=&amp;facet=ads_f8_ntk_cs%253AMixed%2BFruit%2B%2526%2BNuts&amp;minPrice=&amp;categoryId=25573&amp;storeId=10601&quot;,&quot;name&quot;:&quot;Mixed Fruit &amp; Nuts&quot;,&quot;count&quot;:&quot;32&quot;,&quot;className&quot;:&quot;&quot;},{&quot;url&quot;:&quot;http://shop.coles.com.au/online/SearchDisplay?searchTermScope=&amp;multiSearch=&amp;searchType=2&amp;maxPrice=&amp;showResultsPage=true&amp;langId=-1&amp;beginIndex=0&amp;sType=SimpleSearch&amp;metaData=&amp;browseView=true&amp;manufacturer=&amp;resultCatEntryType=&amp;catalogId=10576&amp;pageView=&amp;facet=ads_f8_ntk_cs%253AMixed%2BGrain%2BCereals&amp;minPrice=&amp;categoryId=25573&amp;storeId=10601&quot;,&quot;name&quot;:&quot;Mixed Grain Cereals&quot;,&quot;count&quot;:&quot;38&quot;,&quot;className&quot;:&quot;&quot;},{&quot;url&quot;:&quot;http://shop.coles.com.au/online/SearchDisplay?searchTermScope=&amp;multiSearch=&amp;searchType=2&amp;maxPrice=&amp;showResultsPage=true&amp;langId=-1&amp;beginIndex=0&amp;sType=SimpleSearch&amp;metaData=&amp;browseView=true&amp;manufacturer=&amp;resultCatEntryType=&amp;catalogId=10576&amp;pageView=&amp;facet=ads_f8_ntk_cs%253AMixed%2BHerbs&amp;minPrice=&amp;categoryId=25573&amp;storeId=10601&quot;,&quot;name&quot;:&quot;Mixed Herbs&quot;,&quot;count&quot;:&quot;5&quot;,&quot;className&quot;:&quot;&quot;},{&quot;url&quot;:&quot;http://shop.coles.com.au/online/SearchDisplay?searchTermScope=&amp;multiSearch=&amp;searchType=2&amp;maxPrice=&amp;showResultsPage=true&amp;langId=-1&amp;beginIndex=0&amp;sType=SimpleSearch&amp;metaData=&amp;browseView=true&amp;manufacturer=&amp;resultCatEntryType=&amp;catalogId=10576&amp;pageView=&amp;facet=ads_f8_ntk_cs%253AMixed%2BNuts&amp;minPrice=&amp;categoryId=25573&amp;storeId=10601&quot;,&quot;name&quot;:&quot;Mixed Nuts&quot;,&quot;count&quot;:&quot;6&quot;,&quot;className&quot;:&quot;&quot;},{&quot;url&quot;:&quot;http://shop.coles.com.au/online/SearchDisplay?searchTermScope=&amp;multiSearch=&amp;searchType=2&amp;maxPrice=&amp;showResultsPage=true&amp;langId=-1&amp;beginIndex=0&amp;sType=SimpleSearch&amp;metaData=&amp;browseView=true&amp;manufacturer=&amp;resultCatEntryType=&amp;catalogId=10576&amp;pageView=&amp;facet=ads_f8_ntk_cs%253AMixed%2BSpice&amp;minPrice=&amp;categoryId=25573&amp;storeId=10601&quot;,&quot;name&quot;:&quot;Mixed Spice&quot;,&quot;count&quot;:&quot;8&quot;,&quot;className&quot;:&quot;&quot;},{&quot;url&quot;:&quot;http://shop.coles.com.au/online/SearchDisplay?searchTermScope=&amp;multiSearch=&amp;searchType=2&amp;maxPrice=&amp;showResultsPage=true&amp;langId=-1&amp;beginIndex=0&amp;sType=SimpleSearch&amp;metaData=&amp;browseView=true&amp;manufacturer=&amp;resultCatEntryType=&amp;catalogId=10576&amp;pageView=&amp;facet=ads_f8_ntk_cs%253AMixed%2BVegetables&amp;minPrice=&amp;categoryId=25573&amp;storeId=10601&quot;,&quot;name&quot;:&quot;Mixed Vegetables&quot;,&quot;count&quot;:&quot;8&quot;,&quot;className&quot;:&quot;&quot;},{&quot;url&quot;:&quot;http://shop.coles.com.au/online/SearchDisplay?searchTermScope=&amp;multiSearch=&amp;searchType=2&amp;maxPrice=&amp;showResultsPage=true&amp;langId=-1&amp;beginIndex=0&amp;sType=SimpleSearch&amp;metaData=&amp;browseView=true&amp;manufacturer=&amp;resultCatEntryType=&amp;catalogId=10576&amp;pageView=&amp;facet=ads_f8_ntk_cs%253AMousse%2B%2526%2BJelly&amp;minPrice=&amp;categoryId=25573&amp;storeId=10601&quot;,&quot;name&quot;:&quot;Mousse &amp; Jelly&quot;,&quot;count&quot;:&quot;2&quot;,&quot;className&quot;:&quot;&quot;},{&quot;url&quot;:&quot;http://shop.coles.com.au/online/SearchDisplay?searchTermScope=&amp;multiSearch=&amp;searchType=2&amp;maxPrice=&amp;showResultsPage=true&amp;langId=-1&amp;beginIndex=0&amp;sType=SimpleSearch&amp;metaData=&amp;browseView=true&amp;manufacturer=&amp;resultCatEntryType=&amp;catalogId=10576&amp;pageView=&amp;facet=ads_f8_ntk_cs%253AMuesli&amp;minPrice=&amp;categoryId=25573&amp;storeId=10601&quot;,&quot;name&quot;:&quot;Muesli&quot;,&quot;count&quot;:&quot;27&quot;,&quot;className&quot;:&quot;&quot;},{&quot;url&quot;:&quot;http://shop.coles.com.au/online/SearchDisplay?searchTermScope=&amp;multiSearch=&amp;searchType=2&amp;maxPrice=&amp;showResultsPage=true&amp;langId=-1&amp;beginIndex=0&amp;sType=SimpleSearch&amp;metaData=&amp;browseView=true&amp;manufacturer=&amp;resultCatEntryType=&amp;catalogId=10576&amp;pageView=&amp;facet=ads_f8_ntk_cs%253AMuesli%2BBars&amp;minPrice=&amp;categoryId=25573&amp;storeId=10601&quot;,&quot;name&quot;:&quot;Muesli Bars&quot;,&quot;count&quot;:&quot;64&quot;,&quot;className&quot;:&quot;&quot;},{&quot;url&quot;:&quot;http://shop.coles.com.au/online/SearchDisplay?searchTermScope=&amp;multiSearch=&amp;searchType=2&amp;maxPrice=&amp;showResultsPage=true&amp;langId=-1&amp;beginIndex=0&amp;sType=SimpleSearch&amp;metaData=&amp;browseView=true&amp;manufacturer=&amp;resultCatEntryType=&amp;catalogId=10576&amp;pageView=&amp;facet=ads_f8_ntk_cs%253AMuffins%2BMix&amp;minPrice=&amp;categoryId=25573&amp;storeId=10601&quot;,&quot;name&quot;:&quot;Muffins Mix&quot;,&quot;count&quot;:&quot;20&quot;,&quot;className&quot;:&quot;&quot;},{&quot;url&quot;:&quot;http://shop.coles.com.au/online/SearchDisplay?searchTermScope=&amp;multiSearch=&amp;searchType=2&amp;maxPrice=&amp;showResultsPage=true&amp;langId=-1&amp;beginIndex=0&amp;sType=SimpleSearch&amp;metaData=&amp;browseView=true&amp;manufacturer=&amp;resultCatEntryType=&amp;catalogId=10576&amp;pageView=&amp;facet=ads_f8_ntk_cs%253AMulti-Grain%2BChips&amp;minPrice=&amp;categoryId=25573&amp;storeId=10601&quot;,&quot;name&quot;:&quot;Multi-Grain Chips&quot;,&quot;count&quot;:&quot;6&quot;,&quot;className&quot;:&quot;&quot;},{&quot;url&quot;:&quot;http://shop.coles.com.au/online/SearchDisplay?searchTermScope=&amp;multiSearch=&amp;searchType=2&amp;maxPrice=&amp;showResultsPage=true&amp;langId=-1&amp;beginIndex=0&amp;sType=SimpleSearch&amp;metaData=&amp;browseView=true&amp;manufacturer=&amp;resultCatEntryType=&amp;catalogId=10576&amp;pageView=&amp;facet=ads_f8_ntk_cs%253AMussels%2B%2526%2BShellfish&amp;minPrice=&amp;categoryId=25573&amp;storeId=10601&quot;,&quot;name&quot;:&quot;Mussels &amp; Shellfish&quot;,&quot;count&quot;:&quot;9&quot;,&quot;className&quot;:&quot;&quot;},{&quot;url&quot;:&quot;http://shop.coles.com.au/online/SearchDisplay?searchTermScope=&amp;multiSearch=&amp;searchType=2&amp;maxPrice=&amp;showResultsPage=true&amp;langId=-1&amp;beginIndex=0&amp;sType=SimpleSearch&amp;metaData=&amp;browseView=true&amp;manufacturer=&amp;resultCatEntryType=&amp;catalogId=10576&amp;pageView=&amp;facet=ads_f8_ntk_cs%253AMustard&amp;minPrice=&amp;categoryId=25573&amp;storeId=10601&quot;,&quot;name&quot;:&quot;Mustard&quot;,&quot;count&quot;:&quot;21&quot;,&quot;className&quot;:&quot;&quot;},{&quot;url&quot;:&quot;http://shop.coles.com.au/online/SearchDisplay?searchTermScope=&amp;multiSearch=&amp;searchType=2&amp;maxPrice=&amp;showResultsPage=true&amp;langId=-1&amp;beginIndex=0&amp;sType=SimpleSearch&amp;metaData=&amp;browseView=true&amp;manufacturer=&amp;resultCatEntryType=&amp;catalogId=10576&amp;pageView=&amp;facet=ads_f8_ntk_cs%253ANoodle%2BSides&amp;minPrice=&amp;categoryId=25573&amp;storeId=10601&quot;,&quot;name&quot;:&quot;Noodle Sides&quot;,&quot;count&quot;:&quot;1&quot;,&quot;className&quot;:&quot;&quot;},{&quot;url&quot;:&quot;http://shop.coles.com.au/online/SearchDisplay?searchTermScope=&amp;multiSearch=&amp;searchType=2&amp;maxPrice=&amp;showResultsPage=true&amp;langId=-1&amp;beginIndex=0&amp;sType=SimpleSearch&amp;metaData=&amp;browseView=true&amp;manufacturer=&amp;resultCatEntryType=&amp;catalogId=10576&amp;pageView=&amp;facet=ads_f8_ntk_cs%253ANoodle%2BSnacks&amp;minPrice=&amp;categoryId=25573&amp;storeId=10601&quot;,&quot;name&quot;:&quot;Noodle Snacks&quot;,&quot;count&quot;:&quot;1&quot;,&quot;className&quot;:&quot;&quot;},{&quot;url&quot;:&quot;http://shop.coles.com.au/online/SearchDisplay?searchTermScope=&amp;multiSearch=&amp;searchType=2&amp;maxPrice=&amp;showResultsPage=true&amp;langId=-1&amp;beginIndex=0&amp;sType=SimpleSearch&amp;metaData=&amp;browseView=true&amp;manufacturer=&amp;resultCatEntryType=&amp;catalogId=10576&amp;pageView=&amp;facet=ads_f8_ntk_cs%253ANutmeg&amp;minPrice=&amp;categoryId=25573&amp;storeId=10601&quot;,&quot;name&quot;:&quot;Nutmeg&quot;,&quot;count&quot;:&quot;4&quot;,&quot;className&quot;:&quot;&quot;},{&quot;url&quot;:&quot;http://shop.coles.com.au/online/SearchDisplay?searchTermScope=&amp;multiSearch=&amp;searchType=2&amp;maxPrice=&amp;showResultsPage=true&amp;langId=-1&amp;beginIndex=0&amp;sType=SimpleSearch&amp;metaData=&amp;browseView=true&amp;manufacturer=&amp;resultCatEntryType=&amp;catalogId=10576&amp;pageView=&amp;facet=ads_f8_ntk_cs%253ANuts&amp;minPrice=&amp;categoryId=25573&amp;storeId=10601&quot;,&quot;name&quot;:&quot;Nuts&quot;,&quot;count&quot;:&quot;9&quot;,&quot;className&quot;:&quot;&quot;},{&quot;url&quot;:&quot;http://shop.coles.com.au/online/SearchDisplay?searchTermScope=&amp;multiSearch=&amp;searchType=2&amp;maxPrice=&amp;showResultsPage=true&amp;langId=-1&amp;beginIndex=0&amp;sType=SimpleSearch&amp;metaData=&amp;browseView=true&amp;manufacturer=&amp;resultCatEntryType=&amp;catalogId=10576&amp;pageView=&amp;facet=ads_f8_ntk_cs%253ANuts%2B%2526%2BSeeds&amp;minPrice=&amp;categoryId=25573&amp;storeId=10601&quot;,&quot;name&quot;:&quot;Nuts &amp; Seeds&quot;,&quot;count&quot;:&quot;35&quot;,&quot;className&quot;:&quot;&quot;},{&quot;url&quot;:&quot;http://shop.coles.com.au/online/SearchDisplay?searchTermScope=&amp;multiSearch=&amp;searchType=2&amp;maxPrice=&amp;showResultsPage=true&amp;langId=-1&amp;beginIndex=0&amp;sType=SimpleSearch&amp;metaData=&amp;browseView=true&amp;manufacturer=&amp;resultCatEntryType=&amp;catalogId=10576&amp;pageView=&amp;facet=ads_f8_ntk_cs%253AOat%2BBars&amp;minPrice=&amp;categoryId=25573&amp;storeId=10601&quot;,&quot;name&quot;:&quot;Oat Bars&quot;,&quot;count&quot;:&quot;8&quot;,&quot;className&quot;:&quot;&quot;},{&quot;url&quot;:&quot;http://shop.coles.com.au/online/SearchDisplay?searchTermScope=&amp;multiSearch=&amp;searchType=2&amp;maxPrice=&amp;showResultsPage=true&amp;langId=-1&amp;beginIndex=0&amp;sType=SimpleSearch&amp;metaData=&amp;browseView=true&amp;manufacturer=&amp;resultCatEntryType=&amp;catalogId=10576&amp;pageView=&amp;facet=ads_f8_ntk_cs%253AOat%2BCereals&amp;minPrice=&amp;categoryId=25573&amp;storeId=10601&quot;,&quot;name&quot;:&quot;Oat Cereals&quot;,&quot;count&quot;:&quot;7&quot;,&quot;className&quot;:&quot;&quot;},{&quot;url&quot;:&quot;http://shop.coles.com.au/online/SearchDisplay?searchTermScope=&amp;multiSearch=&amp;searchType=2&amp;maxPrice=&amp;showResultsPage=true&amp;langId=-1&amp;beginIndex=0&amp;sType=SimpleSearch&amp;metaData=&amp;browseView=true&amp;manufacturer=&amp;resultCatEntryType=&amp;catalogId=10576&amp;pageView=&amp;facet=ads_f8_ntk_cs%253AOats&amp;minPrice=&amp;categoryId=25573&amp;storeId=10601&quot;,&quot;name&quot;:&quot;Oats&quot;,&quot;count&quot;:&quot;39&quot;,&quot;className&quot;:&quot;&quot;},{&quot;url&quot;:&quot;http://shop.coles.com.au/online/SearchDisplay?searchTermScope=&amp;multiSearch=&amp;searchType=2&amp;maxPrice=&amp;showResultsPage=true&amp;langId=-1&amp;beginIndex=0&amp;sType=SimpleSearch&amp;metaData=&amp;browseView=true&amp;manufacturer=&amp;resultCatEntryType=&amp;catalogId=10576&amp;pageView=&amp;facet=ads_f8_ntk_cs%253AOlive%2BOil&amp;minPrice=&amp;categoryId=25573&amp;storeId=10601&quot;,&quot;name&quot;:&quot;Olive Oil&quot;,&quot;count&quot;:&quot;48&quot;,&quot;className&quot;:&quot;&quot;},{&quot;url&quot;:&quot;http://shop.coles.com.au/online/SearchDisplay?searchTermScope=&amp;multiSearch=&amp;searchType=2&amp;maxPrice=&amp;showResultsPage=true&amp;langId=-1&amp;beginIndex=0&amp;sType=SimpleSearch&amp;metaData=&amp;browseView=true&amp;manufacturer=&amp;resultCatEntryType=&amp;catalogId=10576&amp;pageView=&amp;facet=ads_f8_ntk_cs%253AOlives&amp;minPrice=&amp;categoryId=25573&amp;storeId=10601&quot;,&quot;name&quot;:&quot;Olives&quot;,&quot;count&quot;:&quot;40&quot;,&quot;className&quot;:&quot;&quot;},{&quot;url&quot;:&quot;http://shop.coles.com.au/online/SearchDisplay?searchTermScope=&amp;multiSearch=&amp;searchType=2&amp;maxPrice=&amp;showResultsPage=true&amp;langId=-1&amp;beginIndex=0&amp;sType=SimpleSearch&amp;metaData=&amp;browseView=true&amp;manufacturer=&amp;resultCatEntryType=&amp;catalogId=10576&amp;pageView=&amp;facet=ads_f8_ntk_cs%253AOnion&amp;minPrice=&amp;categoryId=25573&amp;storeId=10601&quot;,&quot;name&quot;:&quot;Onion&quot;,&quot;count&quot;:&quot;14&quot;,&quot;className&quot;:&quot;&quot;},{&quot;url&quot;:&quot;http://shop.coles.com.au/online/SearchDisplay?searchTermScope=&amp;multiSearch=&amp;searchType=2&amp;maxPrice=&amp;showResultsPage=true&amp;langId=-1&amp;beginIndex=0&amp;sType=SimpleSearch&amp;metaData=&amp;browseView=true&amp;manufacturer=&amp;resultCatEntryType=&amp;catalogId=10576&amp;pageView=&amp;facet=ads_f8_ntk_cs%253AOregano&amp;minPrice=&amp;categoryId=25573&amp;storeId=10601&quot;,&quot;name&quot;:&quot;Oregano&quot;,&quot;count&quot;:&quot;4&quot;,&quot;className&quot;:&quot;&quot;},{&quot;url&quot;:&quot;http://shop.coles.com.au/online/SearchDisplay?searchTermScope=&amp;multiSearch=&amp;searchType=2&amp;maxPrice=&amp;showResultsPage=true&amp;langId=-1&amp;beginIndex=0&amp;sType=SimpleSearch&amp;metaData=&amp;browseView=true&amp;manufacturer=&amp;resultCatEntryType=&amp;catalogId=10576&amp;pageView=&amp;facet=ads_f8_ntk_cs%253AOriginal%2BChips&amp;minPrice=&amp;categoryId=25573&amp;storeId=10601&quot;,&quot;name&quot;:&quot;Original Chips&quot;,&quot;count&quot;:&quot;6&quot;,&quot;className&quot;:&quot;&quot;},{&quot;url&quot;:&quot;http://shop.coles.com.au/online/SearchDisplay?searchTermScope=&amp;multiSearch=&amp;searchType=2&amp;maxPrice=&amp;showResultsPage=true&amp;langId=-1&amp;beginIndex=0&amp;sType=SimpleSearch&amp;metaData=&amp;browseView=true&amp;manufacturer=&amp;resultCatEntryType=&amp;catalogId=10576&amp;pageView=&amp;facet=ads_f8_ntk_cs%253AOther%2BAsian%2BSauces&amp;minPrice=&amp;categoryId=25573&amp;storeId=10601&quot;,&quot;name&quot;:&quot;Other Asian Sauces&quot;,&quot;count&quot;:&quot;7&quot;,&quot;className&quot;:&quot;&quot;},{&quot;url&quot;:&quot;http://shop.coles.com.au/online/SearchDisplay?searchTermScope=&amp;multiSearch=&amp;searchType=2&amp;maxPrice=&amp;showResultsPage=true&amp;langId=-1&amp;beginIndex=0&amp;sType=SimpleSearch&amp;metaData=&amp;browseView=true&amp;manufacturer=&amp;resultCatEntryType=&amp;catalogId=10576&amp;pageView=&amp;facet=ads_f8_ntk_cs%253AOther%2BCanned%2BFruit&amp;minPrice=&amp;categoryId=25573&amp;storeId=10601&quot;,&quot;name&quot;:&quot;Other Canned Fruit&quot;,&quot;count&quot;:&quot;8&quot;,&quot;className&quot;:&quot;&quot;},{&quot;url&quot;:&quot;http://shop.coles.com.au/online/SearchDisplay?searchTermScope=&amp;multiSearch=&amp;searchType=2&amp;maxPrice=&amp;showResultsPage=true&amp;langId=-1&amp;beginIndex=0&amp;sType=SimpleSearch&amp;metaData=&amp;browseView=true&amp;manufacturer=&amp;resultCatEntryType=&amp;catalogId=10576&amp;pageView=&amp;facet=ads_f8_ntk_cs%253AOther%2BSalad%2BDressings&amp;minPrice=&amp;categoryId=25573&amp;storeId=10601&quot;,&quot;name&quot;:&quot;Other Salad Dressings&quot;,&quot;count&quot;:&quot;12&quot;,&quot;className&quot;:&quot;&quot;},{&quot;url&quot;:&quot;http://shop.coles.com.au/online/SearchDisplay?searchTermScope=&amp;multiSearch=&amp;searchType=2&amp;maxPrice=&amp;showResultsPage=true&amp;langId=-1&amp;beginIndex=0&amp;sType=SimpleSearch&amp;metaData=&amp;browseView=true&amp;manufacturer=&amp;resultCatEntryType=&amp;catalogId=10576&amp;pageView=&amp;facet=ads_f8_ntk_cs%253AOther%2BSpices&amp;minPrice=&amp;categoryId=25573&amp;storeId=10601&quot;,&quot;name&quot;:&quot;Other Spices&quot;,&quot;count&quot;:&quot;4&quot;,&quot;className&quot;:&quot;&quot;},{&quot;url&quot;:&quot;http://shop.coles.com.au/online/SearchDisplay?searchTermScope=&amp;multiSearch=&amp;searchType=2&amp;maxPrice=&amp;showResultsPage=true&amp;langId=-1&amp;beginIndex=0&amp;sType=SimpleSearch&amp;metaData=&amp;browseView=true&amp;manufacturer=&amp;resultCatEntryType=&amp;catalogId=10576&amp;pageView=&amp;facet=ads_f8_ntk_cs%253AOther%2BSugar&amp;minPrice=&amp;categoryId=25573&amp;storeId=10601&quot;,&quot;name&quot;:&quot;Other Sugar&quot;,&quot;count&quot;:&quot;5&quot;,&quot;className&quot;:&quot;&quot;},{&quot;url&quot;:&quot;http://shop.coles.com.au/online/SearchDisplay?searchTermScope=&amp;multiSearch=&amp;searchType=2&amp;maxPrice=&amp;showResultsPage=true&amp;langId=-1&amp;beginIndex=0&amp;sType=SimpleSearch&amp;metaData=&amp;browseView=true&amp;manufacturer=&amp;resultCatEntryType=&amp;catalogId=10576&amp;pageView=&amp;facet=ads_f8_ntk_cs%253AOther%2Bbaking%2Bagents&amp;minPrice=&amp;categoryId=25573&amp;storeId=10601&quot;,&quot;name&quot;:&quot;Other baking agents&quot;,&quot;count&quot;:&quot;6&quot;,&quot;className&quot;:&quot;&quot;},{&quot;url&quot;:&quot;http://shop.coles.com.au/online/SearchDisplay?searchTermScope=&amp;multiSearch=&amp;searchType=2&amp;maxPrice=&amp;showResultsPage=true&amp;langId=-1&amp;beginIndex=0&amp;sType=SimpleSearch&amp;metaData=&amp;browseView=true&amp;manufacturer=&amp;resultCatEntryType=&amp;catalogId=10576&amp;pageView=&amp;facet=ads_f8_ntk_cs%253AOther%2Bvegetables&amp;minPrice=&amp;categoryId=25573&amp;storeId=10601&quot;,&quot;name&quot;:&quot;Other vegetables&quot;,&quot;count&quot;:&quot;5&quot;,&quot;className&quot;:&quot;&quot;},{&quot;url&quot;:&quot;http://shop.coles.com.au/online/SearchDisplay?searchTermScope=&amp;multiSearch=&amp;searchType=2&amp;maxPrice=&amp;showResultsPage=true&amp;langId=-1&amp;beginIndex=0&amp;sType=SimpleSearch&amp;metaData=&amp;browseView=true&amp;manufacturer=&amp;resultCatEntryType=&amp;catalogId=10576&amp;pageView=&amp;facet=ads_f8_ntk_cs%253AOyster%2BSauce&amp;minPrice=&amp;categoryId=25573&amp;storeId=10601&quot;,&quot;name&quot;:&quot;Oyster Sauce&quot;,&quot;count&quot;:&quot;3&quot;,&quot;className&quot;:&quot;&quot;},{&quot;url&quot;:&quot;http://shop.coles.com.au/online/SearchDisplay?searchTermScope=&amp;multiSearch=&amp;searchType=2&amp;maxPrice=&amp;showResultsPage=true&amp;langId=-1&amp;beginIndex=0&amp;sType=SimpleSearch&amp;metaData=&amp;browseView=true&amp;manufacturer=&amp;resultCatEntryType=&amp;catalogId=10576&amp;pageView=&amp;facet=ads_f8_ntk_cs%253APancake%2BMix&amp;minPrice=&amp;categoryId=25573&amp;storeId=10601&quot;,&quot;name&quot;:&quot;Pancake Mix&quot;,&quot;count&quot;:&quot;15&quot;,&quot;className&quot;:&quot;&quot;},{&quot;url&quot;:&quot;http://shop.coles.com.au/online/SearchDisplay?searchTermScope=&amp;multiSearch=&amp;searchType=2&amp;maxPrice=&amp;showResultsPage=true&amp;langId=-1&amp;beginIndex=0&amp;sType=SimpleSearch&amp;metaData=&amp;browseView=true&amp;manufacturer=&amp;resultCatEntryType=&amp;catalogId=10576&amp;pageView=&amp;facet=ads_f8_ntk_cs%253APappardelle&amp;minPrice=&amp;categoryId=25573&amp;storeId=10601&quot;,&quot;name&quot;:&quot;Pappardelle&quot;,&quot;count&quot;:&quot;2&quot;,&quot;className&quot;:&quot;&quot;},{&quot;url&quot;:&quot;http://shop.coles.com.au/online/SearchDisplay?searchTermScope=&amp;multiSearch=&amp;searchType=2&amp;maxPrice=&amp;showResultsPage=true&amp;langId=-1&amp;beginIndex=0&amp;sType=SimpleSearch&amp;metaData=&amp;browseView=true&amp;manufacturer=&amp;resultCatEntryType=&amp;catalogId=10576&amp;pageView=&amp;facet=ads_f8_ntk_cs%253APaprika&amp;minPrice=&amp;categoryId=25573&amp;storeId=10601&quot;,&quot;name&quot;:&quot;Paprika&quot;,&quot;count&quot;:&quot;5&quot;,&quot;className&quot;:&quot;&quot;},{&quot;url&quot;:&quot;http://shop.coles.com.au/online/SearchDisplay?searchTermScope=&amp;multiSearch=&amp;searchType=2&amp;maxPrice=&amp;showResultsPage=true&amp;langId=-1&amp;beginIndex=0&amp;sType=SimpleSearch&amp;metaData=&amp;browseView=true&amp;manufacturer=&amp;resultCatEntryType=&amp;catalogId=10576&amp;pageView=&amp;facet=ads_f8_ntk_cs%253AParsley&amp;minPrice=&amp;categoryId=25573&amp;storeId=10601&quot;,&quot;name&quot;:&quot;Parsley&quot;,&quot;count&quot;:&quot;4&quot;,&quot;className&quot;:&quot;&quot;},{&quot;url&quot;:&quot;http://shop.coles.com.au/online/SearchDisplay?searchTermScope=&amp;multiSearch=&amp;searchType=2&amp;maxPrice=&amp;showResultsPage=true&amp;langId=-1&amp;beginIndex=0&amp;sType=SimpleSearch&amp;metaData=&amp;browseView=true&amp;manufacturer=&amp;resultCatEntryType=&amp;catalogId=10576&amp;pageView=&amp;facet=ads_f8_ntk_cs%253APasta&amp;minPrice=&amp;categoryId=25573&amp;storeId=10601&quot;,&quot;name&quot;:&quot;Pasta&quot;,&quot;count&quot;:&quot;13&quot;,&quot;className&quot;:&quot;&quot;},{&quot;url&quot;:&quot;http://shop.coles.com.au/online/SearchDisplay?searchTermScope=&amp;multiSearch=&amp;searchType=2&amp;maxPrice=&amp;showResultsPage=true&amp;langId=-1&amp;beginIndex=0&amp;sType=SimpleSearch&amp;metaData=&amp;browseView=true&amp;manufacturer=&amp;resultCatEntryType=&amp;catalogId=10576&amp;pageView=&amp;facet=ads_f8_ntk_cs%253APasta%2BMeals&amp;minPrice=&amp;categoryId=25573&amp;storeId=10601&quot;,&quot;name&quot;:&quot;Pasta Meals&quot;,&quot;count&quot;:&quot;11&quot;,&quot;className&quot;:&quot;&quot;},{&quot;url&quot;:&quot;http://shop.coles.com.au/online/SearchDisplay?searchTermScope=&amp;multiSearch=&amp;searchType=2&amp;maxPrice=&amp;showResultsPage=true&amp;langId=-1&amp;beginIndex=0&amp;sType=SimpleSearch&amp;metaData=&amp;browseView=true&amp;manufacturer=&amp;resultCatEntryType=&amp;catalogId=10576&amp;pageView=&amp;facet=ads_f8_ntk_cs%253APasta%2BSides&amp;minPrice=&amp;categoryId=25573&amp;storeId=10601&quot;,&quot;name&quot;:&quot;Pasta Sides&quot;,&quot;count&quot;:&quot;24&quot;,&quot;className&quot;:&quot;&quot;},{&quot;url&quot;:&quot;http://shop.coles.com.au/online/SearchDisplay?searchTermScope=&amp;multiSearch=&amp;searchType=2&amp;maxPrice=&amp;showResultsPage=true&amp;langId=-1&amp;beginIndex=0&amp;sType=SimpleSearch&amp;metaData=&amp;browseView=true&amp;manufacturer=&amp;resultCatEntryType=&amp;catalogId=10576&amp;pageView=&amp;facet=ads_f8_ntk_cs%253APatty%2BPans&amp;minPrice=&amp;categoryId=25573&amp;storeId=10601&quot;,&quot;name&quot;:&quot;Patty Pans&quot;,&quot;count&quot;:&quot;6&quot;,&quot;className&quot;:&quot;&quot;},{&quot;url&quot;:&quot;http://shop.coles.com.au/online/SearchDisplay?searchTermScope=&amp;multiSearch=&amp;searchType=2&amp;maxPrice=&amp;showResultsPage=true&amp;langId=-1&amp;beginIndex=0&amp;sType=SimpleSearch&amp;metaData=&amp;browseView=true&amp;manufacturer=&amp;resultCatEntryType=&amp;catalogId=10576&amp;pageView=&amp;facet=ads_f8_ntk_cs%253APeach%2BIced%2BTea&amp;minPrice=&amp;categoryId=25573&amp;storeId=10601&quot;,&quot;name&quot;:&quot;Peach Iced Tea&quot;,&quot;count&quot;:&quot;1&quot;,&quot;className&quot;:&quot;&quot;},{&quot;url&quot;:&quot;http://shop.coles.com.au/online/SearchDisplay?searchTermScope=&amp;multiSearch=&amp;searchType=2&amp;maxPrice=&amp;showResultsPage=true&amp;langId=-1&amp;beginIndex=0&amp;sType=SimpleSearch&amp;metaData=&amp;browseView=true&amp;manufacturer=&amp;resultCatEntryType=&amp;catalogId=10576&amp;pageView=&amp;facet=ads_f8_ntk_cs%253APeanut%2BButter&amp;minPrice=&amp;categoryId=25573&amp;storeId=10601&quot;,&quot;name&quot;:&quot;Peanut Butter&quot;,&quot;count&quot;:&quot;20&quot;,&quot;className&quot;:&quot;&quot;},{&quot;url&quot;:&quot;http://shop.coles.com.au/online/SearchDisplay?searchTermScope=&amp;multiSearch=&amp;searchType=2&amp;maxPrice=&amp;showResultsPage=true&amp;langId=-1&amp;beginIndex=0&amp;sType=SimpleSearch&amp;metaData=&amp;browseView=true&amp;manufacturer=&amp;resultCatEntryType=&amp;catalogId=10576&amp;pageView=&amp;facet=ads_f8_ntk_cs%253APeanut%2BOil&amp;minPrice=&amp;categoryId=25573&amp;storeId=10601&quot;,&quot;name&quot;:&quot;Peanut Oil&quot;,&quot;count&quot;:&quot;2&quot;,&quot;className&quot;:&quot;&quot;},{&quot;url&quot;:&quot;http://shop.coles.com.au/online/SearchDisplay?searchTermScope=&amp;multiSearch=&amp;searchType=2&amp;maxPrice=&amp;showResultsPage=true&amp;langId=-1&amp;beginIndex=0&amp;sType=SimpleSearch&amp;metaData=&amp;browseView=true&amp;manufacturer=&amp;resultCatEntryType=&amp;catalogId=10576&amp;pageView=&amp;facet=ads_f8_ntk_cs%253APeanuts&amp;minPrice=&amp;categoryId=25573&amp;storeId=10601&quot;,&quot;name&quot;:&quot;Peanuts&quot;,&quot;count&quot;:&quot;5&quot;,&quot;className&quot;:&quot;&quot;},{&quot;url&quot;:&quot;http://shop.coles.com.au/online/SearchDisplay?searchTermScope=&amp;multiSearch=&amp;searchType=2&amp;maxPrice=&amp;showResultsPage=true&amp;langId=-1&amp;beginIndex=0&amp;sType=SimpleSearch&amp;metaData=&amp;browseView=true&amp;manufacturer=&amp;resultCatEntryType=&amp;catalogId=10576&amp;pageView=&amp;facet=ads_f8_ntk_cs%253APenne&amp;minPrice=&amp;categoryId=25573&amp;storeId=10601&quot;,&quot;name&quot;:&quot;Penne&quot;,&quot;count&quot;:&quot;19&quot;,&quot;className&quot;:&quot;&quot;},{&quot;url&quot;:&quot;http://shop.coles.com.au/online/SearchDisplay?searchTermScope=&amp;multiSearch=&amp;searchType=2&amp;maxPrice=&amp;showResultsPage=true&amp;langId=-1&amp;beginIndex=0&amp;sType=SimpleSearch&amp;metaData=&amp;browseView=true&amp;manufacturer=&amp;resultCatEntryType=&amp;catalogId=10576&amp;pageView=&amp;facet=ads_f8_ntk_cs%253APeppers&amp;minPrice=&amp;categoryId=25573&amp;storeId=10601&quot;,&quot;name&quot;:&quot;Peppers&quot;,&quot;count&quot;:&quot;6&quot;,&quot;className&quot;:&quot;&quot;},{&quot;url&quot;:&quot;http://shop.coles.com.au/online/SearchDisplay?searchTermScope=&amp;multiSearch=&amp;searchType=2&amp;maxPrice=&amp;showResultsPage=true&amp;langId=-1&amp;beginIndex=0&amp;sType=SimpleSearch&amp;metaData=&amp;browseView=true&amp;manufacturer=&amp;resultCatEntryType=&amp;catalogId=10576&amp;pageView=&amp;facet=ads_f8_ntk_cs%253APickled%2BVegetables&amp;minPrice=&amp;categoryId=25573&amp;storeId=10601&quot;,&quot;name&quot;:&quot;Pickled Vegetables&quot;,&quot;count&quot;:&quot;2&quot;,&quot;className&quot;:&quot;&quot;},{&quot;url&quot;:&quot;http://shop.coles.com.au/online/SearchDisplay?searchTermScope=&amp;multiSearch=&amp;searchType=2&amp;maxPrice=&amp;showResultsPage=true&amp;langId=-1&amp;beginIndex=0&amp;sType=SimpleSearch&amp;metaData=&amp;browseView=true&amp;manufacturer=&amp;resultCatEntryType=&amp;catalogId=10576&amp;pageView=&amp;facet=ads_f8_ntk_cs%253APickles&amp;minPrice=&amp;categoryId=25573&amp;storeId=10601&quot;,&quot;name&quot;:&quot;Pickles&quot;,&quot;count&quot;:&quot;15&quot;,&quot;className&quot;:&quot;&quot;},{&quot;url&quot;:&quot;http://shop.coles.com.au/online/SearchDisplay?searchTermScope=&amp;multiSearch=&amp;searchType=2&amp;maxPrice=&amp;showResultsPage=true&amp;langId=-1&amp;beginIndex=0&amp;sType=SimpleSearch&amp;metaData=&amp;browseView=true&amp;manufacturer=&amp;resultCatEntryType=&amp;catalogId=10576&amp;pageView=&amp;facet=ads_f8_ntk_cs%253APiping%2Bbags%2B%2526%2BTips&amp;minPrice=&amp;categoryId=25573&amp;storeId=10601&quot;,&quot;name&quot;:&quot;Piping bags &amp; Tips&quot;,&quot;count&quot;:&quot;1&quot;,&quot;className&quot;:&quot;&quot;},{&quot;url&quot;:&quot;http://shop.coles.com.au/online/SearchDisplay?searchTermScope=&amp;multiSearch=&amp;searchType=2&amp;maxPrice=&amp;showResultsPage=true&amp;langId=-1&amp;beginIndex=0&amp;sType=SimpleSearch&amp;metaData=&amp;browseView=true&amp;manufacturer=&amp;resultCatEntryType=&amp;catalogId=10576&amp;pageView=&amp;facet=ads_f8_ntk_cs%253APistachios&amp;minPrice=&amp;categoryId=25573&amp;storeId=10601&quot;,&quot;name&quot;:&quot;Pistachios&quot;,&quot;count&quot;:&quot;7&quot;,&quot;className&quot;:&quot;&quot;},{&quot;url&quot;:&quot;http://shop.coles.com.au/online/SearchDisplay?searchTermScope=&amp;multiSearch=&amp;searchType=2&amp;maxPrice=&amp;showResultsPage=true&amp;langId=-1&amp;beginIndex=0&amp;sType=SimpleSearch&amp;metaData=&amp;browseView=true&amp;manufacturer=&amp;resultCatEntryType=&amp;catalogId=10576&amp;pageView=&amp;facet=ads_f8_ntk_cs%253APlain%2BFlour&amp;minPrice=&amp;categoryId=25573&amp;storeId=10601&quot;,&quot;name&quot;:&quot;Plain Flour&quot;,&quot;count&quot;:&quot;9&quot;,&quot;className&quot;:&quot;&quot;},{&quot;url&quot;:&quot;http://shop.coles.com.au/online/SearchDisplay?searchTermScope=&amp;multiSearch=&amp;searchType=2&amp;maxPrice=&amp;showResultsPage=true&amp;langId=-1&amp;beginIndex=0&amp;sType=SimpleSearch&amp;metaData=&amp;browseView=true&amp;manufacturer=&amp;resultCatEntryType=&amp;catalogId=10576&amp;pageView=&amp;facet=ads_f8_ntk_cs%253APlum%2BJam&amp;minPrice=&amp;categoryId=25573&amp;storeId=10601&quot;,&quot;name&quot;:&quot;Plum Jam&quot;,&quot;count&quot;:&quot;3&quot;,&quot;className&quot;:&quot;&quot;},{&quot;url&quot;:&quot;http://shop.coles.com.au/online/SearchDisplay?searchTermScope=&amp;multiSearch=&amp;searchType=2&amp;maxPrice=&amp;showResultsPage=true&amp;langId=-1&amp;beginIndex=0&amp;sType=SimpleSearch&amp;metaData=&amp;browseView=true&amp;manufacturer=&amp;resultCatEntryType=&amp;catalogId=10576&amp;pageView=&amp;facet=ads_f8_ntk_cs%253APopped%2BPopcorn&amp;minPrice=&amp;categoryId=25573&amp;storeId=10601&quot;,&quot;name&quot;:&quot;Popped Popcorn&quot;,&quot;count&quot;:&quot;5&quot;,&quot;className&quot;:&quot;&quot;},{&quot;url&quot;:&quot;http://shop.coles.com.au/online/SearchDisplay?searchTermScope=&amp;multiSearch=&amp;searchType=2&amp;maxPrice=&amp;showResultsPage=true&amp;langId=-1&amp;beginIndex=0&amp;sType=SimpleSearch&amp;metaData=&amp;browseView=true&amp;manufacturer=&amp;resultCatEntryType=&amp;catalogId=10576&amp;pageView=&amp;facet=ads_f8_ntk_cs%253APoppy%2BSeed&amp;minPrice=&amp;categoryId=25573&amp;storeId=10601&quot;,&quot;name&quot;:&quot;Poppy Seed&quot;,&quot;count&quot;:&quot;2&quot;,&quot;className&quot;:&quot;&quot;},{&quot;url&quot;:&quot;http://shop.coles.com.au/online/SearchDisplay?searchTermScope=&amp;multiSearch=&amp;searchType=2&amp;maxPrice=&amp;showResultsPage=true&amp;langId=-1&amp;beginIndex=0&amp;sType=SimpleSearch&amp;metaData=&amp;browseView=true&amp;manufacturer=&amp;resultCatEntryType=&amp;catalogId=10576&amp;pageView=&amp;facet=ads_f8_ntk_cs%253APortion%2BCereals&amp;minPrice=&amp;categoryId=25573&amp;storeId=10601&quot;,&quot;name&quot;:&quot;Portion Cereals&quot;,&quot;count&quot;:&quot;9&quot;,&quot;className&quot;:&quot;&quot;},{&quot;url&quot;:&quot;http://shop.coles.com.au/online/SearchDisplay?searchTermScope=&amp;multiSearch=&amp;searchType=2&amp;maxPrice=&amp;showResultsPage=true&amp;langId=-1&amp;beginIndex=0&amp;sType=SimpleSearch&amp;metaData=&amp;browseView=true&amp;manufacturer=&amp;resultCatEntryType=&amp;catalogId=10576&amp;pageView=&amp;facet=ads_f8_ntk_cs%253APotato%2BChips&amp;minPrice=&amp;categoryId=25573&amp;storeId=10601&quot;,&quot;name&quot;:&quot;Potato Chips&quot;,&quot;count&quot;:&quot;22&quot;,&quot;className&quot;:&quot;&quot;},{&quot;url&quot;:&quot;http://shop.coles.com.au/online/SearchDisplay?searchTermScope=&amp;multiSearch=&amp;searchType=2&amp;maxPrice=&amp;showResultsPage=true&amp;langId=-1&amp;beginIndex=0&amp;sType=SimpleSearch&amp;metaData=&amp;browseView=true&amp;manufacturer=&amp;resultCatEntryType=&amp;catalogId=10576&amp;pageView=&amp;facet=ads_f8_ntk_cs%253APotato%2BSalad%2BDressing&amp;minPrice=&amp;categoryId=25573&amp;storeId=10601&quot;,&quot;name&quot;:&quot;Potato Salad Dressing&quot;,&quot;count&quot;:&quot;2&quot;,&quot;className&quot;:&quot;&quot;},{&quot;url&quot;:&quot;http://shop.coles.com.au/online/SearchDisplay?searchTermScope=&amp;multiSearch=&amp;searchType=2&amp;maxPrice=&amp;showResultsPage=true&amp;langId=-1&amp;beginIndex=0&amp;sType=SimpleSearch&amp;metaData=&amp;browseView=true&amp;manufacturer=&amp;resultCatEntryType=&amp;catalogId=10576&amp;pageView=&amp;facet=ads_f8_ntk_cs%253APowdered%2BGravy%2B%2526%2BSauces&amp;minPrice=&amp;categoryId=25573&amp;storeId=10601&quot;,&quot;name&quot;:&quot;Powdered Gravy &amp; Sauces&quot;,&quot;count&quot;:&quot;25&quot;,&quot;className&quot;:&quot;&quot;},{&quot;url&quot;:&quot;http://shop.coles.com.au/online/SearchDisplay?searchTermScope=&amp;multiSearch=&amp;searchType=2&amp;maxPrice=&amp;showResultsPage=true&amp;langId=-1&amp;beginIndex=0&amp;sType=SimpleSearch&amp;metaData=&amp;browseView=true&amp;manufacturer=&amp;resultCatEntryType=&amp;catalogId=10576&amp;pageView=&amp;facet=ads_f8_ntk_cs%253APretzels&amp;minPrice=&amp;categoryId=25573&amp;storeId=10601&quot;,&quot;name&quot;:&quot;Pretzels&quot;,&quot;count&quot;:&quot;4&quot;,&quot;className&quot;:&quot;&quot;},{&quot;url&quot;:&quot;http://shop.coles.com.au/online/SearchDisplay?searchTermScope=&amp;multiSearch=&amp;searchType=2&amp;maxPrice=&amp;showResultsPage=true&amp;langId=-1&amp;beginIndex=0&amp;sType=SimpleSearch&amp;metaData=&amp;browseView=true&amp;manufacturer=&amp;resultCatEntryType=&amp;catalogId=10576&amp;pageView=&amp;facet=ads_f8_ntk_cs%253APrunes&amp;minPrice=&amp;categoryId=25573&amp;storeId=10601&quot;,&quot;name&quot;:&quot;Prunes&quot;,&quot;count&quot;:&quot;1&quot;,&quot;className&quot;:&quot;&quot;},{&quot;url&quot;:&quot;http://shop.coles.com.au/online/SearchDisplay?searchTermScope=&amp;multiSearch=&amp;searchType=2&amp;maxPrice=&amp;showResultsPage=true&amp;langId=-1&amp;beginIndex=0&amp;sType=SimpleSearch&amp;metaData=&amp;browseView=true&amp;manufacturer=&amp;resultCatEntryType=&amp;catalogId=10576&amp;pageView=&amp;facet=ads_f8_ntk_cs%253APuddings&amp;minPrice=&amp;categoryId=25573&amp;storeId=10601&quot;,&quot;name&quot;:&quot;Puddings&quot;,&quot;count&quot;:&quot;7&quot;,&quot;className&quot;:&quot;&quot;},{&quot;url&quot;:&quot;http://shop.coles.com.au/online/SearchDisplay?searchTermScope=&amp;multiSearch=&amp;searchType=2&amp;maxPrice=&amp;showResultsPage=true&amp;langId=-1&amp;beginIndex=0&amp;sType=SimpleSearch&amp;metaData=&amp;browseView=true&amp;manufacturer=&amp;resultCatEntryType=&amp;catalogId=10576&amp;pageView=&amp;facet=ads_f8_ntk_cs%253ARanch%2BDressing&amp;minPrice=&amp;categoryId=25573&amp;storeId=10601&quot;,&quot;name&quot;:&quot;Ranch Dressing&quot;,&quot;count&quot;:&quot;1&quot;,&quot;className&quot;:&quot;&quot;},{&quot;url&quot;:&quot;http://shop.coles.com.au/online/SearchDisplay?searchTermScope=&amp;multiSearch=&amp;searchType=2&amp;maxPrice=&amp;showResultsPage=true&amp;langId=-1&amp;beginIndex=0&amp;sType=SimpleSearch&amp;metaData=&amp;browseView=true&amp;manufacturer=&amp;resultCatEntryType=&amp;catalogId=10576&amp;pageView=&amp;facet=ads_f8_ntk_cs%253ARaspberry%2BJam&amp;minPrice=&amp;categoryId=25573&amp;storeId=10601&quot;,&quot;name&quot;:&quot;Raspberry Jam&quot;,&quot;count&quot;:&quot;10&quot;,&quot;className&quot;:&quot;&quot;},{&quot;url&quot;:&quot;http://shop.coles.com.au/online/SearchDisplay?searchTermScope=&amp;multiSearch=&amp;searchType=2&amp;maxPrice=&amp;showResultsPage=true&amp;langId=-1&amp;beginIndex=0&amp;sType=SimpleSearch&amp;metaData=&amp;browseView=true&amp;manufacturer=&amp;resultCatEntryType=&amp;catalogId=10576&amp;pageView=&amp;facet=ads_f8_ntk_cs%253ARavioli&amp;minPrice=&amp;categoryId=25573&amp;storeId=10601&quot;,&quot;name&quot;:&quot;Ravioli&quot;,&quot;count&quot;:&quot;10&quot;,&quot;className&quot;:&quot;&quot;},{&quot;url&quot;:&quot;http://shop.coles.com.au/online/SearchDisplay?searchTermScope=&amp;multiSearch=&amp;searchType=2&amp;maxPrice=&amp;showResultsPage=true&amp;langId=-1&amp;beginIndex=0&amp;sType=SimpleSearch&amp;metaData=&amp;browseView=true&amp;manufacturer=&amp;resultCatEntryType=&amp;catalogId=10576&amp;pageView=&amp;facet=ads_f8_ntk_cs%253ARaw%2BSugar&amp;minPrice=&amp;categoryId=25573&amp;storeId=10601&quot;,&quot;name&quot;:&quot;Raw Sugar&quot;,&quot;count&quot;:&quot;7&quot;,&quot;className&quot;:&quot;&quot;},{&quot;url&quot;:&quot;http://shop.coles.com.au/online/SearchDisplay?searchTermScope=&amp;multiSearch=&amp;searchType=2&amp;maxPrice=&amp;showResultsPage=true&amp;langId=-1&amp;beginIndex=0&amp;sType=SimpleSearch&amp;metaData=&amp;browseView=true&amp;manufacturer=&amp;resultCatEntryType=&amp;catalogId=10576&amp;pageView=&amp;facet=ads_f8_ntk_cs%253ARed%2BWine%2BVinegar&amp;minPrice=&amp;categoryId=25573&amp;storeId=10601&quot;,&quot;name&quot;:&quot;Red Wine Vinegar&quot;,&quot;count&quot;:&quot;3&quot;,&quot;className&quot;:&quot;&quot;},{&quot;url&quot;:&quot;http://shop.coles.com.au/online/SearchDisplay?searchTermScope=&amp;multiSearch=&amp;searchType=2&amp;maxPrice=&amp;showResultsPage=true&amp;langId=-1&amp;beginIndex=0&amp;sType=SimpleSearch&amp;metaData=&amp;browseView=true&amp;manufacturer=&amp;resultCatEntryType=&amp;catalogId=10576&amp;pageView=&amp;facet=ads_f8_ntk_cs%253ARegular%2BIced%2BTea&amp;minPrice=&amp;categoryId=25573&amp;storeId=10601&quot;,&quot;name&quot;:&quot;Regular Iced Tea&quot;,&quot;count&quot;:&quot;1&quot;,&quot;className&quot;:&quot;&quot;},{&quot;url&quot;:&quot;http://shop.coles.com.au/online/SearchDisplay?searchTermScope=&amp;multiSearch=&amp;searchType=2&amp;maxPrice=&amp;showResultsPage=true&amp;langId=-1&amp;beginIndex=0&amp;sType=SimpleSearch&amp;metaData=&amp;browseView=true&amp;manufacturer=&amp;resultCatEntryType=&amp;catalogId=10576&amp;pageView=&amp;facet=ads_f8_ntk_cs%253ARelish&amp;minPrice=&amp;categoryId=25573&amp;storeId=10601&quot;,&quot;name&quot;:&quot;Relish&quot;,&quot;count&quot;:&quot;9&quot;,&quot;className&quot;:&quot;&quot;},{&quot;url&quot;:&quot;http://shop.coles.com.au/online/SearchDisplay?searchTermScope=&amp;multiSearch=&amp;searchType=2&amp;maxPrice=&amp;showResultsPage=true&amp;langId=-1&amp;beginIndex=0&amp;sType=SimpleSearch&amp;metaData=&amp;browseView=true&amp;manufacturer=&amp;resultCatEntryType=&amp;catalogId=10576&amp;pageView=&amp;facet=ads_f8_ntk_cs%253ARice%2B%2526%2BNoodles&amp;minPrice=&amp;categoryId=25573&amp;storeId=10601&quot;,&quot;name&quot;:&quot;Rice &amp; Noodles&quot;,&quot;count&quot;:&quot;8&quot;,&quot;className&quot;:&quot;&quot;},{&quot;url&quot;:&quot;http://shop.coles.com.au/online/SearchDisplay?searchTermScope=&amp;multiSearch=&amp;searchType=2&amp;maxPrice=&amp;showResultsPage=true&amp;langId=-1&amp;beginIndex=0&amp;sType=SimpleSearch&amp;metaData=&amp;browseView=true&amp;manufacturer=&amp;resultCatEntryType=&amp;catalogId=10576&amp;pageView=&amp;facet=ads_f8_ntk_cs%253ARice%2BBran%2BOil&amp;minPrice=&amp;categoryId=25573&amp;storeId=10601&quot;,&quot;name&quot;:&quot;Rice Bran Oil&quot;,&quot;count&quot;:&quot;3&quot;,&quot;className&quot;:&quot;&quot;},{&quot;url&quot;:&quot;http://shop.coles.com.au/online/SearchDisplay?searchTermScope=&amp;multiSearch=&amp;searchType=2&amp;maxPrice=&amp;showResultsPage=true&amp;langId=-1&amp;beginIndex=0&amp;sType=SimpleSearch&amp;metaData=&amp;browseView=true&amp;manufacturer=&amp;resultCatEntryType=&amp;catalogId=10576&amp;pageView=&amp;facet=ads_f8_ntk_cs%253ARice%2BCereals&amp;minPrice=&amp;categoryId=25573&amp;storeId=10601&quot;,&quot;name&quot;:&quot;Rice Cereals&quot;,&quot;count&quot;:&quot;2&quot;,&quot;className&quot;:&quot;&quot;},{&quot;url&quot;:&quot;http://shop.coles.com.au/online/SearchDisplay?searchTermScope=&amp;multiSearch=&amp;searchType=2&amp;maxPrice=&amp;showResultsPage=true&amp;langId=-1&amp;beginIndex=0&amp;sType=SimpleSearch&amp;metaData=&amp;browseView=true&amp;manufacturer=&amp;resultCatEntryType=&amp;catalogId=10576&amp;pageView=&amp;facet=ads_f8_ntk_cs%253ARice%2BCrackers&amp;minPrice=&amp;categoryId=25573&amp;storeId=10601&quot;,&quot;name&quot;:&quot;Rice Crackers&quot;,&quot;count&quot;:&quot;42&quot;,&quot;className&quot;:&quot;&quot;},{&quot;url&quot;:&quot;http://shop.coles.com.au/online/SearchDisplay?searchTermScope=&amp;multiSearch=&amp;searchType=2&amp;maxPrice=&amp;showResultsPage=true&amp;langId=-1&amp;beginIndex=0&amp;sType=SimpleSearch&amp;metaData=&amp;browseView=true&amp;manufacturer=&amp;resultCatEntryType=&amp;catalogId=10576&amp;pageView=&amp;facet=ads_f8_ntk_cs%253ARice%2BDesserts&amp;minPrice=&amp;categoryId=25573&amp;storeId=10601&quot;,&quot;name&quot;:&quot;Rice Desserts&quot;,&quot;count&quot;:&quot;3&quot;,&quot;className&quot;:&quot;&quot;},{&quot;url&quot;:&quot;http://shop.coles.com.au/online/SearchDisplay?searchTermScope=&amp;multiSearch=&amp;searchType=2&amp;maxPrice=&amp;showResultsPage=true&amp;langId=-1&amp;beginIndex=0&amp;sType=SimpleSearch&amp;metaData=&amp;browseView=true&amp;manufacturer=&amp;resultCatEntryType=&amp;catalogId=10576&amp;pageView=&amp;facet=ads_f8_ntk_cs%253ARice%2BSides&amp;minPrice=&amp;categoryId=25573&amp;storeId=10601&quot;,&quot;name&quot;:&quot;Rice Sides&quot;,&quot;count&quot;:&quot;8&quot;,&quot;className&quot;:&quot;&quot;},{&quot;url&quot;:&quot;http://shop.coles.com.au/online/SearchDisplay?searchTermScope=&amp;multiSearch=&amp;searchType=2&amp;maxPrice=&amp;showResultsPage=true&amp;langId=-1&amp;beginIndex=0&amp;sType=SimpleSearch&amp;metaData=&amp;browseView=true&amp;manufacturer=&amp;resultCatEntryType=&amp;catalogId=10576&amp;pageView=&amp;facet=ads_f8_ntk_cs%253ARosemary&amp;minPrice=&amp;categoryId=25573&amp;storeId=10601&quot;,&quot;name&quot;:&quot;Rosemary&quot;,&quot;count&quot;:&quot;3&quot;,&quot;className&quot;:&quot;&quot;},{&quot;url&quot;:&quot;http://shop.coles.com.au/online/SearchDisplay?searchTermScope=&amp;multiSearch=&amp;searchType=2&amp;maxPrice=&amp;showResultsPage=true&amp;langId=-1&amp;beginIndex=0&amp;sType=SimpleSearch&amp;metaData=&amp;browseView=true&amp;manufacturer=&amp;resultCatEntryType=&amp;catalogId=10576&amp;pageView=&amp;facet=ads_f8_ntk_cs%253ASaffron&amp;minPrice=&amp;categoryId=25573&amp;storeId=10601&quot;,&quot;name&quot;:&quot;Saffron&quot;,&quot;count&quot;:&quot;3&quot;,&quot;className&quot;:&quot;&quot;},{&quot;url&quot;:&quot;http://shop.coles.com.au/online/SearchDisplay?searchTermScope=&amp;multiSearch=&amp;searchType=2&amp;maxPrice=&amp;showResultsPage=true&amp;langId=-1&amp;beginIndex=0&amp;sType=SimpleSearch&amp;metaData=&amp;browseView=true&amp;manufacturer=&amp;resultCatEntryType=&amp;catalogId=10576&amp;pageView=&amp;facet=ads_f8_ntk_cs%253ASage&amp;minPrice=&amp;categoryId=25573&amp;storeId=10601&quot;,&quot;name&quot;:&quot;Sage&quot;,&quot;count&quot;:&quot;2&quot;,&quot;className&quot;:&quot;&quot;},{&quot;url&quot;:&quot;http://shop.coles.com.au/online/SearchDisplay?searchTermScope=&amp;multiSearch=&amp;searchType=2&amp;maxPrice=&amp;showResultsPage=true&amp;langId=-1&amp;beginIndex=0&amp;sType=SimpleSearch&amp;metaData=&amp;browseView=true&amp;manufacturer=&amp;resultCatEntryType=&amp;catalogId=10576&amp;pageView=&amp;facet=ads_f8_ntk_cs%253ASalsa&amp;minPrice=&amp;categoryId=25573&amp;storeId=10601&quot;,&quot;name&quot;:&quot;Salsa&quot;,&quot;count&quot;:&quot;7&quot;,&quot;className&quot;:&quot;&quot;},{&quot;url&quot;:&quot;http://shop.coles.com.au/online/SearchDisplay?searchTermScope=&amp;multiSearch=&amp;searchType=2&amp;maxPrice=&amp;showResultsPage=true&amp;langId=-1&amp;beginIndex=0&amp;sType=SimpleSearch&amp;metaData=&amp;browseView=true&amp;manufacturer=&amp;resultCatEntryType=&amp;catalogId=10576&amp;pageView=&amp;facet=ads_f8_ntk_cs%253ASalt%2B%2526%2BPepper&amp;minPrice=&amp;categoryId=25573&amp;storeId=10601&quot;,&quot;name&quot;:&quot;Salt &amp; Pepper&quot;,&quot;count&quot;:&quot;57&quot;,&quot;className&quot;:&quot;&quot;},{&quot;url&quot;:&quot;http://shop.coles.com.au/online/SearchDisplay?searchTermScope=&amp;multiSearch=&amp;searchType=2&amp;maxPrice=&amp;showResultsPage=true&amp;langId=-1&amp;beginIndex=0&amp;sType=SimpleSearch&amp;metaData=&amp;browseView=true&amp;manufacturer=&amp;resultCatEntryType=&amp;catalogId=10576&amp;pageView=&amp;facet=ads_f8_ntk_cs%253ASalt%2B%2526%2BVinegar%2BChips&amp;minPrice=&amp;categoryId=25573&amp;storeId=10601&quot;,&quot;name&quot;:&quot;Salt &amp; Vinegar Chips&quot;,&quot;count&quot;:&quot;13&quot;,&quot;className&quot;:&quot;&quot;},{&quot;url&quot;:&quot;http://shop.coles.com.au/online/SearchDisplay?searchTermScope=&amp;multiSearch=&amp;searchType=2&amp;maxPrice=&amp;showResultsPage=true&amp;langId=-1&amp;beginIndex=0&amp;sType=SimpleSearch&amp;metaData=&amp;browseView=true&amp;manufacturer=&amp;resultCatEntryType=&amp;catalogId=10576&amp;pageView=&amp;facet=ads_f8_ntk_cs%253ASardines&amp;minPrice=&amp;categoryId=25573&amp;storeId=10601&quot;,&quot;name&quot;:&quot;Sardines&quot;,&quot;count&quot;:&quot;12&quot;,&quot;className&quot;:&quot;&quot;},{&quot;url&quot;:&quot;http://shop.coles.com.au/online/SearchDisplay?searchTermScope=&amp;multiSearch=&amp;searchType=2&amp;maxPrice=&amp;showResultsPage=true&amp;langId=-1&amp;beginIndex=0&amp;sType=SimpleSearch&amp;metaData=&amp;browseView=true&amp;manufacturer=&amp;resultCatEntryType=&amp;catalogId=10576&amp;pageView=&amp;facet=ads_f8_ntk_cs%253ASatay%2BSauce&amp;minPrice=&amp;categoryId=25573&amp;storeId=10601&quot;,&quot;name&quot;:&quot;Satay Sauce&quot;,&quot;count&quot;:&quot;1&quot;,&quot;className&quot;:&quot;&quot;},{&quot;url&quot;:&quot;http://shop.coles.com.au/online/SearchDisplay?searchTermScope=&amp;multiSearch=&amp;searchType=2&amp;maxPrice=&amp;showResultsPage=true&amp;langId=-1&amp;beginIndex=0&amp;sType=SimpleSearch&amp;metaData=&amp;browseView=true&amp;manufacturer=&amp;resultCatEntryType=&amp;catalogId=10576&amp;pageView=&amp;facet=ads_f8_ntk_cs%253ASauces&amp;minPrice=&amp;categoryId=25573&amp;storeId=10601&quot;,&quot;name&quot;:&quot;Sauces&quot;,&quot;count&quot;:&quot;1&quot;,&quot;className&quot;:&quot;&quot;},{&quot;url&quot;:&quot;http://shop.coles.com.au/online/SearchDisplay?searchTermScope=&amp;multiSearch=&amp;searchType=2&amp;maxPrice=&amp;showResultsPage=true&amp;langId=-1&amp;beginIndex=0&amp;sType=SimpleSearch&amp;metaData=&amp;browseView=true&amp;manufacturer=&amp;resultCatEntryType=&amp;catalogId=10576&amp;pageView=&amp;facet=ads_f8_ntk_cs%253ASavoury%2BCrackers&amp;minPrice=&amp;categoryId=25573&amp;storeId=10601&quot;,&quot;name&quot;:&quot;Savoury Crackers&quot;,&quot;count&quot;:&quot;19&quot;,&quot;className&quot;:&quot;&quot;},{&quot;url&quot;:&quot;http://shop.coles.com.au/online/SearchDisplay?searchTermScope=&amp;multiSearch=&amp;searchType=2&amp;maxPrice=&amp;showResultsPage=true&amp;langId=-1&amp;beginIndex=0&amp;sType=SimpleSearch&amp;metaData=&amp;browseView=true&amp;manufacturer=&amp;resultCatEntryType=&amp;catalogId=10576&amp;pageView=&amp;facet=ads_f8_ntk_cs%253ASavoury%2BSpread&amp;minPrice=&amp;categoryId=25573&amp;storeId=10601&quot;,&quot;name&quot;:&quot;Savoury Spread&quot;,&quot;count&quot;:&quot;7&quot;,&quot;className&quot;:&quot;&quot;},{&quot;url&quot;:&quot;http://shop.coles.com.au/online/SearchDisplay?searchTermScope=&amp;multiSearch=&amp;searchType=2&amp;maxPrice=&amp;showResultsPage=true&amp;langId=-1&amp;beginIndex=0&amp;sType=SimpleSearch&amp;metaData=&amp;browseView=true&amp;manufacturer=&amp;resultCatEntryType=&amp;catalogId=10576&amp;pageView=&amp;facet=ads_f8_ntk_cs%253ASeafood%2BSauces&amp;minPrice=&amp;categoryId=25573&amp;storeId=10601&quot;,&quot;name&quot;:&quot;Seafood Sauces&quot;,&quot;count&quot;:&quot;2&quot;,&quot;className&quot;:&quot;&quot;},{&quot;url&quot;:&quot;http://shop.coles.com.au/online/SearchDisplay?searchTermScope=&amp;multiSearch=&amp;searchType=2&amp;maxPrice=&amp;showResultsPage=true&amp;langId=-1&amp;beginIndex=0&amp;sType=SimpleSearch&amp;metaData=&amp;browseView=true&amp;manufacturer=&amp;resultCatEntryType=&amp;catalogId=10576&amp;pageView=&amp;facet=ads_f8_ntk_cs%253ASeasoning&amp;minPrice=&amp;categoryId=25573&amp;storeId=10601&quot;,&quot;name&quot;:&quot;Seasoning&quot;,&quot;count&quot;:&quot;36&quot;,&quot;className&quot;:&quot;&quot;},{&quot;url&quot;:&quot;http://shop.coles.com.au/online/SearchDisplay?searchTermScope=&amp;multiSearch=&amp;searchType=2&amp;maxPrice=&amp;showResultsPage=true&amp;langId=-1&amp;beginIndex=0&amp;sType=SimpleSearch&amp;metaData=&amp;browseView=true&amp;manufacturer=&amp;resultCatEntryType=&amp;catalogId=10576&amp;pageView=&amp;facet=ads_f8_ntk_cs%253ASeasonings&amp;minPrice=&amp;categoryId=25573&amp;storeId=10601&quot;,&quot;name&quot;:&quot;Seasonings&quot;,&quot;count&quot;:&quot;7&quot;,&quot;className&quot;:&quot;&quot;},{&quot;url&quot;:&quot;http://shop.coles.com.au/online/SearchDisplay?searchTermScope=&amp;multiSearch=&amp;searchType=2&amp;maxPrice=&amp;showResultsPage=true&amp;langId=-1&amp;beginIndex=0&amp;sType=SimpleSearch&amp;metaData=&amp;browseView=true&amp;manufacturer=&amp;resultCatEntryType=&amp;catalogId=10576&amp;pageView=&amp;facet=ads_f8_ntk_cs%253ASelf%2BRaising%2BFlour&amp;minPrice=&amp;categoryId=25573&amp;storeId=10601&quot;,&quot;name&quot;:&quot;Self Raising Flour&quot;,&quot;count&quot;:&quot;10&quot;,&quot;className&quot;:&quot;&quot;},{&quot;url&quot;:&quot;http://shop.coles.com.au/online/SearchDisplay?searchTermScope=&amp;multiSearch=&amp;searchType=2&amp;maxPrice=&amp;showResultsPage=true&amp;langId=-1&amp;beginIndex=0&amp;sType=SimpleSearch&amp;metaData=&amp;browseView=true&amp;manufacturer=&amp;resultCatEntryType=&amp;catalogId=10576&amp;pageView=&amp;facet=ads_f8_ntk_cs%253ASesame%2BOil&amp;minPrice=&amp;categoryId=25573&amp;storeId=10601&quot;,&quot;name&quot;:&quot;Sesame Oil&quot;,&quot;count&quot;:&quot;3&quot;,&quot;className&quot;:&quot;&quot;},{&quot;url&quot;:&quot;http://shop.coles.com.au/online/SearchDisplay?searchTermScope=&amp;multiSearch=&amp;searchType=2&amp;maxPrice=&amp;showResultsPage=true&amp;langId=-1&amp;beginIndex=0&amp;sType=SimpleSearch&amp;metaData=&amp;browseView=true&amp;manufacturer=&amp;resultCatEntryType=&amp;catalogId=10576&amp;pageView=&amp;facet=ads_f8_ntk_cs%253ASesame%2BSeeds&amp;minPrice=&amp;categoryId=25573&amp;storeId=10601&quot;,&quot;name&quot;:&quot;Sesame Seeds&quot;,&quot;count&quot;:&quot;3&quot;,&quot;className&quot;:&quot;&quot;},{&quot;url&quot;:&quot;http://shop.coles.com.au/online/SearchDisplay?searchTermScope=&amp;multiSearch=&amp;searchType=2&amp;maxPrice=&amp;showResultsPage=true&amp;langId=-1&amp;beginIndex=0&amp;sType=SimpleSearch&amp;metaData=&amp;browseView=true&amp;manufacturer=&amp;resultCatEntryType=&amp;catalogId=10576&amp;pageView=&amp;facet=ads_f8_ntk_cs%253AShapes&amp;minPrice=&amp;categoryId=25573&amp;storeId=10601&quot;,&quot;name&quot;:&quot;Shapes&quot;,&quot;count&quot;:&quot;4&quot;,&quot;className&quot;:&quot;&quot;},{&quot;url&quot;:&quot;http://shop.coles.com.au/online/SearchDisplay?searchTermScope=&amp;multiSearch=&amp;searchType=2&amp;maxPrice=&amp;showResultsPage=true&amp;langId=-1&amp;beginIndex=0&amp;sType=SimpleSearch&amp;metaData=&amp;browseView=true&amp;manufacturer=&amp;resultCatEntryType=&amp;catalogId=10576&amp;pageView=&amp;facet=ads_f8_ntk_cs%253AShells&amp;minPrice=&amp;categoryId=25573&amp;storeId=10601&quot;,&quot;name&quot;:&quot;Shells&quot;,&quot;count&quot;:&quot;5&quot;,&quot;className&quot;:&quot;&quot;},{&quot;url&quot;:&quot;http://shop.coles.com.au/online/SearchDisplay?searchTermScope=&amp;multiSearch=&amp;searchType=2&amp;maxPrice=&amp;showResultsPage=true&amp;langId=-1&amp;beginIndex=0&amp;sType=SimpleSearch&amp;metaData=&amp;browseView=true&amp;manufacturer=&amp;resultCatEntryType=&amp;catalogId=10576&amp;pageView=&amp;facet=ads_f8_ntk_cs%253AShort%2BGrain%2BRice&amp;minPrice=&amp;categoryId=25573&amp;storeId=10601&quot;,&quot;name&quot;:&quot;Short Grain Rice&quot;,&quot;count&quot;:&quot;3&quot;,&quot;className&quot;:&quot;&quot;},{&quot;url&quot;:&quot;http://shop.coles.com.au/online/SearchDisplay?searchTermScope=&amp;multiSearch=&amp;searchType=2&amp;maxPrice=&amp;showResultsPage=true&amp;langId=-1&amp;beginIndex=0&amp;sType=SimpleSearch&amp;metaData=&amp;browseView=true&amp;manufacturer=&amp;resultCatEntryType=&amp;catalogId=10576&amp;pageView=&amp;facet=ads_f8_ntk_cs%253AShort%2BPasta&amp;minPrice=&amp;categoryId=25573&amp;storeId=10601&quot;,&quot;name&quot;:&quot;Short Pasta&quot;,&quot;count&quot;:&quot;15&quot;,&quot;className&quot;:&quot;&quot;},{&quot;url&quot;:&quot;http://shop.coles.com.au/online/SearchDisplay?searchTermScope=&amp;multiSearch=&amp;searchType=2&amp;maxPrice=&amp;showResultsPage=true&amp;langId=-1&amp;beginIndex=0&amp;sType=SimpleSearch&amp;metaData=&amp;browseView=true&amp;manufacturer=&amp;resultCatEntryType=&amp;catalogId=10576&amp;pageView=&amp;facet=ads_f8_ntk_cs%253ASnacks&amp;minPrice=&amp;categoryId=25573&amp;storeId=10601&quot;,&quot;name&quot;:&quot;Snacks&quot;,&quot;count&quot;:&quot;1&quot;,&quot;className&quot;:&quot;&quot;},{&quot;url&quot;:&quot;http://shop.coles.com.au/online/SearchDisplay?searchTermScope=&amp;multiSearch=&amp;searchType=2&amp;maxPrice=&amp;showResultsPage=true&amp;langId=-1&amp;beginIndex=0&amp;sType=SimpleSearch&amp;metaData=&amp;browseView=true&amp;manufacturer=&amp;resultCatEntryType=&amp;catalogId=10576&amp;pageView=&amp;facet=ads_f8_ntk_cs%253ASnacks%2B%2526%2BSweets&amp;minPrice=&amp;categoryId=25573&amp;storeId=10601&quot;,&quot;name&quot;:&quot;Snacks &amp; Sweets&quot;,&quot;count&quot;:&quot;2&quot;,&quot;className&quot;:&quot;&quot;},{&quot;url&quot;:&quot;http://shop.coles.com.au/online/SearchDisplay?searchTermScope=&amp;multiSearch=&amp;searchType=2&amp;maxPrice=&amp;showResultsPage=true&amp;langId=-1&amp;beginIndex=0&amp;sType=SimpleSearch&amp;metaData=&amp;browseView=true&amp;manufacturer=&amp;resultCatEntryType=&amp;catalogId=10576&amp;pageView=&amp;facet=ads_f8_ntk_cs%253ASour%2BCream%2BChips&amp;minPrice=&amp;categoryId=25573&amp;storeId=10601&quot;,&quot;name&quot;:&quot;Sour Cream Chips&quot;,&quot;count&quot;:&quot;6&quot;,&quot;className&quot;:&quot;&quot;},{&quot;url&quot;:&quot;http://shop.coles.com.au/online/SearchDisplay?searchTermScope=&amp;multiSearch=&amp;searchType=2&amp;maxPrice=&amp;showResultsPage=true&amp;langId=-1&amp;beginIndex=0&amp;sType=SimpleSearch&amp;metaData=&amp;browseView=true&amp;manufacturer=&amp;resultCatEntryType=&amp;catalogId=10576&amp;pageView=&amp;facet=ads_f8_ntk_cs%253ASoy%2BSauce&amp;minPrice=&amp;categoryId=25573&amp;storeId=10601&quot;,&quot;name&quot;:&quot;Soy Sauce&quot;,&quot;count&quot;:&quot;11&quot;,&quot;className&quot;:&quot;&quot;},{&quot;url&quot;:&quot;http://shop.coles.com.au/online/SearchDisplay?searchTermScope=&amp;multiSearch=&amp;searchType=2&amp;maxPrice=&amp;showResultsPage=true&amp;langId=-1&amp;beginIndex=0&amp;sType=SimpleSearch&amp;metaData=&amp;browseView=true&amp;manufacturer=&amp;resultCatEntryType=&amp;catalogId=10576&amp;pageView=&amp;facet=ads_f8_ntk_cs%253ASpaghetti&amp;minPrice=&amp;categoryId=25573&amp;storeId=10601&quot;,&quot;name&quot;:&quot;Spaghetti&quot;,&quot;count&quot;:&quot;33&quot;,&quot;className&quot;:&quot;&quot;},{&quot;url&quot;:&quot;http://shop.coles.com.au/online/SearchDisplay?searchTermScope=&amp;multiSearch=&amp;searchType=2&amp;maxPrice=&amp;showResultsPage=true&amp;langId=-1&amp;beginIndex=0&amp;sType=SimpleSearch&amp;metaData=&amp;browseView=true&amp;manufacturer=&amp;resultCatEntryType=&amp;catalogId=10576&amp;pageView=&amp;facet=ads_f8_ntk_cs%253ASpam&amp;minPrice=&amp;categoryId=25573&amp;storeId=10601&quot;,&quot;name&quot;:&quot;Spam&quot;,&quot;count&quot;:&quot;8&quot;,&quot;className&quot;:&quot;&quot;},{&quot;url&quot;:&quot;http://shop.coles.com.au/online/SearchDisplay?searchTermScope=&amp;multiSearch=&amp;searchType=2&amp;maxPrice=&amp;showResultsPage=true&amp;langId=-1&amp;beginIndex=0&amp;sType=SimpleSearch&amp;metaData=&amp;browseView=true&amp;manufacturer=&amp;resultCatEntryType=&amp;catalogId=10576&amp;pageView=&amp;facet=ads_f8_ntk_cs%253ASpeciality%2BCoffee&amp;minPrice=&amp;categoryId=25573&amp;storeId=10601&quot;,&quot;name&quot;:&quot;Speciality Coffee&quot;,&quot;count&quot;:&quot;1&quot;,&quot;className&quot;:&quot;&quot;},{&quot;url&quot;:&quot;http://shop.coles.com.au/online/SearchDisplay?searchTermScope=&amp;multiSearch=&amp;searchType=2&amp;maxPrice=&amp;showResultsPage=true&amp;langId=-1&amp;beginIndex=0&amp;sType=SimpleSearch&amp;metaData=&amp;browseView=true&amp;manufacturer=&amp;resultCatEntryType=&amp;catalogId=10576&amp;pageView=&amp;facet=ads_f8_ntk_cs%253ASpeciality%2BTeas&amp;minPrice=&amp;categoryId=25573&amp;storeId=10601&quot;,&quot;name&quot;:&quot;Speciality Teas&quot;,&quot;count&quot;:&quot;8&quot;,&quot;className&quot;:&quot;&quot;},{&quot;url&quot;:&quot;http://shop.coles.com.au/online/SearchDisplay?searchTermScope=&amp;multiSearch=&amp;searchType=2&amp;maxPrice=&amp;showResultsPage=true&amp;langId=-1&amp;beginIndex=0&amp;sType=SimpleSearch&amp;metaData=&amp;browseView=true&amp;manufacturer=&amp;resultCatEntryType=&amp;catalogId=10576&amp;pageView=&amp;facet=ads_f8_ntk_cs%253ASpecialty&amp;minPrice=&amp;categoryId=25573&amp;storeId=10601&quot;,&quot;name&quot;:&quot;Specialty&quot;,&quot;count&quot;:&quot;1&quot;,&quot;className&quot;:&quot;&quot;},{&quot;url&quot;:&quot;http://shop.coles.com.au/online/SearchDisplay?searchTermScope=&amp;multiSearch=&amp;searchType=2&amp;maxPrice=&amp;showResultsPage=true&amp;langId=-1&amp;beginIndex=0&amp;sType=SimpleSearch&amp;metaData=&amp;browseView=true&amp;manufacturer=&amp;resultCatEntryType=&amp;catalogId=10576&amp;pageView=&amp;facet=ads_f8_ntk_cs%253ASpecialty%2BFish&amp;minPrice=&amp;categoryId=25573&amp;storeId=10601&quot;,&quot;name&quot;:&quot;Specialty Fish&quot;,&quot;count&quot;:&quot;2&quot;,&quot;className&quot;:&quot;&quot;},{&quot;url&quot;:&quot;http://shop.coles.com.au/online/SearchDisplay?searchTermScope=&amp;multiSearch=&amp;searchType=2&amp;maxPrice=&amp;showResultsPage=true&amp;langId=-1&amp;beginIndex=0&amp;sType=SimpleSearch&amp;metaData=&amp;browseView=true&amp;manufacturer=&amp;resultCatEntryType=&amp;catalogId=10576&amp;pageView=&amp;facet=ads_f8_ntk_cs%253ASpecialty%2BFlour&amp;minPrice=&amp;categoryId=25573&amp;storeId=10601&quot;,&quot;name&quot;:&quot;Specialty Flour&quot;,&quot;count&quot;:&quot;18&quot;,&quot;className&quot;:&quot;&quot;},{&quot;url&quot;:&quot;http://shop.coles.com.au/online/SearchDisplay?searchTermScope=&amp;multiSearch=&amp;searchType=2&amp;maxPrice=&amp;showResultsPage=true&amp;langId=-1&amp;beginIndex=0&amp;sType=SimpleSearch&amp;metaData=&amp;browseView=true&amp;manufacturer=&amp;resultCatEntryType=&amp;catalogId=10576&amp;pageView=&amp;facet=ads_f8_ntk_cs%253ASpecialty%2BOils&amp;minPrice=&amp;categoryId=25573&amp;storeId=10601&quot;,&quot;name&quot;:&quot;Specialty Oils&quot;,&quot;count&quot;:&quot;4&quot;,&quot;className&quot;:&quot;&quot;},{&quot;url&quot;:&quot;http://shop.coles.com.au/online/SearchDisplay?searchTermScope=&amp;multiSearch=&amp;searchType=2&amp;maxPrice=&amp;showResultsPage=true&amp;langId=-1&amp;beginIndex=0&amp;sType=SimpleSearch&amp;metaData=&amp;browseView=true&amp;manufacturer=&amp;resultCatEntryType=&amp;catalogId=10576&amp;pageView=&amp;facet=ads_f8_ntk_cs%253ASpirals%2B%2526%2BBows&amp;minPrice=&amp;categoryId=25573&amp;storeId=10601&quot;,&quot;name&quot;:&quot;Spirals &amp; Bows&quot;,&quot;count&quot;:&quot;24&quot;,&quot;className&quot;:&quot;&quot;},{&quot;url&quot;:&quot;http://shop.coles.com.au/online/SearchDisplay?searchTermScope=&amp;multiSearch=&amp;searchType=2&amp;maxPrice=&amp;showResultsPage=true&amp;langId=-1&amp;beginIndex=0&amp;sType=SimpleSearch&amp;metaData=&amp;browseView=true&amp;manufacturer=&amp;resultCatEntryType=&amp;catalogId=10576&amp;pageView=&amp;facet=ads_f8_ntk_cs%253ASpreads&amp;minPrice=&amp;categoryId=25573&amp;storeId=10601&quot;,&quot;name&quot;:&quot;Spreads&quot;,&quot;count&quot;:&quot;10&quot;,&quot;className&quot;:&quot;&quot;},{&quot;url&quot;:&quot;http://shop.coles.com.au/online/SearchDisplay?searchTermScope=&amp;multiSearch=&amp;searchType=2&amp;maxPrice=&amp;showResultsPage=true&amp;langId=-1&amp;beginIndex=0&amp;sType=SimpleSearch&amp;metaData=&amp;browseView=true&amp;manufacturer=&amp;resultCatEntryType=&amp;catalogId=10576&amp;pageView=&amp;facet=ads_f8_ntk_cs%253ASprinkles%2B%2526%2BToppings&amp;minPrice=&amp;categoryId=25573&amp;storeId=10601&quot;,&quot;name&quot;:&quot;Sprinkles &amp; Toppings&quot;,&quot;count&quot;:&quot;17&quot;,&quot;className&quot;:&quot;&quot;},{&quot;url&quot;:&quot;http://shop.coles.com.au/online/SearchDisplay?searchTermScope=&amp;multiSearch=&amp;searchType=2&amp;maxPrice=&amp;showResultsPage=true&amp;langId=-1&amp;beginIndex=0&amp;sType=SimpleSearch&amp;metaData=&amp;browseView=true&amp;manufacturer=&amp;resultCatEntryType=&amp;catalogId=10576&amp;pageView=&amp;facet=ads_f8_ntk_cs%253ASqueeze%2BMayonnaise&amp;minPrice=&amp;categoryId=25573&amp;storeId=10601&quot;,&quot;name&quot;:&quot;Squeeze Mayonnaise&quot;,&quot;count&quot;:&quot;5&quot;,&quot;className&quot;:&quot;&quot;},{&quot;url&quot;:&quot;http://shop.coles.com.au/online/SearchDisplay?searchTermScope=&amp;multiSearch=&amp;searchType=2&amp;maxPrice=&amp;showResultsPage=true&amp;langId=-1&amp;beginIndex=0&amp;sType=SimpleSearch&amp;metaData=&amp;browseView=true&amp;manufacturer=&amp;resultCatEntryType=&amp;catalogId=10576&amp;pageView=&amp;facet=ads_f8_ntk_cs%253AStar%2BAnise&amp;minPrice=&amp;categoryId=25573&amp;storeId=10601&quot;,&quot;name&quot;:&quot;Star Anise&quot;,&quot;count&quot;:&quot;1&quot;,&quot;className&quot;:&quot;&quot;},{&quot;url&quot;:&quot;http://shop.coles.com.au/online/SearchDisplay?searchTermScope=&amp;multiSearch=&amp;searchType=2&amp;maxPrice=&amp;showResultsPage=true&amp;langId=-1&amp;beginIndex=0&amp;sType=SimpleSearch&amp;metaData=&amp;browseView=true&amp;manufacturer=&amp;resultCatEntryType=&amp;catalogId=10576&amp;pageView=&amp;facet=ads_f8_ntk_cs%253ASteak%2BSauce&amp;minPrice=&amp;categoryId=25573&amp;storeId=10601&quot;,&quot;name&quot;:&quot;Steak Sauce&quot;,&quot;count&quot;:&quot;1&quot;,&quot;className&quot;:&quot;&quot;},{&quot;url&quot;:&quot;http://shop.coles.com.au/online/SearchDisplay?searchTermScope=&amp;multiSearch=&amp;searchType=2&amp;maxPrice=&amp;showResultsPage=true&amp;langId=-1&amp;beginIndex=0&amp;sType=SimpleSearch&amp;metaData=&amp;browseView=true&amp;manufacturer=&amp;resultCatEntryType=&amp;catalogId=10576&amp;pageView=&amp;facet=ads_f8_ntk_cs%253AStill%2BWater&amp;minPrice=&amp;categoryId=25573&amp;storeId=10601&quot;,&quot;name&quot;:&quot;Still Water&quot;,&quot;count&quot;:&quot;2&quot;,&quot;className&quot;:&quot;&quot;},{&quot;url&quot;:&quot;http://shop.coles.com.au/online/SearchDisplay?searchTermScope=&amp;multiSearch=&amp;searchType=2&amp;maxPrice=&amp;showResultsPage=true&amp;langId=-1&amp;beginIndex=0&amp;sType=SimpleSearch&amp;metaData=&amp;browseView=true&amp;manufacturer=&amp;resultCatEntryType=&amp;catalogId=10576&amp;pageView=&amp;facet=ads_f8_ntk_cs%253AStir%2BFry%2BSauces&amp;minPrice=&amp;categoryId=25573&amp;storeId=10601&quot;,&quot;name&quot;:&quot;Stir Fry Sauces&quot;,&quot;count&quot;:&quot;15&quot;,&quot;className&quot;:&quot;&quot;},{&quot;url&quot;:&quot;http://shop.coles.com.au/online/SearchDisplay?searchTermScope=&amp;multiSearch=&amp;searchType=2&amp;maxPrice=&amp;showResultsPage=true&amp;langId=-1&amp;beginIndex=0&amp;sType=SimpleSearch&amp;metaData=&amp;browseView=true&amp;manufacturer=&amp;resultCatEntryType=&amp;catalogId=10576&amp;pageView=&amp;facet=ads_f8_ntk_cs%253AStrawberry%2BDrinks&amp;minPrice=&amp;categoryId=25573&amp;storeId=10601&quot;,&quot;name&quot;:&quot;Strawberry Drinks&quot;,&quot;count&quot;:&quot;3&quot;,&quot;className&quot;:&quot;&quot;},{&quot;url&quot;:&quot;http://shop.coles.com.au/online/SearchDisplay?searchTermScope=&amp;multiSearch=&amp;searchType=2&amp;maxPrice=&amp;showResultsPage=true&amp;langId=-1&amp;beginIndex=0&amp;sType=SimpleSearch&amp;metaData=&amp;browseView=true&amp;manufacturer=&amp;resultCatEntryType=&amp;catalogId=10576&amp;pageView=&amp;facet=ads_f8_ntk_cs%253AStrawberry%2BJam&amp;minPrice=&amp;categoryId=25573&amp;storeId=10601&quot;,&quot;name&quot;:&quot;Strawberry Jam&quot;,&quot;count&quot;:&quot;14&quot;,&quot;className&quot;:&quot;&quot;},{&quot;url&quot;:&quot;http://shop.coles.com.au/online/SearchDisplay?searchTermScope=&amp;multiSearch=&amp;searchType=2&amp;maxPrice=&amp;showResultsPage=true&amp;langId=-1&amp;beginIndex=0&amp;sType=SimpleSearch&amp;metaData=&amp;browseView=true&amp;manufacturer=&amp;resultCatEntryType=&amp;catalogId=10576&amp;pageView=&amp;facet=ads_f8_ntk_cs%253AStuffing&amp;minPrice=&amp;categoryId=25573&amp;storeId=10601&quot;,&quot;name&quot;:&quot;Stuffing&quot;,&quot;count&quot;:&quot;3&quot;,&quot;className&quot;:&quot;&quot;},{&quot;url&quot;:&quot;http://shop.coles.com.au/online/SearchDisplay?searchTermScope=&amp;multiSearch=&amp;searchType=2&amp;maxPrice=&amp;showResultsPage=true&amp;langId=-1&amp;beginIndex=0&amp;sType=SimpleSearch&amp;metaData=&amp;browseView=true&amp;manufacturer=&amp;resultCatEntryType=&amp;catalogId=10576&amp;pageView=&amp;facet=ads_f8_ntk_cs%253ASugar%2BSubstitutes&amp;minPrice=&amp;categoryId=25573&amp;storeId=10601&quot;,&quot;name&quot;:&quot;Sugar Substitutes&quot;,&quot;count&quot;:&quot;29&quot;,&quot;className&quot;:&quot;&quot;},{&quot;url&quot;:&quot;http://shop.coles.com.au/online/SearchDisplay?searchTermScope=&amp;multiSearch=&amp;searchType=2&amp;maxPrice=&amp;showResultsPage=true&amp;langId=-1&amp;beginIndex=0&amp;sType=SimpleSearch&amp;metaData=&amp;browseView=true&amp;manufacturer=&amp;resultCatEntryType=&amp;catalogId=10576&amp;pageView=&amp;facet=ads_f8_ntk_cs%253ASundried%2BTomatoes&amp;minPrice=&amp;categoryId=25573&amp;storeId=10601&quot;,&quot;name&quot;:&quot;Sundried Tomatoes&quot;,&quot;count&quot;:&quot;11&quot;,&quot;className&quot;:&quot;&quot;},{&quot;url&quot;:&quot;http://shop.coles.com.au/online/SearchDisplay?searchTermScope=&amp;multiSearch=&amp;searchType=2&amp;maxPrice=&amp;showResultsPage=true&amp;langId=-1&amp;beginIndex=0&amp;sType=SimpleSearch&amp;metaData=&amp;browseView=true&amp;manufacturer=&amp;resultCatEntryType=&amp;catalogId=10576&amp;pageView=&amp;facet=ads_f8_ntk_cs%253ASunflower%2BOil&amp;minPrice=&amp;categoryId=25573&amp;storeId=10601&quot;,&quot;name&quot;:&quot;Sunflower Oil&quot;,&quot;count&quot;:&quot;4&quot;,&quot;className&quot;:&quot;&quot;},{&quot;url&quot;:&quot;http://shop.coles.com.au/online/SearchDisplay?searchTermScope=&amp;multiSearch=&amp;searchType=2&amp;maxPrice=&amp;showResultsPage=true&amp;langId=-1&amp;beginIndex=0&amp;sType=SimpleSearch&amp;metaData=&amp;browseView=true&amp;manufacturer=&amp;resultCatEntryType=&amp;catalogId=10576&amp;pageView=&amp;facet=ads_f8_ntk_cs%253ASweet%2B%2526%2BSour%2BSauces&amp;minPrice=&amp;categoryId=25573&amp;storeId=10601&quot;,&quot;name&quot;:&quot;Sweet &amp; Sour Sauces&quot;,&quot;count&quot;:&quot;3&quot;,&quot;className&quot;:&quot;&quot;},{&quot;url&quot;:&quot;http://shop.coles.com.au/online/SearchDisplay?searchTermScope=&amp;multiSearch=&amp;searchType=2&amp;maxPrice=&amp;showResultsPage=true&amp;langId=-1&amp;beginIndex=0&amp;sType=SimpleSearch&amp;metaData=&amp;browseView=true&amp;manufacturer=&amp;resultCatEntryType=&amp;catalogId=10576&amp;pageView=&amp;facet=ads_f8_ntk_cs%253ATarragon&amp;minPrice=&amp;categoryId=25573&amp;storeId=10601&quot;,&quot;name&quot;:&quot;Tarragon&quot;,&quot;count&quot;:&quot;2&quot;,&quot;className&quot;:&quot;&quot;},{&quot;url&quot;:&quot;http://shop.coles.com.au/online/SearchDisplay?searchTermScope=&amp;multiSearch=&amp;searchType=2&amp;maxPrice=&amp;showResultsPage=true&amp;langId=-1&amp;beginIndex=0&amp;sType=SimpleSearch&amp;metaData=&amp;browseView=true&amp;manufacturer=&amp;resultCatEntryType=&amp;catalogId=10576&amp;pageView=&amp;facet=ads_f8_ntk_cs%253AThickened%2BCream&amp;minPrice=&amp;categoryId=25573&amp;storeId=10601&quot;,&quot;name&quot;:&quot;Thickened Cream&quot;,&quot;count&quot;:&quot;1&quot;,&quot;className&quot;:&quot;&quot;},{&quot;url&quot;:&quot;http://shop.coles.com.au/online/SearchDisplay?searchTermScope=&amp;multiSearch=&amp;searchType=2&amp;maxPrice=&amp;showResultsPage=true&amp;langId=-1&amp;beginIndex=0&amp;sType=SimpleSearch&amp;metaData=&amp;browseView=true&amp;manufacturer=&amp;resultCatEntryType=&amp;catalogId=10576&amp;pageView=&amp;facet=ads_f8_ntk_cs%253AThroat%2BLozenges&amp;minPrice=&amp;categoryId=25573&amp;storeId=10601&quot;,&quot;name&quot;:&quot;Throat Lozenges&quot;,&quot;count&quot;:&quot;8&quot;,&quot;className&quot;:&quot;&quot;},{&quot;url&quot;:&quot;http://shop.coles.com.au/online/SearchDisplay?searchTermScope=&amp;multiSearch=&amp;searchType=2&amp;maxPrice=&amp;showResultsPage=true&amp;langId=-1&amp;beginIndex=0&amp;sType=SimpleSearch&amp;metaData=&amp;browseView=true&amp;manufacturer=&amp;resultCatEntryType=&amp;catalogId=10576&amp;pageView=&amp;facet=ads_f8_ntk_cs%253AThyme&amp;minPrice=&amp;categoryId=25573&amp;storeId=10601&quot;,&quot;name&quot;:&quot;Thyme&quot;,&quot;count&quot;:&quot;3&quot;,&quot;className&quot;:&quot;&quot;},{&quot;url&quot;:&quot;http://shop.coles.com.au/online/SearchDisplay?searchTermScope=&amp;multiSearch=&amp;searchType=2&amp;maxPrice=&amp;showResultsPage=true&amp;langId=-1&amp;beginIndex=0&amp;sType=SimpleSearch&amp;metaData=&amp;browseView=true&amp;manufacturer=&amp;resultCatEntryType=&amp;catalogId=10576&amp;pageView=&amp;facet=ads_f8_ntk_cs%253AToffees%2B%2526%2BCaramels&amp;minPrice=&amp;categoryId=25573&amp;storeId=10601&quot;,&quot;name&quot;:&quot;Toffees &amp; Caramels&quot;,&quot;count&quot;:&quot;2&quot;,&quot;className&quot;:&quot;&quot;},{&quot;url&quot;:&quot;http://shop.coles.com.au/online/SearchDisplay?searchTermScope=&amp;multiSearch=&amp;searchType=2&amp;maxPrice=&amp;showResultsPage=true&amp;langId=-1&amp;beginIndex=0&amp;sType=SimpleSearch&amp;metaData=&amp;browseView=true&amp;manufacturer=&amp;resultCatEntryType=&amp;catalogId=10576&amp;pageView=&amp;facet=ads_f8_ntk_cs%253ATomato%2BBased%2BSauces&amp;minPrice=&amp;categoryId=25573&amp;storeId=10601&quot;,&quot;name&quot;:&quot;Tomato Based Sauces&quot;,&quot;count&quot;:&quot;49&quot;,&quot;className&quot;:&quot;&quot;},{&quot;url&quot;:&quot;http://shop.coles.com.au/online/SearchDisplay?searchTermScope=&amp;multiSearch=&amp;searchType=2&amp;maxPrice=&amp;showResultsPage=true&amp;langId=-1&amp;beginIndex=0&amp;sType=SimpleSearch&amp;metaData=&amp;browseView=true&amp;manufacturer=&amp;resultCatEntryType=&amp;catalogId=10576&amp;pageView=&amp;facet=ads_f8_ntk_cs%253ATomato%2BPaste&amp;minPrice=&amp;categoryId=25573&amp;storeId=10601&quot;,&quot;name&quot;:&quot;Tomato Paste&quot;,&quot;count&quot;:&quot;25&quot;,&quot;className&quot;:&quot;&quot;},{&quot;url&quot;:&quot;http://shop.coles.com.au/online/SearchDisplay?searchTermScope=&amp;multiSearch=&amp;searchType=2&amp;maxPrice=&amp;showResultsPage=true&amp;langId=-1&amp;beginIndex=0&amp;sType=SimpleSearch&amp;metaData=&amp;browseView=true&amp;manufacturer=&amp;resultCatEntryType=&amp;catalogId=10576&amp;pageView=&amp;facet=ads_f8_ntk_cs%253ATomato%2BPesto&amp;minPrice=&amp;categoryId=25573&amp;storeId=10601&quot;,&quot;name&quot;:&quot;Tomato Pesto&quot;,&quot;count&quot;:&quot;3&quot;,&quot;className&quot;:&quot;&quot;},{&quot;url&quot;:&quot;http://shop.coles.com.au/online/SearchDisplay?searchTermScope=&amp;multiSearch=&amp;searchType=2&amp;maxPrice=&amp;showResultsPage=true&amp;langId=-1&amp;beginIndex=0&amp;sType=SimpleSearch&amp;metaData=&amp;browseView=true&amp;manufacturer=&amp;resultCatEntryType=&amp;catalogId=10576&amp;pageView=&amp;facet=ads_f8_ntk_cs%253ATomato%2BSauce&amp;minPrice=&amp;categoryId=25573&amp;storeId=10601&quot;,&quot;name&quot;:&quot;Tomato Sauce&quot;,&quot;count&quot;:&quot;20&quot;,&quot;className&quot;:&quot;&quot;},{&quot;url&quot;:&quot;http://shop.coles.com.au/online/SearchDisplay?searchTermScope=&amp;multiSearch=&amp;searchType=2&amp;maxPrice=&amp;showResultsPage=true&amp;langId=-1&amp;beginIndex=0&amp;sType=SimpleSearch&amp;metaData=&amp;browseView=true&amp;manufacturer=&amp;resultCatEntryType=&amp;catalogId=10576&amp;pageView=&amp;facet=ads_f8_ntk_cs%253ATortellini&amp;minPrice=&amp;categoryId=25573&amp;storeId=10601&quot;,&quot;name&quot;:&quot;Tortellini&quot;,&quot;count&quot;:&quot;9&quot;,&quot;className&quot;:&quot;&quot;},{&quot;url&quot;:&quot;http://shop.coles.com.au/online/SearchDisplay?searchTermScope=&amp;multiSearch=&amp;searchType=2&amp;maxPrice=&amp;showResultsPage=true&amp;langId=-1&amp;beginIndex=0&amp;sType=SimpleSearch&amp;metaData=&amp;browseView=true&amp;manufacturer=&amp;resultCatEntryType=&amp;catalogId=10576&amp;pageView=&amp;facet=ads_f8_ntk_cs%253ATrail%2BMix%2BBars&amp;minPrice=&amp;categoryId=25573&amp;storeId=10601&quot;,&quot;name&quot;:&quot;Trail Mix Bars&quot;,&quot;count&quot;:&quot;7&quot;,&quot;className&quot;:&quot;&quot;},{&quot;url&quot;:&quot;http://shop.coles.com.au/online/SearchDisplay?searchTermScope=&amp;multiSearch=&amp;searchType=2&amp;maxPrice=&amp;showResultsPage=true&amp;langId=-1&amp;beginIndex=0&amp;sType=SimpleSearch&amp;metaData=&amp;browseView=true&amp;manufacturer=&amp;resultCatEntryType=&amp;catalogId=10576&amp;pageView=&amp;facet=ads_f8_ntk_cs%253ATreacle%2BSyrup&amp;minPrice=&amp;categoryId=25573&amp;storeId=10601&quot;,&quot;name&quot;:&quot;Treacle Syrup&quot;,&quot;count&quot;:&quot;1&quot;,&quot;className&quot;:&quot;&quot;},{&quot;url&quot;:&quot;http://shop.coles.com.au/online/SearchDisplay?searchTermScope=&amp;multiSearch=&amp;searchType=2&amp;maxPrice=&amp;showResultsPage=true&amp;langId=-1&amp;beginIndex=0&amp;sType=SimpleSearch&amp;metaData=&amp;browseView=true&amp;manufacturer=&amp;resultCatEntryType=&amp;catalogId=10576&amp;pageView=&amp;facet=ads_f8_ntk_cs%253ATuna%2BIn%2BBrine&amp;minPrice=&amp;categoryId=25573&amp;storeId=10601&quot;,&quot;name&quot;:&quot;Tuna In Brine&quot;,&quot;count&quot;:&quot;7&quot;,&quot;className&quot;:&quot;&quot;},{&quot;url&quot;:&quot;http://shop.coles.com.au/online/SearchDisplay?searchTermScope=&amp;multiSearch=&amp;searchType=2&amp;maxPrice=&amp;showResultsPage=true&amp;langId=-1&amp;beginIndex=0&amp;sType=SimpleSearch&amp;metaData=&amp;browseView=true&amp;manufacturer=&amp;resultCatEntryType=&amp;catalogId=10576&amp;pageView=&amp;facet=ads_f8_ntk_cs%253ATuna%2Bin%2BOil&amp;minPrice=&amp;categoryId=25573&amp;storeId=10601&quot;,&quot;name&quot;:&quot;Tuna in Oil&quot;,&quot;count&quot;:&quot;18&quot;,&quot;className&quot;:&quot;&quot;},{&quot;url&quot;:&quot;http://shop.coles.com.au/online/SearchDisplay?searchTermScope=&amp;multiSearch=&amp;searchType=2&amp;maxPrice=&amp;showResultsPage=true&amp;langId=-1&amp;beginIndex=0&amp;sType=SimpleSearch&amp;metaData=&amp;browseView=true&amp;manufacturer=&amp;resultCatEntryType=&amp;catalogId=10576&amp;pageView=&amp;facet=ads_f8_ntk_cs%253ATuna%2Bin%2BSpringwater&amp;minPrice=&amp;categoryId=25573&amp;storeId=10601&quot;,&quot;name&quot;:&quot;Tuna in Springwater&quot;,&quot;count&quot;:&quot;16&quot;,&quot;className&quot;:&quot;&quot;},{&quot;url&quot;:&quot;http://shop.coles.com.au/online/SearchDisplay?searchTermScope=&amp;multiSearch=&amp;searchType=2&amp;maxPrice=&amp;showResultsPage=true&amp;langId=-1&amp;beginIndex=0&amp;sType=SimpleSearch&amp;metaData=&amp;browseView=true&amp;manufacturer=&amp;resultCatEntryType=&amp;catalogId=10576&amp;pageView=&amp;facet=ads_f8_ntk_cs%253ATurmeric&amp;minPrice=&amp;categoryId=25573&amp;storeId=10601&quot;,&quot;name&quot;:&quot;Turmeric&quot;,&quot;count&quot;:&quot;3&quot;,&quot;className&quot;:&quot;&quot;},{&quot;url&quot;:&quot;http://shop.coles.com.au/online/SearchDisplay?searchTermScope=&amp;multiSearch=&amp;searchType=2&amp;maxPrice=&amp;showResultsPage=true&amp;langId=-1&amp;beginIndex=0&amp;sType=SimpleSearch&amp;metaData=&amp;browseView=true&amp;manufacturer=&amp;resultCatEntryType=&amp;catalogId=10576&amp;pageView=&amp;facet=ads_f8_ntk_cs%253AUdon%2BNoodles&amp;minPrice=&amp;categoryId=25573&amp;storeId=10601&quot;,&quot;name&quot;:&quot;Udon Noodles&quot;,&quot;count&quot;:&quot;2&quot;,&quot;className&quot;:&quot;&quot;},{&quot;url&quot;:&quot;http://shop.coles.com.au/online/SearchDisplay?searchTermScope=&amp;multiSearch=&amp;searchType=2&amp;maxPrice=&amp;showResultsPage=true&amp;langId=-1&amp;beginIndex=0&amp;sType=SimpleSearch&amp;metaData=&amp;browseView=true&amp;manufacturer=&amp;resultCatEntryType=&amp;catalogId=10576&amp;pageView=&amp;facet=ads_f8_ntk_cs%253AUnpopped%2BPopcorn&amp;minPrice=&amp;categoryId=25573&amp;storeId=10601&quot;,&quot;name&quot;:&quot;Unpopped Popcorn&quot;,&quot;count&quot;:&quot;10&quot;,&quot;className&quot;:&quot;&quot;},{&quot;url&quot;:&quot;http://shop.coles.com.au/online/SearchDisplay?searchTermScope=&amp;multiSearch=&amp;searchType=2&amp;maxPrice=&amp;showResultsPage=true&amp;langId=-1&amp;beginIndex=0&amp;sType=SimpleSearch&amp;metaData=&amp;browseView=true&amp;manufacturer=&amp;resultCatEntryType=&amp;catalogId=10576&amp;pageView=&amp;facet=ads_f8_ntk_cs%253AVanilla&amp;minPrice=&amp;categoryId=25573&amp;storeId=10601&quot;,&quot;name&quot;:&quot;Vanilla&quot;,&quot;count&quot;:&quot;4&quot;,&quot;className&quot;:&quot;&quot;},{&quot;url&quot;:&quot;http://shop.coles.com.au/online/SearchDisplay?searchTermScope=&amp;multiSearch=&amp;searchType=2&amp;maxPrice=&amp;showResultsPage=true&amp;langId=-1&amp;beginIndex=0&amp;sType=SimpleSearch&amp;metaData=&amp;browseView=true&amp;manufacturer=&amp;resultCatEntryType=&amp;catalogId=10576&amp;pageView=&amp;facet=ads_f8_ntk_cs%253AVanilla%2BDrinks&amp;minPrice=&amp;categoryId=25573&amp;storeId=10601&quot;,&quot;name&quot;:&quot;Vanilla Drinks&quot;,&quot;count&quot;:&quot;7&quot;,&quot;className&quot;:&quot;&quot;},{&quot;url&quot;:&quot;http://shop.coles.com.au/online/SearchDisplay?searchTermScope=&amp;multiSearch=&amp;searchType=2&amp;maxPrice=&amp;showResultsPage=true&amp;langId=-1&amp;beginIndex=0&amp;sType=SimpleSearch&amp;metaData=&amp;browseView=true&amp;manufacturer=&amp;resultCatEntryType=&amp;catalogId=10576&amp;pageView=&amp;facet=ads_f8_ntk_cs%253AVariety%2BPacks&amp;minPrice=&amp;categoryId=25573&amp;storeId=10601&quot;,&quot;name&quot;:&quot;Variety Packs&quot;,&quot;count&quot;:&quot;1&quot;,&quot;className&quot;:&quot;&quot;},{&quot;url&quot;:&quot;http://shop.coles.com.au/online/SearchDisplay?searchTermScope=&amp;multiSearch=&amp;searchType=2&amp;maxPrice=&amp;showResultsPage=true&amp;langId=-1&amp;beginIndex=0&amp;sType=SimpleSearch&amp;metaData=&amp;browseView=true&amp;manufacturer=&amp;resultCatEntryType=&amp;catalogId=10576&amp;pageView=&amp;facet=ads_f8_ntk_cs%253AVegemite%2B%2526%2BYeast%2BSpreads&amp;minPrice=&amp;categoryId=25573&amp;storeId=10601&quot;,&quot;name&quot;:&quot;Vegemite &amp; Yeast Spreads&quot;,&quot;count&quot;:&quot;10&quot;,&quot;className&quot;:&quot;&quot;},{&quot;url&quot;:&quot;http://shop.coles.com.au/online/SearchDisplay?searchTermScope=&amp;multiSearch=&amp;searchType=2&amp;maxPrice=&amp;showResultsPage=true&amp;langId=-1&amp;beginIndex=0&amp;sType=SimpleSearch&amp;metaData=&amp;browseView=true&amp;manufacturer=&amp;resultCatEntryType=&amp;catalogId=10576&amp;pageView=&amp;facet=ads_f8_ntk_cs%253AVegetable%2BSoup&amp;minPrice=&amp;categoryId=25573&amp;storeId=10601&quot;,&quot;name&quot;:&quot;Vegetable Soup&quot;,&quot;count&quot;:&quot;58&quot;,&quot;className&quot;:&quot;&quot;},{&quot;url&quot;:&quot;http://shop.coles.com.au/online/SearchDisplay?searchTermScope=&amp;multiSearch=&amp;searchType=2&amp;maxPrice=&amp;showResultsPage=true&amp;langId=-1&amp;beginIndex=0&amp;sType=SimpleSearch&amp;metaData=&amp;browseView=true&amp;manufacturer=&amp;resultCatEntryType=&amp;catalogId=10576&amp;pageView=&amp;facet=ads_f8_ntk_cs%253AVegetable%2BStock&amp;minPrice=&amp;categoryId=25573&amp;storeId=10601&quot;,&quot;name&quot;:&quot;Vegetable Stock&quot;,&quot;count&quot;:&quot;11&quot;,&quot;className&quot;:&quot;&quot;},{&quot;url&quot;:&quot;http://shop.coles.com.au/online/SearchDisplay?searchTermScope=&amp;multiSearch=&amp;searchType=2&amp;maxPrice=&amp;showResultsPage=true&amp;langId=-1&amp;beginIndex=0&amp;sType=SimpleSearch&amp;metaData=&amp;browseView=true&amp;manufacturer=&amp;resultCatEntryType=&amp;catalogId=10576&amp;pageView=&amp;facet=ads_f8_ntk_cs%253AVegetables&amp;minPrice=&amp;categoryId=25573&amp;storeId=10601&quot;,&quot;name&quot;:&quot;Vegetables&quot;,&quot;count&quot;:&quot;1&quot;,&quot;className&quot;:&quot;&quot;},{&quot;url&quot;:&quot;http://shop.coles.com.au/online/SearchDisplay?searchTermScope=&amp;multiSearch=&amp;searchType=2&amp;maxPrice=&amp;showResultsPage=true&amp;langId=-1&amp;beginIndex=0&amp;sType=SimpleSearch&amp;metaData=&amp;browseView=true&amp;manufacturer=&amp;resultCatEntryType=&amp;catalogId=10576&amp;pageView=&amp;facet=ads_f8_ntk_cs%253AVinegar%2BCider&amp;minPrice=&amp;categoryId=25573&amp;storeId=10601&quot;,&quot;name&quot;:&quot;Vinegar Cider&quot;,&quot;count&quot;:&quot;3&quot;,&quot;className&quot;:&quot;&quot;},{&quot;url&quot;:&quot;http://shop.coles.com.au/online/SearchDisplay?searchTermScope=&amp;multiSearch=&amp;searchType=2&amp;maxPrice=&amp;showResultsPage=true&amp;langId=-1&amp;beginIndex=0&amp;sType=SimpleSearch&amp;metaData=&amp;browseView=true&amp;manufacturer=&amp;resultCatEntryType=&amp;catalogId=10576&amp;pageView=&amp;facet=ads_f8_ntk_cs%253AWafer%2BCones&amp;minPrice=&amp;categoryId=25573&amp;storeId=10601&quot;,&quot;name&quot;:&quot;Wafer Cones&quot;,&quot;count&quot;:&quot;2&quot;,&quot;className&quot;:&quot;&quot;},{&quot;url&quot;:&quot;http://shop.coles.com.au/online/SearchDisplay?searchTermScope=&amp;multiSearch=&amp;searchType=2&amp;maxPrice=&amp;showResultsPage=true&amp;langId=-1&amp;beginIndex=0&amp;sType=SimpleSearch&amp;metaData=&amp;browseView=true&amp;manufacturer=&amp;resultCatEntryType=&amp;catalogId=10576&amp;pageView=&amp;facet=ads_f8_ntk_cs%253AWaffle%2BCones&amp;minPrice=&amp;categoryId=25573&amp;storeId=10601&quot;,&quot;name&quot;:&quot;Waffle Cones&quot;,&quot;count&quot;:&quot;1&quot;,&quot;className&quot;:&quot;&quot;},{&quot;url&quot;:&quot;http://shop.coles.com.au/online/SearchDisplay?searchTermScope=&amp;multiSearch=&amp;searchType=2&amp;maxPrice=&amp;showResultsPage=true&amp;langId=-1&amp;beginIndex=0&amp;sType=SimpleSearch&amp;metaData=&amp;browseView=true&amp;manufacturer=&amp;resultCatEntryType=&amp;catalogId=10576&amp;pageView=&amp;facet=ads_f8_ntk_cs%253AWeight%2BLoss%2BBars&amp;minPrice=&amp;categoryId=25573&amp;storeId=10601&quot;,&quot;name&quot;:&quot;Weight Loss Bars&quot;,&quot;count&quot;:&quot;22&quot;,&quot;className&quot;:&quot;&quot;},{&quot;url&quot;:&quot;http://shop.coles.com.au/online/SearchDisplay?searchTermScope=&amp;multiSearch=&amp;searchType=2&amp;maxPrice=&amp;showResultsPage=true&amp;langId=-1&amp;beginIndex=0&amp;sType=SimpleSearch&amp;metaData=&amp;browseView=true&amp;manufacturer=&amp;resultCatEntryType=&amp;catalogId=10576&amp;pageView=&amp;facet=ads_f8_ntk_cs%253AWheat%2BCereals&amp;minPrice=&amp;categoryId=25573&amp;storeId=10601&quot;,&quot;name&quot;:&quot;Wheat Cereals&quot;,&quot;count&quot;:&quot;20&quot;,&quot;className&quot;:&quot;&quot;},{&quot;url&quot;:&quot;http://shop.coles.com.au/online/SearchDisplay?searchTermScope=&amp;multiSearch=&amp;searchType=2&amp;maxPrice=&amp;showResultsPage=true&amp;langId=-1&amp;beginIndex=0&amp;sType=SimpleSearch&amp;metaData=&amp;browseView=true&amp;manufacturer=&amp;resultCatEntryType=&amp;catalogId=10576&amp;pageView=&amp;facet=ads_f8_ntk_cs%253AWhite%2BChocolate&amp;minPrice=&amp;categoryId=25573&amp;storeId=10601&quot;,&quot;name&quot;:&quot;White Chocolate&quot;,&quot;count&quot;:&quot;8&quot;,&quot;className&quot;:&quot;&quot;},{&quot;url&quot;:&quot;http://shop.coles.com.au/online/SearchDisplay?searchTermScope=&amp;multiSearch=&amp;searchType=2&amp;maxPrice=&amp;showResultsPage=true&amp;langId=-1&amp;beginIndex=0&amp;sType=SimpleSearch&amp;metaData=&amp;browseView=true&amp;manufacturer=&amp;resultCatEntryType=&amp;catalogId=10576&amp;pageView=&amp;facet=ads_f8_ntk_cs%253AWhite%2BSugar&amp;minPrice=&amp;categoryId=25573&amp;storeId=10601&quot;,&quot;name&quot;:&quot;White Sugar&quot;,&quot;count&quot;:&quot;10&quot;,&quot;className&quot;:&quot;&quot;},{&quot;url&quot;:&quot;http://shop.coles.com.au/online/SearchDisplay?searchTermScope=&amp;multiSearch=&amp;searchType=2&amp;maxPrice=&amp;showResultsPage=true&amp;langId=-1&amp;beginIndex=0&amp;sType=SimpleSearch&amp;metaData=&amp;browseView=true&amp;manufacturer=&amp;resultCatEntryType=&amp;catalogId=10576&amp;pageView=&amp;facet=ads_f8_ntk_cs%253AWhite%2BTeas&amp;minPrice=&amp;categoryId=25573&amp;storeId=10601&quot;,&quot;name&quot;:&quot;White Teas&quot;,&quot;count&quot;:&quot;1&quot;,&quot;className&quot;:&quot;&quot;},{&quot;url&quot;:&quot;http://shop.coles.com.au/online/SearchDisplay?searchTermScope=&amp;multiSearch=&amp;searchType=2&amp;maxPrice=&amp;showResultsPage=true&amp;langId=-1&amp;beginIndex=0&amp;sType=SimpleSearch&amp;metaData=&amp;browseView=true&amp;manufacturer=&amp;resultCatEntryType=&amp;catalogId=10576&amp;pageView=&amp;facet=ads_f8_ntk_cs%253AWhite%2BVinegar&amp;minPrice=&amp;categoryId=25573&amp;storeId=10601&quot;,&quot;name&quot;:&quot;White Vinegar&quot;,&quot;count&quot;:&quot;4&quot;,&quot;className&quot;:&quot;&quot;},{&quot;url&quot;:&quot;http://shop.coles.com.au/online/SearchDisplay?searchTermScope=&amp;multiSearch=&amp;searchType=2&amp;maxPrice=&amp;showResultsPage=true&amp;langId=-1&amp;beginIndex=0&amp;sType=SimpleSearch&amp;metaData=&amp;browseView=true&amp;manufacturer=&amp;resultCatEntryType=&amp;catalogId=10576&amp;pageView=&amp;facet=ads_f8_ntk_cs%253AWhite%2BWine%2BVinegar&amp;minPrice=&amp;categoryId=25573&amp;storeId=10601&quot;,&quot;name&quot;:&quot;White Wine Vinegar&quot;,&quot;count&quot;:&quot;3&quot;,&quot;className&quot;:&quot;&quot;},{&quot;url&quot;:&quot;http://shop.coles.com.au/online/SearchDisplay?searchTermScope=&amp;multiSearch=&amp;searchType=2&amp;maxPrice=&amp;showResultsPage=true&amp;langId=-1&amp;beginIndex=0&amp;sType=SimpleSearch&amp;metaData=&amp;browseView=true&amp;manufacturer=&amp;resultCatEntryType=&amp;catalogId=10576&amp;pageView=&amp;facet=ads_f8_ntk_cs%253AWhitener&amp;minPrice=&amp;categoryId=25573&amp;storeId=10601&quot;,&quot;name&quot;:&quot;Whitener&quot;,&quot;count&quot;:&quot;3&quot;,&quot;className&quot;:&quot;&quot;},{&quot;url&quot;:&quot;http://shop.coles.com.au/online/SearchDisplay?searchTermScope=&amp;multiSearch=&amp;searchType=2&amp;maxPrice=&amp;showResultsPage=true&amp;langId=-1&amp;beginIndex=0&amp;sType=SimpleSearch&amp;metaData=&amp;browseView=true&amp;manufacturer=&amp;resultCatEntryType=&amp;catalogId=10576&amp;pageView=&amp;facet=ads_f8_ntk_cs%253AWholegrain%2BRice&amp;minPrice=&amp;categoryId=25573&amp;storeId=10601&quot;,&quot;name&quot;:&quot;Wholegrain Rice&quot;,&quot;count&quot;:&quot;3&quot;,&quot;className&quot;:&quot;&quot;},{&quot;url&quot;:&quot;http://shop.coles.com.au/online/SearchDisplay?searchTermScope=&amp;multiSearch=&amp;searchType=2&amp;maxPrice=&amp;showResultsPage=true&amp;langId=-1&amp;beginIndex=0&amp;sType=SimpleSearch&amp;metaData=&amp;browseView=true&amp;manufacturer=&amp;resultCatEntryType=&amp;catalogId=10576&amp;pageView=&amp;facet=ads_f8_ntk_cs%253AWholemeal%2BFlour&amp;minPrice=&amp;categoryId=25573&amp;storeId=10601&quot;,&quot;name&quot;:&quot;Wholemeal Flour&quot;,&quot;count&quot;:&quot;5&quot;,&quot;className&quot;:&quot;&quot;},{&quot;url&quot;:&quot;http://shop.coles.com.au/online/SearchDisplay?searchTermScope=&amp;multiSearch=&amp;searchType=2&amp;maxPrice=&amp;showResultsPage=true&amp;langId=-1&amp;beginIndex=0&amp;sType=SimpleSearch&amp;metaData=&amp;browseView=true&amp;manufacturer=&amp;resultCatEntryType=&amp;catalogId=10576&amp;pageView=&amp;facet=ads_f8_ntk_cs%253AWorcestershire%2BSauce&amp;minPrice=&amp;categoryId=25573&amp;storeId=10601&quot;,&quot;name&quot;:&quot;Worcestershire Sauce&quot;,&quot;count&quot;:&quot;5&quot;,&quot;className&quot;:&quot;&quot;},{&quot;url&quot;:&quot;http://shop.coles.com.au/online/SearchDisplay?searchTermScope=&amp;multiSearch=&amp;searchType=2&amp;maxPrice=&amp;showResultsPage=true&amp;langId=-1&amp;beginIndex=0&amp;sType=SimpleSearch&amp;metaData=&amp;browseView=true&amp;manufacturer=&amp;resultCatEntryType=&amp;catalogId=10576&amp;pageView=&amp;facet=ads_f8_ntk_cs%253AYoghurt%2BBased%2BDesserts&amp;minPrice=&amp;categoryId=25573&amp;storeId=10601&quot;,&quot;name&quot;:&quot;Yoghurt Based Desserts&quot;,&quot;count&quot;:&quot;5&quot;,&quot;className&quot;:&quot;&quot;}]}" title="View other types">+  view 373 other types</a></li>
	     		
    		</ul>
		</li>
		
		<li role="presentation">
			<h3>Dietary</h3>
			
					<a class="2" href="http://shop.coles.com.au/online/SearchDisplay?multiSearch=&amp;showResultsPage=true&amp;langId=-1&amp;beginIndex=4000&amp;sType=SimpleSearch&amp;browseView=true&amp;pageSize=100&amp;resultCatEntryType=&amp;catalogId=10576&amp;pageView=image&amp;urlLangId=-1&amp;categoryId=25573&amp;storeId=10601" name="type-Dietary" title=""><span class="cat-facet">Show all</span>&nbsp;<span role="presentation" aria-hidden="true" class="cat-count">(6288)</span><span class="cat-count accessibility">(6288items)</span></a>
				
  			<ul>
	     		
							<li>
								
										<a href="http://shop.coles.com.au/online/SearchDisplay?searchTermScope=&amp;multiSearch=&amp;searchType=2&amp;maxPrice=&amp;showResultsPage=true&amp;langId=-1&amp;beginIndex=0&amp;sType=SimpleSearch&amp;metaData=&amp;browseView=true&amp;manufacturer=&amp;resultCatEntryType=&amp;catalogId=10576&amp;pageView=&amp;facet=ads_f3_ntk_cs%253A97%2525%2BFat%2BFree&amp;minPrice=&amp;categoryId=25573&amp;storeId=10601" name="type-Dietary" title=""><span class="cat-facet">97% Fat Free</span>&nbsp;<span role="presentation" aria-hidden="true" class="cat-count">(91)</span><span class="cat-count accessibility">(91items)</span></a>
									
							</li>
			     		
							<li>
								
										<a href="http://shop.coles.com.au/online/SearchDisplay?searchTermScope=&amp;multiSearch=&amp;searchType=2&amp;maxPrice=&amp;showResultsPage=true&amp;langId=-1&amp;beginIndex=0&amp;sType=SimpleSearch&amp;metaData=&amp;browseView=true&amp;manufacturer=&amp;resultCatEntryType=&amp;catalogId=10576&amp;pageView=&amp;facet=ads_f3_ntk_cs%253A98%2525%2BFat%2BFree&amp;minPrice=&amp;categoryId=25573&amp;storeId=10601" name="type-Dietary" title=""><span class="cat-facet">98% Fat Free</span>&nbsp;<span role="presentation" aria-hidden="true" class="cat-count">(136)</span><span class="cat-count accessibility">(136items)</span></a>
									
							</li>
			     		
							<li>
								
										<a href="http://shop.coles.com.au/online/SearchDisplay?searchTermScope=&amp;multiSearch=&amp;searchType=2&amp;maxPrice=&amp;showResultsPage=true&amp;langId=-1&amp;beginIndex=0&amp;sType=SimpleSearch&amp;metaData=&amp;browseView=true&amp;manufacturer=&amp;resultCatEntryType=&amp;catalogId=10576&amp;pageView=&amp;facet=ads_f3_ntk_cs%253A99%2525%2BFat%2BFree&amp;minPrice=&amp;categoryId=25573&amp;storeId=10601" name="type-Dietary" title=""><span class="cat-facet">99% Fat Free</span>&nbsp;<span role="presentation" aria-hidden="true" class="cat-count">(259)</span><span class="cat-count accessibility">(259items)</span></a>
									
							</li>
			     		
							<li>
								
										<a href="http://shop.coles.com.au/online/SearchDisplay?searchTermScope=&amp;multiSearch=&amp;searchType=2&amp;maxPrice=&amp;showResultsPage=true&amp;langId=-1&amp;beginIndex=0&amp;sType=SimpleSearch&amp;metaData=&amp;browseView=true&amp;manufacturer=&amp;resultCatEntryType=&amp;catalogId=10576&amp;pageView=&amp;facet=ads_f3_ntk_cs%253ACholesterol%2Bfree&amp;minPrice=&amp;categoryId=25573&amp;storeId=10601" name="type-Dietary" title=""><span class="cat-facet">Cholesterol free</span>&nbsp;<span role="presentation" aria-hidden="true" class="cat-count">(163)</span><span class="cat-count accessibility">(163items)</span></a>
									
							</li>
			     		
							<li>
								
										<a href="http://shop.coles.com.au/online/SearchDisplay?searchTermScope=&amp;multiSearch=&amp;searchType=2&amp;maxPrice=&amp;showResultsPage=true&amp;langId=-1&amp;beginIndex=0&amp;sType=SimpleSearch&amp;metaData=&amp;browseView=true&amp;manufacturer=&amp;resultCatEntryType=&amp;catalogId=10576&amp;pageView=&amp;facet=ads_f3_ntk_cs%253AHigh%2Bin%2BAntioxidants&amp;minPrice=&amp;categoryId=25573&amp;storeId=10601" name="type-Dietary" title=""><span class="cat-facet">High in Antioxidants</span>&nbsp;<span role="presentation" aria-hidden="true" class="cat-count">(26)</span><span class="cat-count accessibility">(26items)</span></a>
									
							</li>
			     		
							<li>
								
										<a href="http://shop.coles.com.au/online/SearchDisplay?searchTermScope=&amp;multiSearch=&amp;searchType=2&amp;maxPrice=&amp;showResultsPage=true&amp;langId=-1&amp;beginIndex=0&amp;sType=SimpleSearch&amp;metaData=&amp;browseView=true&amp;manufacturer=&amp;resultCatEntryType=&amp;catalogId=10576&amp;pageView=&amp;facet=ads_f3_ntk_cs%253AHigh%2Bin%2BFibre&amp;minPrice=&amp;categoryId=25573&amp;storeId=10601" name="type-Dietary" title=""><span class="cat-facet">High in Fibre</span>&nbsp;<span role="presentation" aria-hidden="true" class="cat-count">(210)</span><span class="cat-count accessibility">(210items)</span></a>
									
							</li>
			     		
							<li>
								
										<a href="http://shop.coles.com.au/online/SearchDisplay?searchTermScope=&amp;multiSearch=&amp;searchType=2&amp;maxPrice=&amp;showResultsPage=true&amp;langId=-1&amp;beginIndex=0&amp;sType=SimpleSearch&amp;metaData=&amp;browseView=true&amp;manufacturer=&amp;resultCatEntryType=&amp;catalogId=10576&amp;pageView=&amp;facet=ads_f3_ntk_cs%253ALow%2BGI&amp;minPrice=&amp;categoryId=25573&amp;storeId=10601" name="type-Dietary" title=""><span class="cat-facet">Low GI</span>&nbsp;<span role="presentation" aria-hidden="true" class="cat-count">(152)</span><span class="cat-count accessibility">(152items)</span></a>
									
							</li>
			     		
							<li>
								
										<a href="http://shop.coles.com.au/online/SearchDisplay?searchTermScope=&amp;multiSearch=&amp;searchType=2&amp;maxPrice=&amp;showResultsPage=true&amp;langId=-1&amp;beginIndex=0&amp;sType=SimpleSearch&amp;metaData=&amp;browseView=true&amp;manufacturer=&amp;resultCatEntryType=&amp;catalogId=10576&amp;pageView=&amp;facet=ads_f3_ntk_cs%253ALow%2Bin%2BSodium&amp;minPrice=&amp;categoryId=25573&amp;storeId=10601" name="type-Dietary" title=""><span class="cat-facet">Low in Sodium</span>&nbsp;<span role="presentation" aria-hidden="true" class="cat-count">(50)</span><span class="cat-count accessibility">(50items)</span></a>
									
							</li>
			     		
							<li>
								
										<a href="http://shop.coles.com.au/online/SearchDisplay?searchTermScope=&amp;multiSearch=&amp;searchType=2&amp;maxPrice=&amp;showResultsPage=true&amp;langId=-1&amp;beginIndex=0&amp;sType=SimpleSearch&amp;metaData=&amp;browseView=true&amp;manufacturer=&amp;resultCatEntryType=&amp;catalogId=10576&amp;pageView=&amp;facet=ads_f3_ntk_cs%253ALow%2Bin%2BSugar&amp;minPrice=&amp;categoryId=25573&amp;storeId=10601" name="type-Dietary" title=""><span class="cat-facet">Low in Sugar</span>&nbsp;<span role="presentation" aria-hidden="true" class="cat-count">(22)</span><span class="cat-count accessibility">(22items)</span></a>
									
							</li>
			     		
							<li>
								
										<a href="http://shop.coles.com.au/online/SearchDisplay?searchTermScope=&amp;multiSearch=&amp;searchType=2&amp;maxPrice=&amp;showResultsPage=true&amp;langId=-1&amp;beginIndex=0&amp;sType=SimpleSearch&amp;metaData=&amp;browseView=true&amp;manufacturer=&amp;resultCatEntryType=&amp;catalogId=10576&amp;pageView=&amp;facet=ads_f3_ntk_cs%253ANo%2BAdded%2BColours&amp;minPrice=&amp;categoryId=25573&amp;storeId=10601" name="type-Dietary" title=""><span class="cat-facet">No Added Colours</span>&nbsp;<span role="presentation" aria-hidden="true" class="cat-count">(100)</span><span class="cat-count accessibility">(100items)</span></a>
									
							</li>
			     		
				<li><a href="#" class="more" data-hidden-facets="{&quot;type&quot;:&quot;Dietary&quot;,&quot;facets&quot;:[{&quot;url&quot;:&quot;http://shop.coles.com.au/online/SearchDisplay?searchTermScope=&amp;multiSearch=&amp;searchType=2&amp;maxPrice=&amp;showResultsPage=true&amp;langId=-1&amp;beginIndex=0&amp;sType=SimpleSearch&amp;metaData=&amp;browseView=true&amp;manufacturer=&amp;resultCatEntryType=&amp;catalogId=10576&amp;pageView=&amp;facet=ads_f3_ntk_cs%253ANo%2BAdded%2BSalt&amp;minPrice=&amp;categoryId=25573&amp;storeId=10601&quot;,&quot;name&quot;:&quot;No Added Salt&quot;,&quot;count&quot;:&quot;37&quot;,&quot;className&quot;:&quot;&quot;},{&quot;url&quot;:&quot;http://shop.coles.com.au/online/SearchDisplay?searchTermScope=&amp;multiSearch=&amp;searchType=2&amp;maxPrice=&amp;showResultsPage=true&amp;langId=-1&amp;beginIndex=0&amp;sType=SimpleSearch&amp;metaData=&amp;browseView=true&amp;manufacturer=&amp;resultCatEntryType=&amp;catalogId=10576&amp;pageView=&amp;facet=ads_f3_ntk_cs%253ANo%2BAdded%2BSugars&amp;minPrice=&amp;categoryId=25573&amp;storeId=10601&quot;,&quot;name&quot;:&quot;No Added Sugars&quot;,&quot;count&quot;:&quot;94&quot;,&quot;className&quot;:&quot;&quot;},{&quot;url&quot;:&quot;http://shop.coles.com.au/online/SearchDisplay?searchTermScope=&amp;multiSearch=&amp;searchType=2&amp;maxPrice=&amp;showResultsPage=true&amp;langId=-1&amp;beginIndex=0&amp;sType=SimpleSearch&amp;metaData=&amp;browseView=true&amp;manufacturer=&amp;resultCatEntryType=&amp;catalogId=10576&amp;pageView=&amp;facet=ads_f3_ntk_cs%253ANo%2BArtificial%2BFlavours%2Bor%2BColours&amp;minPrice=&amp;categoryId=25573&amp;storeId=10601&quot;,&quot;name&quot;:&quot;No Artificial Flavours or Colours&quot;,&quot;count&quot;:&quot;1007&quot;,&quot;className&quot;:&quot;&quot;},{&quot;url&quot;:&quot;http://shop.coles.com.au/online/SearchDisplay?searchTermScope=&amp;multiSearch=&amp;searchType=2&amp;maxPrice=&amp;showResultsPage=true&amp;langId=-1&amp;beginIndex=0&amp;sType=SimpleSearch&amp;metaData=&amp;browseView=true&amp;manufacturer=&amp;resultCatEntryType=&amp;catalogId=10576&amp;pageView=&amp;facet=ads_f3_ntk_cs%253ANo%2BPreservatives&amp;minPrice=&amp;categoryId=25573&amp;storeId=10601&quot;,&quot;name&quot;:&quot;No Preservatives&quot;,&quot;count&quot;:&quot;600&quot;,&quot;className&quot;:&quot;&quot;},{&quot;url&quot;:&quot;http://shop.coles.com.au/online/SearchDisplay?searchTermScope=&amp;multiSearch=&amp;searchType=2&amp;maxPrice=&amp;showResultsPage=true&amp;langId=-1&amp;beginIndex=0&amp;sType=SimpleSearch&amp;metaData=&amp;browseView=true&amp;manufacturer=&amp;resultCatEntryType=&amp;catalogId=10576&amp;pageView=&amp;facet=ads_f3_ntk_cs%253AOmega%2B3&amp;minPrice=&amp;categoryId=25573&amp;storeId=10601&quot;,&quot;name&quot;:&quot;Omega 3&quot;,&quot;count&quot;:&quot;142&quot;,&quot;className&quot;:&quot;&quot;},{&quot;url&quot;:&quot;http://shop.coles.com.au/online/SearchDisplay?searchTermScope=&amp;multiSearch=&amp;searchType=2&amp;maxPrice=&amp;showResultsPage=true&amp;langId=-1&amp;beginIndex=0&amp;sType=SimpleSearch&amp;metaData=&amp;browseView=true&amp;manufacturer=&amp;resultCatEntryType=&amp;catalogId=10576&amp;pageView=&amp;facet=ads_f3_ntk_cs%253ASource%2Bof%2BCalcium&amp;minPrice=&amp;categoryId=25573&amp;storeId=10601&quot;,&quot;name&quot;:&quot;Source of Calcium&quot;,&quot;count&quot;:&quot;46&quot;,&quot;className&quot;:&quot;&quot;},{&quot;url&quot;:&quot;http://shop.coles.com.au/online/SearchDisplay?searchTermScope=&amp;multiSearch=&amp;searchType=2&amp;maxPrice=&amp;showResultsPage=true&amp;langId=-1&amp;beginIndex=0&amp;sType=SimpleSearch&amp;metaData=&amp;browseView=true&amp;manufacturer=&amp;resultCatEntryType=&amp;catalogId=10576&amp;pageView=&amp;facet=ads_f3_ntk_cs%253ASource%2Bof%2BDietary%2BFibre&amp;minPrice=&amp;categoryId=25573&amp;storeId=10601&quot;,&quot;name&quot;:&quot;Source of Dietary Fibre&quot;,&quot;count&quot;:&quot;240&quot;,&quot;className&quot;:&quot;&quot;},{&quot;url&quot;:&quot;http://shop.coles.com.au/online/SearchDisplay?searchTermScope=&amp;multiSearch=&amp;searchType=2&amp;maxPrice=&amp;showResultsPage=true&amp;langId=-1&amp;beginIndex=0&amp;sType=SimpleSearch&amp;metaData=&amp;browseView=true&amp;manufacturer=&amp;resultCatEntryType=&amp;catalogId=10576&amp;pageView=&amp;facet=ads_f3_ntk_cs%253ASource%2Bof%2BIron&amp;minPrice=&amp;categoryId=25573&amp;storeId=10601&quot;,&quot;name&quot;:&quot;Source of Iron&quot;,&quot;count&quot;:&quot;41&quot;,&quot;className&quot;:&quot;&quot;},{&quot;url&quot;:&quot;http://shop.coles.com.au/online/SearchDisplay?searchTermScope=&amp;multiSearch=&amp;searchType=2&amp;maxPrice=&amp;showResultsPage=true&amp;langId=-1&amp;beginIndex=0&amp;sType=SimpleSearch&amp;metaData=&amp;browseView=true&amp;manufacturer=&amp;resultCatEntryType=&amp;catalogId=10576&amp;pageView=&amp;facet=ads_f3_ntk_cs%253ASource%2Bof%2BVitamin%2BC&amp;minPrice=&amp;categoryId=25573&amp;storeId=10601&quot;,&quot;name&quot;:&quot;Source of Vitamin C&quot;,&quot;count&quot;:&quot;4&quot;,&quot;className&quot;:&quot;&quot;}]}" title="View other types">+  view 9 other types</a></li>
	     		
    		</ul>
		</li>
		
		<li role="presentation">
			<h3>Allergen</h3>
			
					<a class="2" href="http://shop.coles.com.au/online/SearchDisplay?multiSearch=&amp;showResultsPage=true&amp;langId=-1&amp;beginIndex=4000&amp;sType=SimpleSearch&amp;browseView=true&amp;pageSize=100&amp;resultCatEntryType=&amp;catalogId=10576&amp;pageView=image&amp;urlLangId=-1&amp;categoryId=25573&amp;storeId=10601" name="type-Allergen" title=""><span class="cat-facet">Show all</span>&nbsp;<span role="presentation" aria-hidden="true" class="cat-count">(6288)</span><span class="cat-count accessibility">(6288items)</span></a>
				
  			<ul>
	     		
							<li>
								
										<a href="http://shop.coles.com.au/online/SearchDisplay?searchTermScope=&amp;multiSearch=&amp;searchType=2&amp;maxPrice=&amp;showResultsPage=true&amp;langId=-1&amp;beginIndex=0&amp;sType=SimpleSearch&amp;metaData=&amp;browseView=true&amp;manufacturer=&amp;resultCatEntryType=&amp;catalogId=10576&amp;pageView=&amp;facet=ads_f2_ntk_cs%253AAdditive%2BFree&amp;minPrice=&amp;categoryId=25573&amp;storeId=10601" name="type-Allergen" title=""><span class="cat-facet">Additive Free</span>&nbsp;<span role="presentation" aria-hidden="true" class="cat-count">(19)</span><span class="cat-count accessibility">(19items)</span></a>
									
							</li>
			     		
							<li>
								
										<a href="http://shop.coles.com.au/online/SearchDisplay?searchTermScope=&amp;multiSearch=&amp;searchType=2&amp;maxPrice=&amp;showResultsPage=true&amp;langId=-1&amp;beginIndex=0&amp;sType=SimpleSearch&amp;metaData=&amp;browseView=true&amp;manufacturer=&amp;resultCatEntryType=&amp;catalogId=10576&amp;pageView=&amp;facet=ads_f2_ntk_cs%253ABarley%2BFree&amp;minPrice=&amp;categoryId=25573&amp;storeId=10601" name="type-Allergen" title=""><span class="cat-facet">Barley Free</span>&nbsp;<span role="presentation" aria-hidden="true" class="cat-count">(1)</span><span class="cat-count accessibility">(1items)</span></a>
									
							</li>
			     		
							<li>
								
										<a href="http://shop.coles.com.au/online/SearchDisplay?searchTermScope=&amp;multiSearch=&amp;searchType=2&amp;maxPrice=&amp;showResultsPage=true&amp;langId=-1&amp;beginIndex=0&amp;sType=SimpleSearch&amp;metaData=&amp;browseView=true&amp;manufacturer=&amp;resultCatEntryType=&amp;catalogId=10576&amp;pageView=&amp;facet=ads_f2_ntk_cs%253ACaffeine%2BFree&amp;minPrice=&amp;categoryId=25573&amp;storeId=10601" name="type-Allergen" title=""><span class="cat-facet">Caffeine Free</span>&nbsp;<span role="presentation" aria-hidden="true" class="cat-count">(18)</span><span class="cat-count accessibility">(18items)</span></a>
									
							</li>
			     		
							<li>
								
										<a href="http://shop.coles.com.au/online/SearchDisplay?searchTermScope=&amp;multiSearch=&amp;searchType=2&amp;maxPrice=&amp;showResultsPage=true&amp;langId=-1&amp;beginIndex=0&amp;sType=SimpleSearch&amp;metaData=&amp;browseView=true&amp;manufacturer=&amp;resultCatEntryType=&amp;catalogId=10576&amp;pageView=&amp;facet=ads_f2_ntk_cs%253ACholesterol%2BFree&amp;minPrice=&amp;categoryId=25573&amp;storeId=10601" name="type-Allergen" title=""><span class="cat-facet">Cholesterol Free</span>&nbsp;<span role="presentation" aria-hidden="true" class="cat-count">(173)</span><span class="cat-count accessibility">(173items)</span></a>
									
							</li>
			     		
							<li>
								
										<a href="http://shop.coles.com.au/online/SearchDisplay?searchTermScope=&amp;multiSearch=&amp;searchType=2&amp;maxPrice=&amp;showResultsPage=true&amp;langId=-1&amp;beginIndex=0&amp;sType=SimpleSearch&amp;metaData=&amp;browseView=true&amp;manufacturer=&amp;resultCatEntryType=&amp;catalogId=10576&amp;pageView=&amp;facet=ads_f2_ntk_cs%253ADairy%2BFree&amp;minPrice=&amp;categoryId=25573&amp;storeId=10601" name="type-Allergen" title=""><span class="cat-facet">Dairy Free</span>&nbsp;<span role="presentation" aria-hidden="true" class="cat-count">(108)</span><span class="cat-count accessibility">(108items)</span></a>
									
							</li>
			     		
							<li>
								
										<a href="http://shop.coles.com.au/online/SearchDisplay?searchTermScope=&amp;multiSearch=&amp;searchType=2&amp;maxPrice=&amp;showResultsPage=true&amp;langId=-1&amp;beginIndex=0&amp;sType=SimpleSearch&amp;metaData=&amp;browseView=true&amp;manufacturer=&amp;resultCatEntryType=&amp;catalogId=10576&amp;pageView=&amp;facet=ads_f2_ntk_cs%253AEgg%2BFree&amp;minPrice=&amp;categoryId=25573&amp;storeId=10601" name="type-Allergen" title=""><span class="cat-facet">Egg Free</span>&nbsp;<span role="presentation" aria-hidden="true" class="cat-count">(52)</span><span class="cat-count accessibility">(52items)</span></a>
									
							</li>
			     		
							<li>
								
										<a href="http://shop.coles.com.au/online/SearchDisplay?searchTermScope=&amp;multiSearch=&amp;searchType=2&amp;maxPrice=&amp;showResultsPage=true&amp;langId=-1&amp;beginIndex=0&amp;sType=SimpleSearch&amp;metaData=&amp;browseView=true&amp;manufacturer=&amp;resultCatEntryType=&amp;catalogId=10576&amp;pageView=&amp;facet=ads_f2_ntk_cs%253AFat%2BFree&amp;minPrice=&amp;categoryId=25573&amp;storeId=10601" name="type-Allergen" title=""><span class="cat-facet">Fat Free</span>&nbsp;<span role="presentation" aria-hidden="true" class="cat-count">(47)</span><span class="cat-count accessibility">(47items)</span></a>
									
							</li>
			     		
							<li>
								
										<a href="http://shop.coles.com.au/online/SearchDisplay?searchTermScope=&amp;multiSearch=&amp;searchType=2&amp;maxPrice=&amp;showResultsPage=true&amp;langId=-1&amp;beginIndex=0&amp;sType=SimpleSearch&amp;metaData=&amp;browseView=true&amp;manufacturer=&amp;resultCatEntryType=&amp;catalogId=10576&amp;pageView=&amp;facet=ads_f2_ntk_cs%253AFree%2Bfrom%2BArtificial%2BColours&amp;minPrice=&amp;categoryId=25573&amp;storeId=10601" name="type-Allergen" title=""><span class="cat-facet">Free from Artificial Colours</span>&nbsp;<span role="presentation" aria-hidden="true" class="cat-count">(859)</span><span class="cat-count accessibility">(859items)</span></a>
									
							</li>
			     		
							<li>
								
										<a href="http://shop.coles.com.au/online/SearchDisplay?searchTermScope=&amp;multiSearch=&amp;searchType=2&amp;maxPrice=&amp;showResultsPage=true&amp;langId=-1&amp;beginIndex=0&amp;sType=SimpleSearch&amp;metaData=&amp;browseView=true&amp;manufacturer=&amp;resultCatEntryType=&amp;catalogId=10576&amp;pageView=&amp;facet=ads_f2_ntk_cs%253AFree%2Bfrom%2BArtificial%2BFlavours&amp;minPrice=&amp;categoryId=25573&amp;storeId=10601" name="type-Allergen" title=""><span class="cat-facet">Free from Artificial Flavours</span>&nbsp;<span role="presentation" aria-hidden="true" class="cat-count">(755)</span><span class="cat-count accessibility">(755items)</span></a>
									
							</li>
			     		
							<li>
								
										<a href="http://shop.coles.com.au/online/SearchDisplay?searchTermScope=&amp;multiSearch=&amp;searchType=2&amp;maxPrice=&amp;showResultsPage=true&amp;langId=-1&amp;beginIndex=0&amp;sType=SimpleSearch&amp;metaData=&amp;browseView=true&amp;manufacturer=&amp;resultCatEntryType=&amp;catalogId=10576&amp;pageView=&amp;facet=ads_f2_ntk_cs%253AFree%2Bfrom%2BArtificial%2BPreservatives&amp;minPrice=&amp;categoryId=25573&amp;storeId=10601" name="type-Allergen" title=""><span class="cat-facet">Free from Artificial Preservatives</span>&nbsp;<span role="presentation" aria-hidden="true" class="cat-count">(394)</span><span class="cat-count accessibility">(394items)</span></a>
									
							</li>
			     		
				<li><a href="#" class="more" data-hidden-facets="{&quot;type&quot;:&quot;Allergen&quot;,&quot;facets&quot;:[{&quot;url&quot;:&quot;http://shop.coles.com.au/online/SearchDisplay?searchTermScope=&amp;multiSearch=&amp;searchType=2&amp;maxPrice=&amp;showResultsPage=true&amp;langId=-1&amp;beginIndex=0&amp;sType=SimpleSearch&amp;metaData=&amp;browseView=true&amp;manufacturer=&amp;resultCatEntryType=&amp;catalogId=10576&amp;pageView=&amp;facet=ads_f2_ntk_cs%253AGluten%2BFree&amp;minPrice=&amp;categoryId=25573&amp;storeId=10601&quot;,&quot;name&quot;:&quot;Gluten Free&quot;,&quot;count&quot;:&quot;620&quot;,&quot;className&quot;:&quot;&quot;},{&quot;url&quot;:&quot;http://shop.coles.com.au/online/SearchDisplay?searchTermScope=&amp;multiSearch=&amp;searchType=2&amp;maxPrice=&amp;showResultsPage=true&amp;langId=-1&amp;beginIndex=0&amp;sType=SimpleSearch&amp;metaData=&amp;browseView=true&amp;manufacturer=&amp;resultCatEntryType=&amp;catalogId=10576&amp;pageView=&amp;facet=ads_f2_ntk_cs%253AHazelnut%2BFree&amp;minPrice=&amp;categoryId=25573&amp;storeId=10601&quot;,&quot;name&quot;:&quot;Hazelnut Free&quot;,&quot;count&quot;:&quot;1&quot;,&quot;className&quot;:&quot;&quot;},{&quot;url&quot;:&quot;http://shop.coles.com.au/online/SearchDisplay?searchTermScope=&amp;multiSearch=&amp;searchType=2&amp;maxPrice=&amp;showResultsPage=true&amp;langId=-1&amp;beginIndex=0&amp;sType=SimpleSearch&amp;metaData=&amp;browseView=true&amp;manufacturer=&amp;resultCatEntryType=&amp;catalogId=10576&amp;pageView=&amp;facet=ads_f2_ntk_cs%253ALactose%2BFree&amp;minPrice=&amp;categoryId=25573&amp;storeId=10601&quot;,&quot;name&quot;:&quot;Lactose Free&quot;,&quot;count&quot;:&quot;34&quot;,&quot;className&quot;:&quot;&quot;},{&quot;url&quot;:&quot;http://shop.coles.com.au/online/SearchDisplay?searchTermScope=&amp;multiSearch=&amp;searchType=2&amp;maxPrice=&amp;showResultsPage=true&amp;langId=-1&amp;beginIndex=0&amp;sType=SimpleSearch&amp;metaData=&amp;browseView=true&amp;manufacturer=&amp;resultCatEntryType=&amp;catalogId=10576&amp;pageView=&amp;facet=ads_f2_ntk_cs%253AMSG%2BFree&amp;minPrice=&amp;categoryId=25573&amp;storeId=10601&quot;,&quot;name&quot;:&quot;MSG Free&quot;,&quot;count&quot;:&quot;224&quot;,&quot;className&quot;:&quot;&quot;},{&quot;url&quot;:&quot;http://shop.coles.com.au/online/SearchDisplay?searchTermScope=&amp;multiSearch=&amp;searchType=2&amp;maxPrice=&amp;showResultsPage=true&amp;langId=-1&amp;beginIndex=0&amp;sType=SimpleSearch&amp;metaData=&amp;browseView=true&amp;manufacturer=&amp;resultCatEntryType=&amp;catalogId=10576&amp;pageView=&amp;facet=ads_f2_ntk_cs%253AMilk%2BFree&amp;minPrice=&amp;categoryId=25573&amp;storeId=10601&quot;,&quot;name&quot;:&quot;Milk Free&quot;,&quot;count&quot;:&quot;6&quot;,&quot;className&quot;:&quot;&quot;},{&quot;url&quot;:&quot;http://shop.coles.com.au/online/SearchDisplay?searchTermScope=&amp;multiSearch=&amp;searchType=2&amp;maxPrice=&amp;showResultsPage=true&amp;langId=-1&amp;beginIndex=0&amp;sType=SimpleSearch&amp;metaData=&amp;browseView=true&amp;manufacturer=&amp;resultCatEntryType=&amp;catalogId=10576&amp;pageView=&amp;facet=ads_f2_ntk_cs%253ANo%2BAdded%2BSugar&amp;minPrice=&amp;categoryId=25573&amp;storeId=10601&quot;,&quot;name&quot;:&quot;No Added Sugar&quot;,&quot;count&quot;:&quot;50&quot;,&quot;className&quot;:&quot;&quot;},{&quot;url&quot;:&quot;http://shop.coles.com.au/online/SearchDisplay?searchTermScope=&amp;multiSearch=&amp;searchType=2&amp;maxPrice=&amp;showResultsPage=true&amp;langId=-1&amp;beginIndex=0&amp;sType=SimpleSearch&amp;metaData=&amp;browseView=true&amp;manufacturer=&amp;resultCatEntryType=&amp;catalogId=10576&amp;pageView=&amp;facet=ads_f2_ntk_cs%253ANut%2BFree&amp;minPrice=&amp;categoryId=25573&amp;storeId=10601&quot;,&quot;name&quot;:&quot;Nut Free&quot;,&quot;count&quot;:&quot;69&quot;,&quot;className&quot;:&quot;&quot;},{&quot;url&quot;:&quot;http://shop.coles.com.au/online/SearchDisplay?searchTermScope=&amp;multiSearch=&amp;searchType=2&amp;maxPrice=&amp;showResultsPage=true&amp;langId=-1&amp;beginIndex=0&amp;sType=SimpleSearch&amp;metaData=&amp;browseView=true&amp;manufacturer=&amp;resultCatEntryType=&amp;catalogId=10576&amp;pageView=&amp;facet=ads_f2_ntk_cs%253APeanut%2BFree&amp;minPrice=&amp;categoryId=25573&amp;storeId=10601&quot;,&quot;name&quot;:&quot;Peanut Free&quot;,&quot;count&quot;:&quot;23&quot;,&quot;className&quot;:&quot;&quot;},{&quot;url&quot;:&quot;http://shop.coles.com.au/online/SearchDisplay?searchTermScope=&amp;multiSearch=&amp;searchType=2&amp;maxPrice=&amp;showResultsPage=true&amp;langId=-1&amp;beginIndex=0&amp;sType=SimpleSearch&amp;metaData=&amp;browseView=true&amp;manufacturer=&amp;resultCatEntryType=&amp;catalogId=10576&amp;pageView=&amp;facet=ads_f2_ntk_cs%253ARye%2BFree&amp;minPrice=&amp;categoryId=25573&amp;storeId=10601&quot;,&quot;name&quot;:&quot;Rye Free&quot;,&quot;count&quot;:&quot;1&quot;,&quot;className&quot;:&quot;&quot;},{&quot;url&quot;:&quot;http://shop.coles.com.au/online/SearchDisplay?searchTermScope=&amp;multiSearch=&amp;searchType=2&amp;maxPrice=&amp;showResultsPage=true&amp;langId=-1&amp;beginIndex=0&amp;sType=SimpleSearch&amp;metaData=&amp;browseView=true&amp;manufacturer=&amp;resultCatEntryType=&amp;catalogId=10576&amp;pageView=&amp;facet=ads_f2_ntk_cs%253ASesame%2BFree&amp;minPrice=&amp;categoryId=25573&amp;storeId=10601&quot;,&quot;name&quot;:&quot;Sesame Free&quot;,&quot;count&quot;:&quot;4&quot;,&quot;className&quot;:&quot;&quot;},{&quot;url&quot;:&quot;http://shop.coles.com.au/online/SearchDisplay?searchTermScope=&amp;multiSearch=&amp;searchType=2&amp;maxPrice=&amp;showResultsPage=true&amp;langId=-1&amp;beginIndex=0&amp;sType=SimpleSearch&amp;metaData=&amp;browseView=true&amp;manufacturer=&amp;resultCatEntryType=&amp;catalogId=10576&amp;pageView=&amp;facet=ads_f2_ntk_cs%253ASoy%2BFree&amp;minPrice=&amp;categoryId=25573&amp;storeId=10601&quot;,&quot;name&quot;:&quot;Soy Free&quot;,&quot;count&quot;:&quot;22&quot;,&quot;className&quot;:&quot;&quot;},{&quot;url&quot;:&quot;http://shop.coles.com.au/online/SearchDisplay?searchTermScope=&amp;multiSearch=&amp;searchType=2&amp;maxPrice=&amp;showResultsPage=true&amp;langId=-1&amp;beginIndex=0&amp;sType=SimpleSearch&amp;metaData=&amp;browseView=true&amp;manufacturer=&amp;resultCatEntryType=&amp;catalogId=10576&amp;pageView=&amp;facet=ads_f2_ntk_cs%253ASugar%2BFree&amp;minPrice=&amp;categoryId=25573&amp;storeId=10601&quot;,&quot;name&quot;:&quot;Sugar Free&quot;,&quot;count&quot;:&quot;50&quot;,&quot;className&quot;:&quot;&quot;},{&quot;url&quot;:&quot;http://shop.coles.com.au/online/SearchDisplay?searchTermScope=&amp;multiSearch=&amp;searchType=2&amp;maxPrice=&amp;showResultsPage=true&amp;langId=-1&amp;beginIndex=0&amp;sType=SimpleSearch&amp;metaData=&amp;browseView=true&amp;manufacturer=&amp;resultCatEntryType=&amp;catalogId=10576&amp;pageView=&amp;facet=ads_f2_ntk_cs%253ATree%2BNut%2BFree&amp;minPrice=&amp;categoryId=25573&amp;storeId=10601&quot;,&quot;name&quot;:&quot;Tree Nut Free&quot;,&quot;count&quot;:&quot;7&quot;,&quot;className&quot;:&quot;&quot;},{&quot;url&quot;:&quot;http://shop.coles.com.au/online/SearchDisplay?searchTermScope=&amp;multiSearch=&amp;searchType=2&amp;maxPrice=&amp;showResultsPage=true&amp;langId=-1&amp;beginIndex=0&amp;sType=SimpleSearch&amp;metaData=&amp;browseView=true&amp;manufacturer=&amp;resultCatEntryType=&amp;catalogId=10576&amp;pageView=&amp;facet=ads_f2_ntk_cs%253AWheat%2BFree&amp;minPrice=&amp;categoryId=25573&amp;storeId=10601&quot;,&quot;name&quot;:&quot;Wheat Free&quot;,&quot;count&quot;:&quot;86&quot;,&quot;className&quot;:&quot;&quot;},{&quot;url&quot;:&quot;http://shop.coles.com.au/online/SearchDisplay?searchTermScope=&amp;multiSearch=&amp;searchType=2&amp;maxPrice=&amp;showResultsPage=true&amp;langId=-1&amp;beginIndex=0&amp;sType=SimpleSearch&amp;metaData=&amp;browseView=true&amp;manufacturer=&amp;resultCatEntryType=&amp;catalogId=10576&amp;pageView=&amp;facet=ads_f2_ntk_cs%253AYeast%2BFree&amp;minPrice=&amp;categoryId=25573&amp;storeId=10601&quot;,&quot;name&quot;:&quot;Yeast Free&quot;,&quot;count&quot;:&quot;32&quot;,&quot;className&quot;:&quot;&quot;}]}" title="View other types">+  view 15 other types</a></li>
	     		
    		</ul>
		</li>
		
		<li role="presentation">
			<h3>Environmental</h3>
			
					<a class="2" href="http://shop.coles.com.au/online/SearchDisplay?multiSearch=&amp;showResultsPage=true&amp;langId=-1&amp;beginIndex=4000&amp;sType=SimpleSearch&amp;browseView=true&amp;pageSize=100&amp;resultCatEntryType=&amp;catalogId=10576&amp;pageView=image&amp;urlLangId=-1&amp;categoryId=25573&amp;storeId=10601" name="type-Environmental" title=""><span class="cat-facet">Show all</span>&nbsp;<span role="presentation" aria-hidden="true" class="cat-count">(6288)</span><span class="cat-count accessibility">(6288items)</span></a>
				
  			<ul>
	     		
							<li>
								
										<a href="http://shop.coles.com.au/online/SearchDisplay?searchTermScope=&amp;multiSearch=&amp;searchType=2&amp;maxPrice=&amp;showResultsPage=true&amp;langId=-1&amp;beginIndex=0&amp;sType=SimpleSearch&amp;metaData=&amp;browseView=true&amp;manufacturer=&amp;resultCatEntryType=&amp;catalogId=10576&amp;pageView=&amp;facet=ads_f5_ntk_cs%253AAustralian%2BGrown&amp;minPrice=&amp;categoryId=25573&amp;storeId=10601" name="type-Environmental" title=""><span class="cat-facet">Australian Grown</span>&nbsp;<span role="presentation" aria-hidden="true" class="cat-count">(46)</span><span class="cat-count accessibility">(46items)</span></a>
									
							</li>
			     		
							<li>
								
										<a href="http://shop.coles.com.au/online/SearchDisplay?searchTermScope=&amp;multiSearch=&amp;searchType=2&amp;maxPrice=&amp;showResultsPage=true&amp;langId=-1&amp;beginIndex=0&amp;sType=SimpleSearch&amp;metaData=&amp;browseView=true&amp;manufacturer=&amp;resultCatEntryType=&amp;catalogId=10576&amp;pageView=&amp;facet=ads_f5_ntk_cs%253AAustralian%2BMade%2Band%2BOwned&amp;minPrice=&amp;categoryId=25573&amp;storeId=10601" name="type-Environmental" title=""><span class="cat-facet">Australian Made and Owned</span>&nbsp;<span role="presentation" aria-hidden="true" class="cat-count">(206)</span><span class="cat-count accessibility">(206items)</span></a>
									
							</li>
			     		
							<li>
								
										<a href="http://shop.coles.com.au/online/SearchDisplay?searchTermScope=&amp;multiSearch=&amp;searchType=2&amp;maxPrice=&amp;showResultsPage=true&amp;langId=-1&amp;beginIndex=0&amp;sType=SimpleSearch&amp;metaData=&amp;browseView=true&amp;manufacturer=&amp;resultCatEntryType=&amp;catalogId=10576&amp;pageView=&amp;facet=ads_f5_ntk_cs%253ABiodegradable&amp;minPrice=&amp;categoryId=25573&amp;storeId=10601" name="type-Environmental" title=""><span class="cat-facet">Biodegradable</span>&nbsp;<span role="presentation" aria-hidden="true" class="cat-count">(1)</span><span class="cat-count accessibility">(1items)</span></a>
									
							</li>
			     		
							<li>
								
										<a href="http://shop.coles.com.au/online/SearchDisplay?searchTermScope=&amp;multiSearch=&amp;searchType=2&amp;maxPrice=&amp;showResultsPage=true&amp;langId=-1&amp;beginIndex=0&amp;sType=SimpleSearch&amp;metaData=&amp;browseView=true&amp;manufacturer=&amp;resultCatEntryType=&amp;catalogId=10576&amp;pageView=&amp;facet=ads_f5_ntk_cs%253AEnvironmentally%2BFriendly&amp;minPrice=&amp;categoryId=25573&amp;storeId=10601" name="type-Environmental" title=""><span class="cat-facet">Environmentally Friendly</span>&nbsp;<span role="presentation" aria-hidden="true" class="cat-count">(4)</span><span class="cat-count accessibility">(4items)</span></a>
									
							</li>
			     		
							<li>
								
										<a href="http://shop.coles.com.au/online/SearchDisplay?searchTermScope=&amp;multiSearch=&amp;searchType=2&amp;maxPrice=&amp;showResultsPage=true&amp;langId=-1&amp;beginIndex=0&amp;sType=SimpleSearch&amp;metaData=&amp;browseView=true&amp;manufacturer=&amp;resultCatEntryType=&amp;catalogId=10576&amp;pageView=&amp;facet=ads_f5_ntk_cs%253AFair%2BTrade&amp;minPrice=&amp;categoryId=25573&amp;storeId=10601" name="type-Environmental" title=""><span class="cat-facet">Fair Trade</span>&nbsp;<span role="presentation" aria-hidden="true" class="cat-count">(8)</span><span class="cat-count accessibility">(8items)</span></a>
									
							</li>
			     		
							<li>
								
										<a href="http://shop.coles.com.au/online/SearchDisplay?searchTermScope=&amp;multiSearch=&amp;searchType=2&amp;maxPrice=&amp;showResultsPage=true&amp;langId=-1&amp;beginIndex=0&amp;sType=SimpleSearch&amp;metaData=&amp;browseView=true&amp;manufacturer=&amp;resultCatEntryType=&amp;catalogId=10576&amp;pageView=&amp;facet=ads_f5_ntk_cs%253ARecycled&amp;minPrice=&amp;categoryId=25573&amp;storeId=10601" name="type-Environmental" title=""><span class="cat-facet">Recycled</span>&nbsp;<span role="presentation" aria-hidden="true" class="cat-count">(11)</span><span class="cat-count accessibility">(11items)</span></a>
									
							</li>
			     		
    		</ul>
		</li>
		
		<li role="presentation">
			<h3>Lifestyle</h3>
			
					<a class="2" href="http://shop.coles.com.au/online/SearchDisplay?multiSearch=&amp;showResultsPage=true&amp;langId=-1&amp;beginIndex=4000&amp;sType=SimpleSearch&amp;browseView=true&amp;pageSize=100&amp;resultCatEntryType=&amp;catalogId=10576&amp;pageView=image&amp;urlLangId=-1&amp;categoryId=25573&amp;storeId=10601" name="type-Lifestyle" title=""><span class="cat-facet">Show all</span>&nbsp;<span role="presentation" aria-hidden="true" class="cat-count">(6288)</span><span class="cat-count accessibility">(6288items)</span></a>
				
  			<ul>
	     		
							<li>
								
										<a href="http://shop.coles.com.au/online/SearchDisplay?searchTermScope=&amp;multiSearch=&amp;searchType=2&amp;maxPrice=&amp;showResultsPage=true&amp;langId=-1&amp;beginIndex=0&amp;sType=SimpleSearch&amp;metaData=&amp;browseView=true&amp;manufacturer=&amp;resultCatEntryType=&amp;catalogId=10576&amp;pageView=&amp;facet=ads_f1_ntk_cs%253AFree%2BRange&amp;minPrice=&amp;categoryId=25573&amp;storeId=10601" name="type-Lifestyle" title=""><span class="cat-facet">Free Range</span>&nbsp;<span role="presentation" aria-hidden="true" class="cat-count">(2)</span><span class="cat-count accessibility">(2items)</span></a>
									
							</li>
			     		
							<li>
								
										<a href="http://shop.coles.com.au/online/SearchDisplay?searchTermScope=&amp;multiSearch=&amp;searchType=2&amp;maxPrice=&amp;showResultsPage=true&amp;langId=-1&amp;beginIndex=0&amp;sType=SimpleSearch&amp;metaData=&amp;browseView=true&amp;manufacturer=&amp;resultCatEntryType=&amp;catalogId=10576&amp;pageView=&amp;facet=ads_f1_ntk_cs%253AGMO%2BFree&amp;minPrice=&amp;categoryId=25573&amp;storeId=10601" name="type-Lifestyle" title=""><span class="cat-facet">GMO Free</span>&nbsp;<span role="presentation" aria-hidden="true" class="cat-count">(136)</span><span class="cat-count accessibility">(136items)</span></a>
									
							</li>
			     		
							<li>
								
										<a href="http://shop.coles.com.au/online/SearchDisplay?searchTermScope=&amp;multiSearch=&amp;searchType=2&amp;maxPrice=&amp;showResultsPage=true&amp;langId=-1&amp;beginIndex=0&amp;sType=SimpleSearch&amp;metaData=&amp;browseView=true&amp;manufacturer=&amp;resultCatEntryType=&amp;catalogId=10576&amp;pageView=&amp;facet=ads_f1_ntk_cs%253AHalal&amp;minPrice=&amp;categoryId=25573&amp;storeId=10601" name="type-Lifestyle" title=""><span class="cat-facet">Halal</span>&nbsp;<span role="presentation" aria-hidden="true" class="cat-count">(269)</span><span class="cat-count accessibility">(269items)</span></a>
									
							</li>
			     		
							<li>
								
										<a href="http://shop.coles.com.au/online/SearchDisplay?searchTermScope=&amp;multiSearch=&amp;searchType=2&amp;maxPrice=&amp;showResultsPage=true&amp;langId=-1&amp;beginIndex=0&amp;sType=SimpleSearch&amp;metaData=&amp;browseView=true&amp;manufacturer=&amp;resultCatEntryType=&amp;catalogId=10576&amp;pageView=&amp;facet=ads_f1_ntk_cs%253AKosher&amp;minPrice=&amp;categoryId=25573&amp;storeId=10601" name="type-Lifestyle" title=""><span class="cat-facet">Kosher</span>&nbsp;<span role="presentation" aria-hidden="true" class="cat-count">(136)</span><span class="cat-count accessibility">(136items)</span></a>
									
							</li>
			     		
							<li>
								
										<a href="http://shop.coles.com.au/online/SearchDisplay?searchTermScope=&amp;multiSearch=&amp;searchType=2&amp;maxPrice=&amp;showResultsPage=true&amp;langId=-1&amp;beginIndex=0&amp;sType=SimpleSearch&amp;metaData=&amp;browseView=true&amp;manufacturer=&amp;resultCatEntryType=&amp;catalogId=10576&amp;pageView=&amp;facet=ads_f1_ntk_cs%253AOrganic&amp;minPrice=&amp;categoryId=25573&amp;storeId=10601" name="type-Lifestyle" title=""><span class="cat-facet">Organic</span>&nbsp;<span role="presentation" aria-hidden="true" class="cat-count">(136)</span><span class="cat-count accessibility">(136items)</span></a>
									
							</li>
			     		
							<li>
								
										<a href="http://shop.coles.com.au/online/SearchDisplay?searchTermScope=&amp;multiSearch=&amp;searchType=2&amp;maxPrice=&amp;showResultsPage=true&amp;langId=-1&amp;beginIndex=0&amp;sType=SimpleSearch&amp;metaData=&amp;browseView=true&amp;manufacturer=&amp;resultCatEntryType=&amp;catalogId=10576&amp;pageView=&amp;facet=ads_f1_ntk_cs%253AVegan&amp;minPrice=&amp;categoryId=25573&amp;storeId=10601" name="type-Lifestyle" title=""><span class="cat-facet">Vegan</span>&nbsp;<span role="presentation" aria-hidden="true" class="cat-count">(44)</span><span class="cat-count accessibility">(44items)</span></a>
									
							</li>
			     		
							<li>
								
										<a href="http://shop.coles.com.au/online/SearchDisplay?searchTermScope=&amp;multiSearch=&amp;searchType=2&amp;maxPrice=&amp;showResultsPage=true&amp;langId=-1&amp;beginIndex=0&amp;sType=SimpleSearch&amp;metaData=&amp;browseView=true&amp;manufacturer=&amp;resultCatEntryType=&amp;catalogId=10576&amp;pageView=&amp;facet=ads_f1_ntk_cs%253AVegetarian&amp;minPrice=&amp;categoryId=25573&amp;storeId=10601" name="type-Lifestyle" title=""><span class="cat-facet">Vegetarian</span>&nbsp;<span role="presentation" aria-hidden="true" class="cat-count">(190)</span><span class="cat-count accessibility">(190items)</span></a>
									
							</li>
			     		
    		</ul>
		</li>
		
			</ul>
		</li>
	</ul>
	<button type="submit" class="hidden" title="Refine results">Refine results</button>
</div>

				</div>
				

<div id="searchResults" class="column-2">
	
		<div class="column-100 clearfix">
			<div class="espot searchEspot">
				

<div data-analytics="center-top" class="genericESpot" id="WC_ContentAreaESpot_div_1_28651" style="width: 768px; min-height: -1px;">
	
	    <p class="caption" style="display:none" id="WC_ContentAreaESpot_div_2_28651">[CAT_All_Product_1]</p>   
	
        <h2><span>Featured</span> products </h2>
    
	<div class="billboard-view">
		

<span class="available hidden"></span>


<div class="outer-prod prodtile" data-refresh="{
					catalogId: &quot;10576&quot;,
					doInventory: &quot;N&quot;,
					fulfillmentCenterId: &quot;11576&quot;,
					forStoreId: &quot;10401&quot;,
					catEntryOverlayPrefix:&quot;CAT_All_Product_1_&quot;,
					productDisplayURL: &quot;http://shop.coles.com.au/online/national/sunrice-global-kitchen-middle-eastern-microwavable-rice-pouch&quot;				
			}">
	<form id="CAT_All_Product_1_catEntryForm_410501" name="catEntryForm_410501" action="AjaxOrderChangeServiceItemAdd">
		
<div class=" " data-catentry="catEntry_410501" data-refresh="{
				addCalculationUsage: &quot;-1&quot;,
				langId: &quot;-1&quot;,
				storeId: &quot;10601&quot;, 
				catEntryId: &quot;410501&quot;, 
				catEntryName: &quot;Global Kitchen Middle Eastern Microwavable Rice Pouch&quot;, 
				productView: &quot;billboard&quot;,
				productId: &quot;410501&quot;,
				itemId: &quot;410504&quot;,
				hideMultibuy: &quot;false&quot;,
                ticketType: &quot;&quot;,
                partNumber: &quot;2017740&quot;,
                offerCode: &quot;20130923&quot;
		}">
   	<div class="wrapper clearfix">   	
		

<h4 class="accessibility" id="heading_410501" tabindex="-1">
		Sunrice&nbsp;Global Kitchen Middle Eastern Microwavable Rice Pouch&nbsp;
		250g&nbsp;
		 
</h4> 

<div class="offer-icon"></div>
<a role="presentation" aria-hidden="true" class="product-url" href="http://shop.coles.com.au/online/national/sunrice-global-kitchen-middle-eastern-microwavable-rice-pouch">
	    <img role="presentation" aria-hidden="true" class="photo" src="/wcsstore/Coles-CAS/images/2/0/1/2017740-th.jpg" onerror="this.src='/wcsstore/ColesStorefrontAssetStore/dist/e0a775baf05f/images/spacer.gif'" alt="Global Kitchen Middle Eastern Microwavable Rice Pouch" width="110" height="110">
	</a>

<div class="detail">	
    <span role="presentation" aria-hidden="true" class="brand">Sunrice</span>
    <span class="item" role="presentation" aria-hidden="true">
        <a role="presentation" aria-hidden="true" class="product-url" href="http://shop.coles.com.au/online/national/sunrice-global-kitchen-middle-eastern-microwavable-rice-pouch">
        	Global Kitchen Middle Eastern Microwavable Rice Pouch&nbsp;
        	250g
        </a>
    </span>
	<span class="size">
			
 	</span>
</div>


	<div class="purchasing">	    
	    <div class="saving">
	    	
	    </div>
	   	
	    		<div class="price"><span class="accessibility">Purchase price </span><small>$</small>3.62</div>
	    	
	    <div class="unit-price"><span class="accessibility">Unit price </span>$1.45 per 100G</div>
	    <div class="special-offer">	    	
	    	
	    </div> 
	    <div class="availability">Temporarily unavailable</div>
	    <div class="purchase">
		
			<input type="number" title="Add Quantity for Sunrice Global Kitchen Middle Eastern Microwavable Rice Pouch 250g" name="quantity" id="catEntry_410501_qty" value="1" maxlength="2" size="2" class="v-mandatory v-numeric v-minval-1">
	        <button role="button" type="submit" title="Add to trolley&nbsp;Sunrice Global Kitchen Middle Eastern Microwavable Rice Pouch 250g" class="btn-red action-addToTrolley"><span role="presentation" aria-hidden="true">Add to trolley</span></button>
		
		</div>
	</div>
	<div class="lists">
		
	</div>


	    <div class="actions">
	        			
			   <div class="MUItemForTrolleyDiv MUItemForTrolley_410504" data-catentry="410504">
		         <div class="MUul_410504"><div class="MUli_410504 hidden" aria-hidden="true"><span class="inTrolley"><span class="MUSpan_410504">0</span> in trolley</span></div></div>
		       </div>
		        <p class="clear"></p>
			 
			<div class="member-usuals-remove">
				<a href="#" class="action-removeFromUsuals usuals-remove">Remove from list <span class="accessibility">Sunrice Global Kitchen Middle Eastern Microwavable Rice Pouch 250g</span></a>			
			</div>
			
				<div class="list">
					<a href="#" class="action-addToList action-list-add">Add to list <span class="accessibility">Sunrice Global Kitchen Middle Eastern Microwavable Rice Pouch 250g</span></a> 
				</div>
				<div class="member-list-add">
					<a href="#" class="action-addToList action-list-add">Add to another list <span class="accessibility">Sunrice Global Kitchen Middle Eastern Microwavable Rice Pouch 250g</span></a>
				</div>
			
			<div class="member-list-remove">
				 <a href="#" class="action-removeFromList">Remove from list <span class="accessibility">Sunrice Global Kitchen Middle Eastern Microwavable Rice Pouch 250g</span></a> 
			</div>
			
				<div class="compareProd" role="presentation" aria-hidden="true">
					<a href="#" class="compare compare-add">Compare</a>
				</div>
			
				<a href="http://shop.coles.com.au/online/national/sunrice-global-kitchen-middle-eastern-microwavable-rice-pouch" class="product-url accessibility">More details for Sunrice&nbsp;Global Kitchen Middle Eastern Microwavable Rice Pouch</a>
			
		</div>  
      

       	
		    <div role="presentation" aria-hidden="true" id="share" class="share" data-social="{productImgUrl:'http://shop.coles.com.au:27900/wcsstore/Coles-CAS/images/2/0/1/2017740-th.jpg'
	                                               ,productDisplayUrl:'http://shop.coles.com.au/online/national/sunrice-global-kitchen-middle-eastern-microwavable-rice-pouch'
	                                               ,title:'Sunrice Global Kitchen Middle Eastern Microwavable Rice Pouch '
	                                               ,description:''}">
		 	</div>
 		
	</div>
</div>


	</form>
</div>


<span class="available hidden"></span>


<div class="outer-prod prodtile" data-refresh="{
					catalogId: &quot;10576&quot;,
					doInventory: &quot;N&quot;,
					fulfillmentCenterId: &quot;11576&quot;,
					forStoreId: &quot;10401&quot;,
					catEntryOverlayPrefix:&quot;CAT_All_Product_1_&quot;,
					productDisplayURL: &quot;http://shop.coles.com.au/online/national/sunrice-global-kitchen-basmati-indian-style-microwaveable-rice-pouch&quot;				
			}">
	<form id="CAT_All_Product_1_catEntryForm_410503" name="catEntryForm_410503" action="AjaxOrderChangeServiceItemAdd">
		
<div class=" " data-catentry="catEntry_410503" data-refresh="{
				addCalculationUsage: &quot;-1&quot;,
				langId: &quot;-1&quot;,
				storeId: &quot;10601&quot;, 
				catEntryId: &quot;410503&quot;, 
				catEntryName: &quot;Global Kitchen Basmati Indian Style Microwaveable Rice Pouch&quot;, 
				productView: &quot;billboard&quot;,
				productId: &quot;410503&quot;,
				itemId: &quot;410505&quot;,
				hideMultibuy: &quot;false&quot;,
                ticketType: &quot;&quot;,
                partNumber: &quot;2017730&quot;,
                offerCode: &quot;20130923&quot;
		}">
   	<div class="wrapper clearfix">   	
		

<h4 class="accessibility" id="heading_410503" tabindex="-1">
		Sunrice&nbsp;Global Kitchen Basmati Indian Style Microwaveable Rice Pouch&nbsp;
		250g&nbsp;
		 
</h4> 

<div class="offer-icon"></div>
<a role="presentation" aria-hidden="true" class="product-url" href="http://shop.coles.com.au/online/national/sunrice-global-kitchen-basmati-indian-style-microwaveable-rice-pouch">
	    <img role="presentation" aria-hidden="true" class="photo" src="/wcsstore/Coles-CAS/images/2/0/1/2017730-th.jpg" onerror="this.src='/wcsstore/ColesStorefrontAssetStore/dist/e0a775baf05f/images/spacer.gif'" alt="Global Kitchen Basmati Indian Style Microwaveable Rice Pouch" width="110" height="110">
	</a>

<div class="detail">	
    <span role="presentation" aria-hidden="true" class="brand">Sunrice</span>
    <span class="item" role="presentation" aria-hidden="true">
        <a role="presentation" aria-hidden="true" class="product-url" href="http://shop.coles.com.au/online/national/sunrice-global-kitchen-basmati-indian-style-microwaveable-rice-pouch">
        	Global Kitchen Basmati Indian Style Microwaveable Rice Pouch&nbsp;
        	250g
        </a>
    </span>
	<span class="size">
			
 	</span>
</div>


	<div class="purchasing">	    
	    <div class="saving">
	    	
	    </div>
	   	
	    		<div class="price"><span class="accessibility">Purchase price </span><small>$</small>3.62</div>
	    	
	    <div class="unit-price"><span class="accessibility">Unit price </span>$1.45 per 100G</div>
	    <div class="special-offer">	    	
	    	
	    </div> 
	    <div class="availability">Temporarily unavailable</div>
	    <div class="purchase">
		
			<input type="number" title="Add Quantity for Sunrice Global Kitchen Basmati Indian Style Microwaveable Rice Pouch 250g" name="quantity" id="catEntry_410503_qty" value="1" maxlength="2" size="2" class="v-mandatory v-numeric v-minval-1">
	        <button role="button" type="submit" title="Add to trolley&nbsp;Sunrice Global Kitchen Basmati Indian Style Microwaveable Rice Pouch 250g" class="btn-red action-addToTrolley"><span role="presentation" aria-hidden="true">Add to trolley</span></button>
		
		</div>
	</div>
	<div class="lists">
		
	</div>


	    <div class="actions">
	        			
			   <div class="MUItemForTrolleyDiv MUItemForTrolley_410505" data-catentry="410505">
		         <div class="MUul_410505"><div class="MUli_410505 hidden" aria-hidden="true"><span class="inTrolley"><span class="MUSpan_410505">0</span> in trolley</span></div></div>
		       </div>
		        <p class="clear"></p>
			 
			<div class="member-usuals-remove">
				<a href="#" class="action-removeFromUsuals usuals-remove">Remove from list <span class="accessibility">Sunrice Global Kitchen Basmati Indian Style Microwaveable Rice Pouch 250g</span></a>			
			</div>
			
				<div class="list">
					<a href="#" class="action-addToList action-list-add">Add to list <span class="accessibility">Sunrice Global Kitchen Basmati Indian Style Microwaveable Rice Pouch 250g</span></a> 
				</div>
				<div class="member-list-add">
					<a href="#" class="action-addToList action-list-add">Add to another list <span class="accessibility">Sunrice Global Kitchen Basmati Indian Style Microwaveable Rice Pouch 250g</span></a>
				</div>
			
			<div class="member-list-remove">
				 <a href="#" class="action-removeFromList">Remove from list <span class="accessibility">Sunrice Global Kitchen Basmati Indian Style Microwaveable Rice Pouch 250g</span></a> 
			</div>
			
				<div class="compareProd" role="presentation" aria-hidden="true">
					<a href="#" class="compare compare-add">Compare</a>
				</div>
			
				<a href="http://shop.coles.com.au/online/national/sunrice-global-kitchen-basmati-indian-style-microwaveable-rice-pouch" class="product-url accessibility">More details for Sunrice&nbsp;Global Kitchen Basmati Indian Style Microwaveable Rice Pouch</a>
			
		</div>  
      

       	
		    <div role="presentation" aria-hidden="true" id="share" class="share" data-social="{productImgUrl:'http://shop.coles.com.au:27900/wcsstore/Coles-CAS/images/2/0/1/2017730-th.jpg'
	                                               ,productDisplayUrl:'http://shop.coles.com.au/online/national/sunrice-global-kitchen-basmati-indian-style-microwaveable-rice-pouch'
	                                               ,title:'Sunrice Global Kitchen Basmati Indian Style Microwaveable Rice Pouch '
	                                               ,description:''}">
		 	</div>
 		
	</div>
</div>


	</form>
</div>

	</div>



</div>


			</div>
		</div>
        
    <div class="list-view viewContainer clearfix searchEspot">
<p id="skip-to-products" class="accessibility">Product list for Pantry</p>	 


<span class="available hidden"></span>


<div class="outer-prod prodtile" data-refresh="{
					catalogId: &quot;10576&quot;,
					doInventory: &quot;N&quot;,
					fulfillmentCenterId: &quot;11576&quot;,
					forStoreId: &quot;10401&quot;,
					
					productDisplayURL: &quot;http://shop.coles.com.au/online/national/aussie-bodies-protein-fx-lo-carb-bar-twin-pack&quot;				
			}">
	<form id="catEntryForm_289569" name="catEntryForm_289569" action="AjaxOrderChangeServiceItemAdd">
		
<div class=" " data-catentry="catEntry_289569" data-refresh="{
				addCalculationUsage: &quot;-1&quot;,
				langId: &quot;-1&quot;,
				storeId: &quot;10601&quot;, 
				catEntryId: &quot;289569&quot;, 
				catEntryName: &quot;FX Lo Carb Protein Bar Twin Pack&quot;, 
				productView: &quot;list&quot;,
				productId: &quot;289569&quot;,
				itemId: &quot;289647&quot;,
				hideMultibuy: &quot;false&quot;,
                ticketType: &quot;&quot;,
                partNumber: &quot;1502161&quot;,
                offerCode: &quot;20140910&quot;
		}">
   	<div class="wrapper clearfix">   	
		

<h4 class="accessibility" id="heading_289569" tabindex="-1">
		Aussie Bodies&nbsp;FX Lo Carb Protein Bar Twin Pack&nbsp;
		60g&nbsp;
		 
</h4> 

<div class="offer-icon"></div>
<a role="presentation" aria-hidden="true" class="product-url" href="http://shop.coles.com.au/online/national/aussie-bodies-protein-fx-lo-carb-bar-twin-pack">
	    <img role="presentation" aria-hidden="true" class="photo" src="/wcsstore/Coles-CAS/images/1/5/0/1502161-th.jpg" onerror="this.src='/wcsstore/ColesStorefrontAssetStore/dist/e0a775baf05f/images/spacer.gif'" alt="FX Lo Carb Protein Bar Twin Pack" width="110" height="110">
	</a>

<div class="detail">	
    <span role="presentation" aria-hidden="true" class="brand">Aussie Bodies</span>
    <span class="item" role="presentation" aria-hidden="true">
        <a role="presentation" aria-hidden="true" class="product-url" href="http://shop.coles.com.au/online/national/aussie-bodies-protein-fx-lo-carb-bar-twin-pack">
        	FX Lo Carb Protein Bar Twin Pack&nbsp;
        	60g
        </a>
    </span>
	<span class="size">
			
 	</span>
</div>


	<div class="purchasing">	    
	    <div class="saving">
	    	
	    </div>
	   	
	    		<div class="price"><span class="accessibility">Purchase price </span><small>$</small>4.39</div>
	    	
	    <div class="unit-price"><span class="accessibility">Unit price </span>$7.32 per 100G</div>
	    <div class="special-offer">	    	
	    	
	    </div> 
	    <div class="availability">Temporarily unavailable</div>
	    <div class="purchase">
		
			<input type="number" title="Add Quantity for Aussie Bodies FX Lo Carb Protein Bar Twin Pack 60g" name="quantity" id="catEntry_289569_qty" value="1" maxlength="2" size="2" class="v-mandatory v-numeric v-minval-1">
	        <button role="button" type="submit" title="Add to trolley&nbsp;Aussie Bodies FX Lo Carb Protein Bar Twin Pack 60g" class="btn-red action-addToTrolley"><span role="presentation" aria-hidden="true">Add to trolley</span></button>
		
		</div>
	</div>
	<div class="lists">
		
	</div>


	    <div class="actions">
	        			
			   <div class="MUItemForTrolleyDiv MUItemForTrolley_289647" data-catentry="289647">
		         <div class="MUul_289647"><div class="MUli_289647 hidden" aria-hidden="true"><span class="inTrolley"><span class="MUSpan_289647">0</span> in trolley</span></div></div>
		       </div>
		        <p class="clear"></p>
			 
			<div class="member-usuals-remove">
				<a href="#" class="action-removeFromUsuals usuals-remove">Remove from list <span class="accessibility">Aussie Bodies FX Lo Carb Protein Bar Twin Pack 60g</span></a>			
			</div>
			
				<div class="list">
					<a href="#" class="action-addToList action-list-add">Add to list <span class="accessibility">Aussie Bodies FX Lo Carb Protein Bar Twin Pack 60g</span></a> 
				</div>
				<div class="member-list-add">
					<a href="#" class="action-addToList action-list-add">Add to another list <span class="accessibility">Aussie Bodies FX Lo Carb Protein Bar Twin Pack 60g</span></a>
				</div>
			
			<div class="member-list-remove">
				 <a href="#" class="action-removeFromList">Remove from list <span class="accessibility">Aussie Bodies FX Lo Carb Protein Bar Twin Pack 60g</span></a> 
			</div>
			
				<div class="compareProd" role="presentation" aria-hidden="true">
					<a href="#" class="compare compare-add">Compare</a>
				</div>
			
				<a href="http://shop.coles.com.au/online/national/aussie-bodies-protein-fx-lo-carb-bar-twin-pack" class="product-url accessibility">More details for Aussie Bodies&nbsp;FX Lo Carb Protein Bar Twin Pack</a>
			
		</div>  
      

       	
		    <div role="presentation" aria-hidden="true" id="share" class="share" data-social="{productImgUrl:'http://shop.coles.com.au:27900/wcsstore/Coles-CAS/images/1/5/0/1502161-th.jpg'
	                                               ,productDisplayUrl:'http://shop.coles.com.au/online/national/aussie-bodies-protein-fx-lo-carb-bar-twin-pack'
	                                               ,title:'Aussie Bodies FX Lo Carb Protein Bar Twin Pack '
	                                               ,description:''}">
		 	</div>
 		
	</div>
</div>


	</form>
</div>


<span class="available hidden"></span>


<div class="outer-prod prodtile" data-refresh="{
					catalogId: &quot;10576&quot;,
					doInventory: &quot;N&quot;,
					fulfillmentCenterId: &quot;11576&quot;,
					forStoreId: &quot;10401&quot;,
					
					productDisplayURL: &quot;http://shop.coles.com.au/online/national/aussie-bodies-fx-lo-carb-white-chocolate-caramel-cookie-protein&quot;				
			}">
	<form id="catEntryForm_365054" name="catEntryForm_365054" action="AjaxOrderChangeServiceItemAdd">
		
<div class=" " data-catentry="catEntry_365054" data-refresh="{
				addCalculationUsage: &quot;-1&quot;,
				langId: &quot;-1&quot;,
				storeId: &quot;10601&quot;, 
				catEntryId: &quot;365054&quot;, 
				catEntryName: &quot;FX Lo Carb White Chocolate Caramel Cookie Protein&quot;, 
				productView: &quot;list&quot;,
				productId: &quot;365054&quot;,
				itemId: &quot;365064&quot;,
				hideMultibuy: &quot;false&quot;,
                ticketType: &quot;&quot;,
                partNumber: &quot;1733357&quot;,
                offerCode: &quot;20130610&quot;
		}">
   	<div class="wrapper clearfix">   	
		

<h4 class="accessibility" id="heading_365054" tabindex="-1">
		Aussie Bodies&nbsp;FX Lo Carb White Chocolate Caramel Cookie Protein&nbsp;
		30g&nbsp;
		 
</h4> 

<div class="offer-icon"></div>
<a role="presentation" aria-hidden="true" class="product-url" href="http://shop.coles.com.au/online/national/aussie-bodies-fx-lo-carb-white-chocolate-caramel-cookie-protein">
	    <img role="presentation" aria-hidden="true" class="photo" src="/wcsstore/Coles-CAS/images/1/7/3/1733357-th.jpg" onerror="this.src='/wcsstore/ColesStorefrontAssetStore/dist/e0a775baf05f/images/spacer.gif'" alt="FX Lo Carb White Chocolate Caramel Cookie Protein" width="110" height="110">
	</a>

<div class="detail">	
    <span role="presentation" aria-hidden="true" class="brand">Aussie Bodies</span>
    <span class="item" role="presentation" aria-hidden="true">
        <a role="presentation" aria-hidden="true" class="product-url" href="http://shop.coles.com.au/online/national/aussie-bodies-fx-lo-carb-white-chocolate-caramel-cookie-protein">
        	FX Lo Carb White Chocolate Caramel Cookie Protein&nbsp;
        	30g
        </a>
    </span>
	<span class="size">
			
 	</span>
</div>


	<div class="purchasing">	    
	    <div class="saving">
	    	
	    </div>
	   	
	    		<div class="price"><span class="accessibility">Purchase price </span><small>$</small>2.81</div>
	    	
	    <div class="unit-price"><span class="accessibility">Unit price </span>$9.37 per 100G</div>
	    <div class="special-offer">	    	
	    	
	    </div> 
	    <div class="availability">Temporarily unavailable</div>
	    <div class="purchase">
		
			<input type="number" title="Add Quantity for Aussie Bodies FX Lo Carb White Chocolate Caramel Cookie Protein 30g" name="quantity" id="catEntry_365054_qty" value="1" maxlength="2" size="2" class="v-mandatory v-numeric v-minval-1">
	        <button role="button" type="submit" title="Add to trolley&nbsp;Aussie Bodies FX Lo Carb White Chocolate Caramel Cookie Protein 30g" class="btn-red action-addToTrolley"><span role="presentation" aria-hidden="true">Add to trolley</span></button>
		
		</div>
	</div>
	<div class="lists">
		
	</div>


	    <div class="actions">
	        			
			   <div class="MUItemForTrolleyDiv MUItemForTrolley_365064" data-catentry="365064">
		         <div class="MUul_365064"><div class="MUli_365064 hidden" aria-hidden="true"><span class="inTrolley"><span class="MUSpan_365064">0</span> in trolley</span></div></div>
		       </div>
		        <p class="clear"></p>
			 
			<div class="member-usuals-remove">
				<a href="#" class="action-removeFromUsuals usuals-remove">Remove from list <span class="accessibility">Aussie Bodies FX Lo Carb White Chocolate Caramel Cookie Protein 30g</span></a>			
			</div>
			
				<div class="list">
					<a href="#" class="action-addToList action-list-add">Add to list <span class="accessibility">Aussie Bodies FX Lo Carb White Chocolate Caramel Cookie Protein 30g</span></a> 
				</div>
				<div class="member-list-add">
					<a href="#" class="action-addToList action-list-add">Add to another list <span class="accessibility">Aussie Bodies FX Lo Carb White Chocolate Caramel Cookie Protein 30g</span></a>
				</div>
			
			<div class="member-list-remove">
				 <a href="#" class="action-removeFromList">Remove from list <span class="accessibility">Aussie Bodies FX Lo Carb White Chocolate Caramel Cookie Protein 30g</span></a> 
			</div>
			
				<div class="compareProd" role="presentation" aria-hidden="true">
					<a href="#" class="compare compare-add">Compare</a>
				</div>
			
				<a href="http://shop.coles.com.au/online/national/aussie-bodies-fx-lo-carb-white-chocolate-caramel-cookie-protein" class="product-url accessibility">More details for Aussie Bodies&nbsp;FX Lo Carb White Chocolate Caramel Cookie Protein</a>
			
		</div>  
      

       	
		    <div role="presentation" aria-hidden="true" id="share" class="share" data-social="{productImgUrl:'http://shop.coles.com.au:27900/wcsstore/Coles-CAS/images/1/7/3/1733357-th.jpg'
	                                               ,productDisplayUrl:'http://shop.coles.com.au/online/national/aussie-bodies-fx-lo-carb-white-chocolate-caramel-cookie-protein'
	                                               ,title:'Aussie Bodies FX Lo Carb White Chocolate Caramel Cookie Protein '
	                                               ,description:''}">
		 	</div>
 		
	</div>
</div>


	</form>
</div>

					<div class="espot marketed-eSpot">
						
					</div>
					

<span class="available hidden"></span>


<div class="outer-prod prodtile" data-refresh="{
					catalogId: &quot;10576&quot;,
					doInventory: &quot;N&quot;,
					fulfillmentCenterId: &quot;11576&quot;,
					forStoreId: &quot;10401&quot;,
					
					productDisplayURL: &quot;http://shop.coles.com.au/online/national/aussie-bodies-protein-fx-lo-carb-white-choc-raspberry-mini-bar&quot;				
			}">
	<form id="catEntryForm_416085" name="catEntryForm_416085" action="AjaxOrderChangeServiceItemAdd">
		
<div class=" " data-catentry="catEntry_416085" data-refresh="{
				addCalculationUsage: &quot;-1&quot;,
				langId: &quot;-1&quot;,
				storeId: &quot;10601&quot;, 
				catEntryId: &quot;416085&quot;, 
				catEntryName: &quot;Protein Fx Lo Carb White Choc Raspberry Mini Bar&quot;, 
				productView: &quot;list&quot;,
				productId: &quot;416085&quot;,
				itemId: &quot;416227&quot;,
				hideMultibuy: &quot;false&quot;,
                ticketType: &quot;&quot;,
                partNumber: &quot;2013921&quot;,
                offerCode: &quot;20150114&quot;
		}">
   	<div class="wrapper clearfix">   	
		

<h4 class="accessibility" id="heading_416085" tabindex="-1">
		Aussie Bodies&nbsp;Protein Fx Lo Carb White Choc Raspberry Mini Bar&nbsp;
		30g&nbsp;
		 
</h4> 

<div class="offer-icon"></div>
<a role="presentation" aria-hidden="true" class="product-url" href="http://shop.coles.com.au/online/national/aussie-bodies-protein-fx-lo-carb-white-choc-raspberry-mini-bar">
	    <img role="presentation" aria-hidden="true" class="photo" src="/wcsstore/Coles-CAS/images/2/0/1/2013921-th.jpg" onerror="this.src='/wcsstore/ColesStorefrontAssetStore/dist/e0a775baf05f/images/spacer.gif'" alt="Protein Fx Lo Carb White Choc Raspberry Mini Bar" width="110" height="110">
	</a>

<div class="detail">	
    <span role="presentation" aria-hidden="true" class="brand">Aussie Bodies</span>
    <span class="item" role="presentation" aria-hidden="true">
        <a role="presentation" aria-hidden="true" class="product-url" href="http://shop.coles.com.au/online/national/aussie-bodies-protein-fx-lo-carb-white-choc-raspberry-mini-bar">
        	Protein Fx Lo Carb White Choc Raspberry Mini Bar&nbsp;
        	30g
        </a>
    </span>
	<span class="size">
			
 	</span>
</div>


	<div class="purchasing">	    
	    <div class="saving">
	    	
	    </div>
	   	
	    		<div class="price"><span class="accessibility">Purchase price </span><small>$</small>2.95</div>
	    	
	    <div class="unit-price"><span class="accessibility">Unit price </span>$9.83 per 100G</div>
	    <div class="special-offer">	    	
	    	
	    </div> 
	    <div class="availability">Temporarily unavailable</div>
	    <div class="purchase">
		
			<input type="number" title="Add Quantity for Aussie Bodies Protein Fx Lo Carb White Choc Raspberry Mini Bar 30g" name="quantity" id="catEntry_416085_qty" value="1" maxlength="2" size="2" class="v-mandatory v-numeric v-minval-1">
	        <button role="button" type="submit" title="Add to trolley&nbsp;Aussie Bodies Protein Fx Lo Carb White Choc Raspberry Mini Bar 30g" class="btn-red action-addToTrolley"><span role="presentation" aria-hidden="true">Add to trolley</span></button>
		
		</div>
	</div>
	<div class="lists">
		
	</div>


	    <div class="actions">
	        			
			   <div class="MUItemForTrolleyDiv MUItemForTrolley_416227" data-catentry="416227">
		         <div class="MUul_416227"><div class="MUli_416227 hidden" aria-hidden="true"><span class="inTrolley"><span class="MUSpan_416227">0</span> in trolley</span></div></div>
		       </div>
		        <p class="clear"></p>
			 
			<div class="member-usuals-remove">
				<a href="#" class="action-removeFromUsuals usuals-remove">Remove from list <span class="accessibility">Aussie Bodies Protein Fx Lo Carb White Choc Raspberry Mini Bar 30g</span></a>			
			</div>
			
				<div class="list">
					<a href="#" class="action-addToList action-list-add">Add to list <span class="accessibility">Aussie Bodies Protein Fx Lo Carb White Choc Raspberry Mini Bar 30g</span></a> 
				</div>
				<div class="member-list-add">
					<a href="#" class="action-addToList action-list-add">Add to another list <span class="accessibility">Aussie Bodies Protein Fx Lo Carb White Choc Raspberry Mini Bar 30g</span></a>
				</div>
			
			<div class="member-list-remove">
				 <a href="#" class="action-removeFromList">Remove from list <span class="accessibility">Aussie Bodies Protein Fx Lo Carb White Choc Raspberry Mini Bar 30g</span></a> 
			</div>
			
				<div class="compareProd" role="presentation" aria-hidden="true">
					<a href="#" class="compare compare-add">Compare</a>
				</div>
			
				<a href="http://shop.coles.com.au/online/national/aussie-bodies-protein-fx-lo-carb-white-choc-raspberry-mini-bar" class="product-url accessibility">More details for Aussie Bodies&nbsp;Protein Fx Lo Carb White Choc Raspberry Mini Bar</a>
			
		</div>  
      

       	
		    <div role="presentation" aria-hidden="true" id="share" class="share" data-social="{productImgUrl:'http://shop.coles.com.au:27900/wcsstore/Coles-CAS/images/2/0/1/2013921-th.jpg'
	                                               ,productDisplayUrl:'http://shop.coles.com.au/online/national/aussie-bodies-protein-fx-lo-carb-white-choc-raspberry-mini-bar'
	                                               ,title:'Aussie Bodies Protein Fx Lo Carb White Choc Raspberry Mini Bar '
	                                               ,description:''}">
		 	</div>
 		
	</div>
</div>


	</form>
</div>


<span class="available hidden"></span>


<div class="outer-prod prodtile" data-refresh="{
					catalogId: &quot;10576&quot;,
					doInventory: &quot;N&quot;,
					fulfillmentCenterId: &quot;11576&quot;,
					forStoreId: &quot;10401&quot;,
					
					productDisplayURL: &quot;http://shop.coles.com.au/online/national/aussie-bodies-protein-fx-lo-carb-salted-caramel-mini-bar&quot;				
			}">
	<form id="catEntryForm_416109" name="catEntryForm_416109" action="AjaxOrderChangeServiceItemAdd">
		
<div class=" " data-catentry="catEntry_416109" data-refresh="{
				addCalculationUsage: &quot;-1&quot;,
				langId: &quot;-1&quot;,
				storeId: &quot;10601&quot;, 
				catEntryId: &quot;416109&quot;, 
				catEntryName: &quot;Protein Fx Lo Carb Salted Caramel Mini Bar&quot;, 
				productView: &quot;list&quot;,
				productId: &quot;416109&quot;,
				itemId: &quot;416226&quot;,
				hideMultibuy: &quot;false&quot;,
                ticketType: &quot;&quot;,
                partNumber: &quot;2013943&quot;,
                offerCode: &quot;20150114&quot;
		}">
   	<div class="wrapper clearfix">   	
		

<h4 class="accessibility" id="heading_416109" tabindex="-1">
		Aussie Bodies&nbsp;Protein Fx Lo Carb Salted Caramel Mini Bar&nbsp;
		30g&nbsp;
		 
</h4> 

<div class="offer-icon"></div>
<a role="presentation" aria-hidden="true" class="product-url" href="http://shop.coles.com.au/online/national/aussie-bodies-protein-fx-lo-carb-salted-caramel-mini-bar">
	    <img role="presentation" aria-hidden="true" class="photo" src="/wcsstore/Coles-CAS/images/2/0/1/2013943-th.jpg" onerror="this.src='/wcsstore/ColesStorefrontAssetStore/dist/e0a775baf05f/images/spacer.gif'" alt="Protein Fx Lo Carb Salted Caramel Mini Bar" width="110" height="110">
	</a>

<div class="detail">	
    <span role="presentation" aria-hidden="true" class="brand">Aussie Bodies</span>
    <span class="item" role="presentation" aria-hidden="true">
        <a role="presentation" aria-hidden="true" class="product-url" href="http://shop.coles.com.au/online/national/aussie-bodies-protein-fx-lo-carb-salted-caramel-mini-bar">
        	Protein Fx Lo Carb Salted Caramel Mini Bar&nbsp;
        	30g
        </a>
    </span>
	<span class="size">
			
 	</span>
</div>


	<div class="purchasing">	    
	    <div class="saving">
	    	
	    </div>
	   	
	    		<div class="price"><span class="accessibility">Purchase price </span><small>$</small>2.95</div>
	    	
	    <div class="unit-price"><span class="accessibility">Unit price </span>$9.83 per 100G</div>
	    <div class="special-offer">	    	
	    	
	    </div> 
	    <div class="availability">Temporarily unavailable</div>
	    <div class="purchase">
		
			<input type="number" title="Add Quantity for Aussie Bodies Protein Fx Lo Carb Salted Caramel Mini Bar 30g" name="quantity" id="catEntry_416109_qty" value="1" maxlength="2" size="2" class="v-mandatory v-numeric v-minval-1">
	        <button role="button" type="submit" title="Add to trolley&nbsp;Aussie Bodies Protein Fx Lo Carb Salted Caramel Mini Bar 30g" class="btn-red action-addToTrolley"><span role="presentation" aria-hidden="true">Add to trolley</span></button>
		
		</div>
	</div>
	<div class="lists">
		
	</div>


	    <div class="actions">
	        			
			   <div class="MUItemForTrolleyDiv MUItemForTrolley_416226" data-catentry="416226">
		         <div class="MUul_416226"><div class="MUli_416226 hidden" aria-hidden="true"><span class="inTrolley"><span class="MUSpan_416226">0</span> in trolley</span></div></div>
		       </div>
		        <p class="clear"></p>
			 
			<div class="member-usuals-remove">
				<a href="#" class="action-removeFromUsuals usuals-remove">Remove from list <span class="accessibility">Aussie Bodies Protein Fx Lo Carb Salted Caramel Mini Bar 30g</span></a>			
			</div>
			
				<div class="list">
					<a href="#" class="action-addToList action-list-add">Add to list <span class="accessibility">Aussie Bodies Protein Fx Lo Carb Salted Caramel Mini Bar 30g</span></a> 
				</div>
				<div class="member-list-add">
					<a href="#" class="action-addToList action-list-add">Add to another list <span class="accessibility">Aussie Bodies Protein Fx Lo Carb Salted Caramel Mini Bar 30g</span></a>
				</div>
			
			<div class="member-list-remove">
				 <a href="#" class="action-removeFromList">Remove from list <span class="accessibility">Aussie Bodies Protein Fx Lo Carb Salted Caramel Mini Bar 30g</span></a> 
			</div>
			
				<div class="compareProd" role="presentation" aria-hidden="true">
					<a href="#" class="compare compare-add">Compare</a>
				</div>
			
				<a href="http://shop.coles.com.au/online/national/aussie-bodies-protein-fx-lo-carb-salted-caramel-mini-bar" class="product-url accessibility">More details for Aussie Bodies&nbsp;Protein Fx Lo Carb Salted Caramel Mini Bar</a>
			
		</div>  
      

       	
		    <div role="presentation" aria-hidden="true" id="share" class="share" data-social="{productImgUrl:'http://shop.coles.com.au:27900/wcsstore/Coles-CAS/images/2/0/1/2013943-th.jpg'
	                                               ,productDisplayUrl:'http://shop.coles.com.au/online/national/aussie-bodies-protein-fx-lo-carb-salted-caramel-mini-bar'
	                                               ,title:'Aussie Bodies Protein Fx Lo Carb Salted Caramel Mini Bar '
	                                               ,description:''}">
		 	</div>
 		
	</div>
</div>


	</form>
</div>


<span class="available hidden"></span>


<div class="outer-prod prodtile" data-refresh="{
					catalogId: &quot;10576&quot;,
					doInventory: &quot;N&quot;,
					fulfillmentCenterId: &quot;11576&quot;,
					forStoreId: &quot;10401&quot;,
					
					productDisplayURL: &quot;http://shop.coles.com.au/online/national/aussie-bodies-protein-fx-vanilla-cranberry-crunch-bars&quot;				
			}">
	<form id="catEntryForm_418021" name="catEntryForm_418021" action="AjaxOrderChangeServiceItemAdd">
		
<div class=" " data-catentry="catEntry_418021" data-refresh="{
				addCalculationUsage: &quot;-1&quot;,
				langId: &quot;-1&quot;,
				storeId: &quot;10601&quot;, 
				catEntryId: &quot;418021&quot;, 
				catEntryName: &quot;Protein FX Vanilla Cranberry Crunch Bars&quot;, 
				productView: &quot;list&quot;,
				productId: &quot;418021&quot;,
				itemId: &quot;418064&quot;,
				hideMultibuy: &quot;false&quot;,
                ticketType: &quot;&quot;,
                partNumber: &quot;2015246&quot;,
                offerCode: &quot;20130930&quot;
		}">
   	<div class="wrapper clearfix">   	
		

<h4 class="accessibility" id="heading_418021" tabindex="-1">
		Aussie Bodies&nbsp;Protein FX Vanilla Cranberry Crunch Bars&nbsp;
		40g&nbsp;
		 
</h4> 

<div class="offer-icon"></div>
<a role="presentation" aria-hidden="true" class="product-url" href="http://shop.coles.com.au/online/national/aussie-bodies-protein-fx-vanilla-cranberry-crunch-bars">
	    <img role="presentation" aria-hidden="true" class="photo" src="/wcsstore/Coles-CAS/images/2/0/1/2015246-th.jpg" onerror="this.src='/wcsstore/ColesStorefrontAssetStore/dist/e0a775baf05f/images/spacer.gif'" alt="Protein FX Vanilla Cranberry Crunch Bars" width="110" height="110">
	</a>

<div class="detail">	
    <span role="presentation" aria-hidden="true" class="brand">Aussie Bodies</span>
    <span class="item" role="presentation" aria-hidden="true">
        <a role="presentation" aria-hidden="true" class="product-url" href="http://shop.coles.com.au/online/national/aussie-bodies-protein-fx-vanilla-cranberry-crunch-bars">
        	Protein FX Vanilla Cranberry Crunch Bars&nbsp;
        	40g
        </a>
    </span>
	<span class="size">
			
 	</span>
</div>


	<div class="purchasing">	    
	    <div class="saving">
	    	
	    </div>
	   	
	    		<div class="price"><span class="accessibility">Purchase price </span><small>$</small>3.07</div>
	    	
	    <div class="unit-price"><span class="accessibility">Unit price </span>$7.68 per 100G</div>
	    <div class="special-offer">	    	
	    	
	    </div> 
	    <div class="availability">Temporarily unavailable</div>
	    <div class="purchase">
		
			<input type="number" title="Add Quantity for Aussie Bodies Protein FX Vanilla Cranberry Crunch Bars 40g" name="quantity" id="catEntry_418021_qty" value="1" maxlength="2" size="2" class="v-mandatory v-numeric v-minval-1">
	        <button role="button" type="submit" title="Add to trolley&nbsp;Aussie Bodies Protein FX Vanilla Cranberry Crunch Bars 40g" class="btn-red action-addToTrolley"><span role="presentation" aria-hidden="true">Add to trolley</span></button>
		
		</div>
	</div>
	<div class="lists">
		
	</div>


	    <div class="actions">
	        			
			   <div class="MUItemForTrolleyDiv MUItemForTrolley_418064" data-catentry="418064">
		         <div class="MUul_418064"><div class="MUli_418064 hidden" aria-hidden="true"><span class="inTrolley"><span class="MUSpan_418064">0</span> in trolley</span></div></div>
		       </div>
		        <p class="clear"></p>
			 
			<div class="member-usuals-remove">
				<a href="#" class="action-removeFromUsuals usuals-remove">Remove from list <span class="accessibility">Aussie Bodies Protein FX Vanilla Cranberry Crunch Bars 40g</span></a>			
			</div>
			
				<div class="list">
					<a href="#" class="action-addToList action-list-add">Add to list <span class="accessibility">Aussie Bodies Protein FX Vanilla Cranberry Crunch Bars 40g</span></a> 
				</div>
				<div class="member-list-add">
					<a href="#" class="action-addToList action-list-add">Add to another list <span class="accessibility">Aussie Bodies Protein FX Vanilla Cranberry Crunch Bars 40g</span></a>
				</div>
			
			<div class="member-list-remove">
				 <a href="#" class="action-removeFromList">Remove from list <span class="accessibility">Aussie Bodies Protein FX Vanilla Cranberry Crunch Bars 40g</span></a> 
			</div>
			
				<div class="compareProd" role="presentation" aria-hidden="true">
					<a href="#" class="compare compare-add">Compare</a>
				</div>
			
				<a href="http://shop.coles.com.au/online/national/aussie-bodies-protein-fx-vanilla-cranberry-crunch-bars" class="product-url accessibility">More details for Aussie Bodies&nbsp;Protein FX Vanilla Cranberry Crunch Bars</a>
			
		</div>  
      

       	
		    <div role="presentation" aria-hidden="true" id="share" class="share" data-social="{productImgUrl:'http://shop.coles.com.au:27900/wcsstore/Coles-CAS/images/2/0/1/2015246-th.jpg'
	                                               ,productDisplayUrl:'http://shop.coles.com.au/online/national/aussie-bodies-protein-fx-vanilla-cranberry-crunch-bars'
	                                               ,title:'Aussie Bodies Protein FX Vanilla Cranberry Crunch Bars '
	                                               ,description:''}">
		 	</div>
 		
	</div>
</div>


	</form>
</div>


<span class="available hidden"></span>


<div class="outer-prod prodtile" data-refresh="{
					catalogId: &quot;10576&quot;,
					doInventory: &quot;N&quot;,
					fulfillmentCenterId: &quot;11576&quot;,
					forStoreId: &quot;10401&quot;,
					
					productDisplayURL: &quot;http://shop.coles.com.au/online/national/aussie-bodies-protein-fx-lo-carb-salted-caramel-bars-8-pack&quot;				
			}">
	<form id="catEntryForm_418035" name="catEntryForm_418035" action="AjaxOrderChangeServiceItemAdd">
		
<div class=" " data-catentry="catEntry_418035" data-refresh="{
				addCalculationUsage: &quot;-1&quot;,
				langId: &quot;-1&quot;,
				storeId: &quot;10601&quot;, 
				catEntryId: &quot;418035&quot;, 
				catEntryName: &quot;Protein FX Lo Carb Salted Caramel Bars 8 pack&quot;, 
				productView: &quot;list&quot;,
				productId: &quot;418035&quot;,
				itemId: &quot;418071&quot;,
				hideMultibuy: &quot;false&quot;,
                ticketType: &quot;&quot;,
                partNumber: &quot;2015202&quot;,
                offerCode: &quot;20150202&quot;
		}">
   	<div class="wrapper clearfix">   	
		

<h4 class="accessibility" id="heading_418035" tabindex="-1">
		Aussie Bodies&nbsp;Protein FX Lo Carb Salted Caramel Bars 8 pack&nbsp;
		120g&nbsp;
		 
</h4> 

<div class="offer-icon"></div>
<a role="presentation" aria-hidden="true" class="product-url" href="http://shop.coles.com.au/online/national/aussie-bodies-protein-fx-lo-carb-salted-caramel-bars-8-pack">
	    <img role="presentation" aria-hidden="true" class="photo" src="/wcsstore/Coles-CAS/images/2/0/1/2015202-th.jpg" onerror="this.src='/wcsstore/ColesStorefrontAssetStore/dist/e0a775baf05f/images/spacer.gif'" alt="Protein FX Lo Carb Salted Caramel Bars 8 pack" width="110" height="110">
	</a>

<div class="detail">	
    <span role="presentation" aria-hidden="true" class="brand">Aussie Bodies</span>
    <span class="item" role="presentation" aria-hidden="true">
        <a role="presentation" aria-hidden="true" class="product-url" href="http://shop.coles.com.au/online/national/aussie-bodies-protein-fx-lo-carb-salted-caramel-bars-8-pack">
        	Protein FX Lo Carb Salted Caramel Bars 8 pack&nbsp;
        	120g
        </a>
    </span>
	<span class="size">
			
 	</span>
</div>


	<div class="purchasing">	    
	    <div class="saving">
	    	
	    </div>
	   	
	    		<div class="price"><span class="accessibility">Purchase price </span><small>$</small>9.90</div>
	    	
	    <div class="unit-price"><span class="accessibility">Unit price </span>$8.25 per 100G</div>
	    <div class="special-offer">	    	
	    	
	    </div> 
	    <div class="availability">Temporarily unavailable</div>
	    <div class="purchase">
		
			<input type="number" title="Add Quantity for Aussie Bodies Protein FX Lo Carb Salted Caramel Bars 8 pack 120g" name="quantity" id="catEntry_418035_qty" value="1" maxlength="2" size="2" class="v-mandatory v-numeric v-minval-1">
	        <button role="button" type="submit" title="Add to trolley&nbsp;Aussie Bodies Protein FX Lo Carb Salted Caramel Bars 8 pack 120g" class="btn-red action-addToTrolley"><span role="presentation" aria-hidden="true">Add to trolley</span></button>
		
		</div>
	</div>
	<div class="lists">
		
	</div>


	    <div class="actions">
	        			
			   <div class="MUItemForTrolleyDiv MUItemForTrolley_418071" data-catentry="418071">
		         <div class="MUul_418071"><div class="MUli_418071 hidden" aria-hidden="true"><span class="inTrolley"><span class="MUSpan_418071">0</span> in trolley</span></div></div>
		       </div>
		        <p class="clear"></p>
			 
			<div class="member-usuals-remove">
				<a href="#" class="action-removeFromUsuals usuals-remove">Remove from list <span class="accessibility">Aussie Bodies Protein FX Lo Carb Salted Caramel Bars 8 pack 120g</span></a>			
			</div>
			
				<div class="list">
					<a href="#" class="action-addToList action-list-add">Add to list <span class="accessibility">Aussie Bodies Protein FX Lo Carb Salted Caramel Bars 8 pack 120g</span></a> 
				</div>
				<div class="member-list-add">
					<a href="#" class="action-addToList action-list-add">Add to another list <span class="accessibility">Aussie Bodies Protein FX Lo Carb Salted Caramel Bars 8 pack 120g</span></a>
				</div>
			
			<div class="member-list-remove">
				 <a href="#" class="action-removeFromList">Remove from list <span class="accessibility">Aussie Bodies Protein FX Lo Carb Salted Caramel Bars 8 pack 120g</span></a> 
			</div>
			
				<div class="compareProd" role="presentation" aria-hidden="true">
					<a href="#" class="compare compare-add">Compare</a>
				</div>
			
				<a href="http://shop.coles.com.au/online/national/aussie-bodies-protein-fx-lo-carb-salted-caramel-bars-8-pack" class="product-url accessibility">More details for Aussie Bodies&nbsp;Protein FX Lo Carb Salted Caramel Bars 8 pack</a>
			
		</div>  
      

       	
		    <div role="presentation" aria-hidden="true" id="share" class="share" data-social="{productImgUrl:'http://shop.coles.com.au:27900/wcsstore/Coles-CAS/images/2/0/1/2015202-th.jpg'
	                                               ,productDisplayUrl:'http://shop.coles.com.au/online/national/aussie-bodies-protein-fx-lo-carb-salted-caramel-bars-8-pack'
	                                               ,title:'Aussie Bodies Protein FX Lo Carb Salted Caramel Bars 8 pack '
	                                               ,description:''}">
		 	</div>
 		
	</div>
</div>


	</form>
</div>


<span class="available hidden"></span>


<div class="outer-prod prodtile" data-refresh="{
					catalogId: &quot;10576&quot;,
					doInventory: &quot;N&quot;,
					fulfillmentCenterId: &quot;11576&quot;,
					forStoreId: &quot;10401&quot;,
					
					productDisplayURL: &quot;http://shop.coles.com.au/online/national/aussie-bodies-fx-lo-carb-protein-fx-lo-carb-rocky-road-mini-bar&quot;				
			}">
	<form id="catEntryForm_416084" name="catEntryForm_416084" action="AjaxOrderChangeServiceItemAdd">
		
<div class=" " data-catentry="catEntry_416084" data-refresh="{
				addCalculationUsage: &quot;-1&quot;,
				langId: &quot;-1&quot;,
				storeId: &quot;10601&quot;, 
				catEntryId: &quot;416084&quot;, 
				catEntryName: &quot;Protein Fx Lo Carb Rocky Road Mini Bar&quot;, 
				productView: &quot;list&quot;,
				productId: &quot;416084&quot;,
				itemId: &quot;416191&quot;,
				hideMultibuy: &quot;false&quot;,
                ticketType: &quot;&quot;,
                partNumber: &quot;2013932&quot;,
                offerCode: &quot;20150114&quot;
		}">
   	<div class="wrapper clearfix">   	
		

<h4 class="accessibility" id="heading_416084" tabindex="-1">
		Aussie Bodies Fx Lo Carb&nbsp;Protein Fx Lo Carb Rocky Road Mini Bar&nbsp;
		30g&nbsp;
		 
</h4> 

<div class="offer-icon"></div>
<a role="presentation" aria-hidden="true" class="product-url" href="http://shop.coles.com.au/online/national/aussie-bodies-fx-lo-carb-protein-fx-lo-carb-rocky-road-mini-bar">
	    <img role="presentation" aria-hidden="true" class="photo" src="/wcsstore/Coles-CAS/images/2/0/1/2013932-th.jpg" onerror="this.src='/wcsstore/ColesStorefrontAssetStore/dist/e0a775baf05f/images/spacer.gif'" alt="Protein Fx Lo Carb Rocky Road Mini Bar" width="110" height="110">
	</a>

<div class="detail">	
    <span role="presentation" aria-hidden="true" class="brand">Aussie Bodies Fx Lo Carb</span>
    <span class="item" role="presentation" aria-hidden="true">
        <a role="presentation" aria-hidden="true" class="product-url" href="http://shop.coles.com.au/online/national/aussie-bodies-fx-lo-carb-protein-fx-lo-carb-rocky-road-mini-bar">
        	Protein Fx Lo Carb Rocky Road Mini Bar&nbsp;
        	30g
        </a>
    </span>
	<span class="size">
			
 	</span>
</div>


	<div class="purchasing">	    
	    <div class="saving">
	    	
	    </div>
	   	
	    		<div class="price"><span class="accessibility">Purchase price </span><small>$</small>2.95</div>
	    	
	    <div class="unit-price"><span class="accessibility">Unit price </span>$9.83 per 100G</div>
	    <div class="special-offer">	    	
	    	
	    </div> 
	    <div class="availability">Temporarily unavailable</div>
	    <div class="purchase">
		
			<input type="number" title="Add Quantity for Aussie Bodies Fx Lo Carb Protein Fx Lo Carb Rocky Road Mini Bar 30g" name="quantity" id="catEntry_416084_qty" value="1" maxlength="2" size="2" class="v-mandatory v-numeric v-minval-1">
	        <button role="button" type="submit" title="Add to trolley&nbsp;Aussie Bodies Fx Lo Carb Protein Fx Lo Carb Rocky Road Mini Bar 30g" class="btn-red action-addToTrolley"><span role="presentation" aria-hidden="true">Add to trolley</span></button>
		
		</div>
	</div>
	<div class="lists">
		
	</div>


	    <div class="actions">
	        			
			   <div class="MUItemForTrolleyDiv MUItemForTrolley_416191" data-catentry="416191">
		         <div class="MUul_416191"><div class="MUli_416191 hidden" aria-hidden="true"><span class="inTrolley"><span class="MUSpan_416191">0</span> in trolley</span></div></div>
		       </div>
		        <p class="clear"></p>
			 
			<div class="member-usuals-remove">
				<a href="#" class="action-removeFromUsuals usuals-remove">Remove from list <span class="accessibility">Aussie Bodies Fx Lo Carb Protein Fx Lo Carb Rocky Road Mini Bar 30g</span></a>			
			</div>
			
				<div class="list">
					<a href="#" class="action-addToList action-list-add">Add to list <span class="accessibility">Aussie Bodies Fx Lo Carb Protein Fx Lo Carb Rocky Road Mini Bar 30g</span></a> 
				</div>
				<div class="member-list-add">
					<a href="#" class="action-addToList action-list-add">Add to another list <span class="accessibility">Aussie Bodies Fx Lo Carb Protein Fx Lo Carb Rocky Road Mini Bar 30g</span></a>
				</div>
			
			<div class="member-list-remove">
				 <a href="#" class="action-removeFromList">Remove from list <span class="accessibility">Aussie Bodies Fx Lo Carb Protein Fx Lo Carb Rocky Road Mini Bar 30g</span></a> 
			</div>
			
				<div class="compareProd" role="presentation" aria-hidden="true">
					<a href="#" class="compare compare-add">Compare</a>
				</div>
			
				<a href="http://shop.coles.com.au/online/national/aussie-bodies-fx-lo-carb-protein-fx-lo-carb-rocky-road-mini-bar" class="product-url accessibility">More details for Aussie Bodies Fx Lo Carb&nbsp;Protein Fx Lo Carb Rocky Road Mini Bar</a>
			
		</div>  
      

       	
		    <div role="presentation" aria-hidden="true" id="share" class="share" data-social="{productImgUrl:'http://shop.coles.com.au:27900/wcsstore/Coles-CAS/images/2/0/1/2013932-th.jpg'
	                                               ,productDisplayUrl:'http://shop.coles.com.au/online/national/aussie-bodies-fx-lo-carb-protein-fx-lo-carb-rocky-road-mini-bar'
	                                               ,title:'Aussie Bodies Fx Lo Carb Protein Fx Lo Carb Rocky Road Mini Bar '
	                                               ,description:''}">
		 	</div>
 		
	</div>
</div>


	</form>
</div>


<span class="available hidden"></span>


<div class="outer-prod prodtile" data-refresh="{
					catalogId: &quot;10576&quot;,
					doInventory: &quot;N&quot;,
					fulfillmentCenterId: &quot;11576&quot;,
					forStoreId: &quot;10401&quot;,
					
					productDisplayURL: &quot;http://shop.coles.com.au/online/national/aussie-mite-spread&quot;				
			}">
	<form id="catEntryForm_99622" name="catEntryForm_99622" action="AjaxOrderChangeServiceItemAdd">
		
<div class=" " data-catentry="catEntry_99622" data-refresh="{
				addCalculationUsage: &quot;-1&quot;,
				langId: &quot;-1&quot;,
				storeId: &quot;10601&quot;, 
				catEntryId: &quot;99622&quot;, 
				catEntryName: &quot;Yeast Spread&quot;, 
				productView: &quot;list&quot;,
				productId: &quot;99622&quot;,
				itemId: &quot;169439&quot;,
				hideMultibuy: &quot;false&quot;,
                ticketType: &quot;&quot;,
                partNumber: &quot;9120566&quot;,
                offerCode: &quot;20150202&quot;
		}">
   	<div class="wrapper clearfix">   	
		

<h4 class="accessibility" id="heading_99622" tabindex="-1">
		Aussie Mite&nbsp;Yeast Spread&nbsp;
		300g&nbsp;
		 
</h4> 

<div class="offer-icon"></div>
<a role="presentation" aria-hidden="true" class="product-url" href="http://shop.coles.com.au/online/national/aussie-mite-spread">
	    <img role="presentation" aria-hidden="true" class="photo" src="/wcsstore/Coles-CAS/images/9/1/2/9120566-th.jpg" onerror="this.src='/wcsstore/ColesStorefrontAssetStore/dist/e0a775baf05f/images/spacer.gif'" alt="Yeast Spread" width="110" height="110">
	</a>

<div class="detail">	
    <span role="presentation" aria-hidden="true" class="brand">Aussie Mite</span>
    <span class="item" role="presentation" aria-hidden="true">
        <a role="presentation" aria-hidden="true" class="product-url" href="http://shop.coles.com.au/online/national/aussie-mite-spread">
        	Yeast Spread&nbsp;
        	300g
        </a>
    </span>
	<span class="size">
			
 	</span>
</div>


	<div class="purchasing">	    
	    <div class="saving">
	    	
	    </div>
	   	
	    		<div class="price"><span class="accessibility">Purchase price </span><small>$</small>6.77</div>
	    	
	    <div class="unit-price"><span class="accessibility">Unit price </span>$2.26 per 100G</div>
	    <div class="special-offer">	    	
	    	
	    </div> 
	    <div class="availability">Temporarily unavailable</div>
	    <div class="purchase">
		
			<input type="number" title="Add Quantity for Aussie Mite Yeast Spread 300g" name="quantity" id="catEntry_99622_qty" value="1" maxlength="2" size="2" class="v-mandatory v-numeric v-minval-1">
	        <button role="button" type="submit" title="Add to trolley&nbsp;Aussie Mite Yeast Spread 300g" class="btn-red action-addToTrolley"><span role="presentation" aria-hidden="true">Add to trolley</span></button>
		
		</div>
	</div>
	<div class="lists">
		
	</div>


	    <div class="actions">
	        			
			   <div class="MUItemForTrolleyDiv MUItemForTrolley_169439" data-catentry="169439">
		         <div class="MUul_169439"><div class="MUli_169439 hidden" aria-hidden="true"><span class="inTrolley"><span class="MUSpan_169439">0</span> in trolley</span></div></div>
		       </div>
		        <p class="clear"></p>
			 
			<div class="member-usuals-remove">
				<a href="#" class="action-removeFromUsuals usuals-remove">Remove from list <span class="accessibility">Aussie Mite Yeast Spread 300g</span></a>			
			</div>
			
				<div class="list">
					<a href="#" class="action-addToList action-list-add">Add to list <span class="accessibility">Aussie Mite Yeast Spread 300g</span></a> 
				</div>
				<div class="member-list-add">
					<a href="#" class="action-addToList action-list-add">Add to another list <span class="accessibility">Aussie Mite Yeast Spread 300g</span></a>
				</div>
			
			<div class="member-list-remove">
				 <a href="#" class="action-removeFromList">Remove from list <span class="accessibility">Aussie Mite Yeast Spread 300g</span></a> 
			</div>
			
				<div class="compareProd" role="presentation" aria-hidden="true">
					<a href="#" class="compare compare-add">Compare</a>
				</div>
			
				<a href="http://shop.coles.com.au/online/national/aussie-mite-spread" class="product-url accessibility">More details for Aussie Mite&nbsp;Yeast Spread</a>
			
		</div>  
      

       	
		    <div role="presentation" aria-hidden="true" id="share" class="share" data-social="{productImgUrl:'http://shop.coles.com.au:27900/wcsstore/Coles-CAS/images/9/1/2/9120566-th.jpg'
	                                               ,productDisplayUrl:'http://shop.coles.com.au/online/national/aussie-mite-spread'
	                                               ,title:'Aussie Mite Yeast Spread '
	                                               ,description:'A delicious savoury spread made from the finest ingredients.'}">
		 	</div>
 		
	</div>
</div>


	</form>
</div>


<span class="available hidden"></span>


<div class="outer-prod prodtile" data-refresh="{
					catalogId: &quot;10576&quot;,
					doInventory: &quot;N&quot;,
					fulfillmentCenterId: &quot;11576&quot;,
					forStoreId: &quot;10401&quot;,
					
					productDisplayURL: &quot;http://shop.coles.com.au/online/national/australias-own-organic-chicken-style-liquid-stock&quot;				
			}">
	<form id="catEntryForm_361538" name="catEntryForm_361538" action="AjaxOrderChangeServiceItemAdd">
		
<div class=" " data-catentry="catEntry_361538" data-refresh="{
				addCalculationUsage: &quot;-1&quot;,
				langId: &quot;-1&quot;,
				storeId: &quot;10601&quot;, 
				catEntryId: &quot;361538&quot;, 
				catEntryName: &quot;Organic Chicken Style Liquid Stock&quot;, 
				productView: &quot;list&quot;,
				productId: &quot;361538&quot;,
				itemId: &quot;361696&quot;,
				hideMultibuy: &quot;false&quot;,
                ticketType: &quot;&quot;,
                partNumber: &quot;1836291&quot;,
                offerCode: &quot;20140813&quot;
		}">
   	<div class="wrapper clearfix">   	
		

<h4 class="accessibility" id="heading_361538" tabindex="-1">
		Australia's Own&nbsp;Organic Chicken Style Liquid Stock&nbsp;
		1L&nbsp;
		 
</h4> 

<div class="offer-icon"></div>
<a role="presentation" aria-hidden="true" class="product-url" href="http://shop.coles.com.au/online/national/australias-own-organic-chicken-style-liquid-stock">
	    <img role="presentation" aria-hidden="true" class="photo" src="/wcsstore/Coles-CAS/images/1/8/3/1836291-th.jpg" onerror="this.src='/wcsstore/ColesStorefrontAssetStore/dist/e0a775baf05f/images/spacer.gif'" alt="Organic Chicken Style Liquid Stock" width="110" height="110">
	</a>

<div class="detail">	
    <span role="presentation" aria-hidden="true" class="brand">Australia's Own</span>
    <span class="item" role="presentation" aria-hidden="true">
        <a role="presentation" aria-hidden="true" class="product-url" href="http://shop.coles.com.au/online/national/australias-own-organic-chicken-style-liquid-stock">
        	Organic Chicken Style Liquid Stock&nbsp;
        	1L
        </a>
    </span>
	<span class="size">
			
 	</span>
</div>


	<div class="purchasing">	    
	    <div class="saving">
	    	
	    </div>
	   	
	    		<div class="price"><span class="accessibility">Purchase price </span><small>$</small>4.07</div>
	    	
	    <div class="unit-price"><span class="accessibility">Unit price </span>$0.41 per 100mL</div>
	    <div class="special-offer">	    	
	    	
	    </div> 
	    <div class="availability">Temporarily unavailable</div>
	    <div class="purchase">
		
			<input type="number" title="Add Quantity for Australia's Own Organic Chicken Style Liquid Stock 1L" name="quantity" id="catEntry_361538_qty" value="1" maxlength="2" size="2" class="v-mandatory v-numeric v-minval-1">
	        <button role="button" type="submit" title="Add to trolley&nbsp;Australia's Own Organic Chicken Style Liquid Stock 1L" class="btn-red action-addToTrolley"><span role="presentation" aria-hidden="true">Add to trolley</span></button>
		
		</div>
	</div>
	<div class="lists">
		
	</div>


	    <div class="actions">
	        			
			   <div class="MUItemForTrolleyDiv MUItemForTrolley_361696" data-catentry="361696">
		         <div class="MUul_361696"><div class="MUli_361696 hidden" aria-hidden="true"><span class="inTrolley"><span class="MUSpan_361696">0</span> in trolley</span></div></div>
		       </div>
		        <p class="clear"></p>
			 
			<div class="member-usuals-remove">
				<a href="#" class="action-removeFromUsuals usuals-remove">Remove from list <span class="accessibility">Australia's Own Organic Chicken Style Liquid Stock 1L</span></a>			
			</div>
			
				<div class="list">
					<a href="#" class="action-addToList action-list-add">Add to list <span class="accessibility">Australia's Own Organic Chicken Style Liquid Stock 1L</span></a> 
				</div>
				<div class="member-list-add">
					<a href="#" class="action-addToList action-list-add">Add to another list <span class="accessibility">Australia's Own Organic Chicken Style Liquid Stock 1L</span></a>
				</div>
			
			<div class="member-list-remove">
				 <a href="#" class="action-removeFromList">Remove from list <span class="accessibility">Australia's Own Organic Chicken Style Liquid Stock 1L</span></a> 
			</div>
			
				<div class="compareProd" role="presentation" aria-hidden="true">
					<a href="#" class="compare compare-add">Compare</a>
				</div>
			
				<a href="http://shop.coles.com.au/online/national/australias-own-organic-chicken-style-liquid-stock" class="product-url accessibility">More details for Australia's Own&nbsp;Organic Chicken Style Liquid Stock</a>
			
		</div>  
      

       	
		    <div role="presentation" aria-hidden="true" id="share" class="share" data-social="{productImgUrl:'http://shop.coles.com.au:27900/wcsstore/Coles-CAS/images/1/8/3/1836291-th.jpg'
	                                               ,productDisplayUrl:'http://shop.coles.com.au/online/national/australias-own-organic-chicken-style-liquid-stock'
	                                               ,title:'Australia's Own Organic Chicken Style Liquid Stock '
	                                               ,description:''}">
		 	</div>
 		
	</div>
</div>


	</form>
</div>


<span class="available hidden"></span>


<div class="outer-prod prodtile" data-refresh="{
					catalogId: &quot;10576&quot;,
					doInventory: &quot;N&quot;,
					fulfillmentCenterId: &quot;11576&quot;,
					forStoreId: &quot;10401&quot;,
					
					productDisplayURL: &quot;http://shop.coles.com.au/online/national/australias-own-organic-vegetable-style-liquid-stock&quot;				
			}">
	<form id="catEntryForm_361575" name="catEntryForm_361575" action="AjaxOrderChangeServiceItemAdd">
		
<div class=" " data-catentry="catEntry_361575" data-refresh="{
				addCalculationUsage: &quot;-1&quot;,
				langId: &quot;-1&quot;,
				storeId: &quot;10601&quot;, 
				catEntryId: &quot;361575&quot;, 
				catEntryName: &quot;Organic Vegetable Style Liquid Stock&quot;, 
				productView: &quot;list&quot;,
				productId: &quot;361575&quot;,
				itemId: &quot;361669&quot;,
				hideMultibuy: &quot;false&quot;,
                ticketType: &quot;&quot;,
                partNumber: &quot;1836305&quot;,
                offerCode: &quot;20140813&quot;
		}">
   	<div class="wrapper clearfix">   	
		

<h4 class="accessibility" id="heading_361575" tabindex="-1">
		Australia's Own&nbsp;Organic Vegetable Style Liquid Stock&nbsp;
		1L&nbsp;
		 
</h4> 

<div class="offer-icon"></div>
<a role="presentation" aria-hidden="true" class="product-url" href="http://shop.coles.com.au/online/national/australias-own-organic-vegetable-style-liquid-stock">
	    <img role="presentation" aria-hidden="true" class="photo" src="/wcsstore/Coles-CAS/images/1/8/3/1836305-th.jpg" onerror="this.src='/wcsstore/ColesStorefrontAssetStore/dist/e0a775baf05f/images/spacer.gif'" alt="Organic Vegetable Style Liquid Stock" width="110" height="110">
	</a>

<div class="detail">	
    <span role="presentation" aria-hidden="true" class="brand">Australia's Own</span>
    <span class="item" role="presentation" aria-hidden="true">
        <a role="presentation" aria-hidden="true" class="product-url" href="http://shop.coles.com.au/online/national/australias-own-organic-vegetable-style-liquid-stock">
        	Organic Vegetable Style Liquid Stock&nbsp;
        	1L
        </a>
    </span>
	<span class="size">
			
 	</span>
</div>


	<div class="purchasing">	    
	    <div class="saving">
	    	
	    </div>
	   	
	    		<div class="price"><span class="accessibility">Purchase price </span><small>$</small>4.07</div>
	    	
	    <div class="unit-price"><span class="accessibility">Unit price </span>$0.41 per 100mL</div>
	    <div class="special-offer">	    	
	    	
	    </div> 
	    <div class="availability">Temporarily unavailable</div>
	    <div class="purchase">
		
			<input type="number" title="Add Quantity for Australia's Own Organic Vegetable Style Liquid Stock 1L" name="quantity" id="catEntry_361575_qty" value="1" maxlength="2" size="2" class="v-mandatory v-numeric v-minval-1">
	        <button role="button" type="submit" title="Add to trolley&nbsp;Australia's Own Organic Vegetable Style Liquid Stock 1L" class="btn-red action-addToTrolley"><span role="presentation" aria-hidden="true">Add to trolley</span></button>
		
		</div>
	</div>
	<div class="lists">
		
	</div>


	    <div class="actions">
	        			
			   <div class="MUItemForTrolleyDiv MUItemForTrolley_361669" data-catentry="361669">
		         <div class="MUul_361669"><div class="MUli_361669 hidden" aria-hidden="true"><span class="inTrolley"><span class="MUSpan_361669">0</span> in trolley</span></div></div>
		       </div>
		        <p class="clear"></p>
			 
			<div class="member-usuals-remove">
				<a href="#" class="action-removeFromUsuals usuals-remove">Remove from list <span class="accessibility">Australia's Own Organic Vegetable Style Liquid Stock 1L</span></a>			
			</div>
			
				<div class="list">
					<a href="#" class="action-addToList action-list-add">Add to list <span class="accessibility">Australia's Own Organic Vegetable Style Liquid Stock 1L</span></a> 
				</div>
				<div class="member-list-add">
					<a href="#" class="action-addToList action-list-add">Add to another list <span class="accessibility">Australia's Own Organic Vegetable Style Liquid Stock 1L</span></a>
				</div>
			
			<div class="member-list-remove">
				 <a href="#" class="action-removeFromList">Remove from list <span class="accessibility">Australia's Own Organic Vegetable Style Liquid Stock 1L</span></a> 
			</div>
			
				<div class="compareProd" role="presentation" aria-hidden="true">
					<a href="#" class="compare compare-add">Compare</a>
				</div>
			
				<a href="http://shop.coles.com.au/online/national/australias-own-organic-vegetable-style-liquid-stock" class="product-url accessibility">More details for Australia's Own&nbsp;Organic Vegetable Style Liquid Stock</a>
			
		</div>  
      

       	
		    <div role="presentation" aria-hidden="true" id="share" class="share" data-social="{productImgUrl:'http://shop.coles.com.au:27900/wcsstore/Coles-CAS/images/1/8/3/1836305-th.jpg'
	                                               ,productDisplayUrl:'http://shop.coles.com.au/online/national/australias-own-organic-vegetable-style-liquid-stock'
	                                               ,title:'Australia's Own Organic Vegetable Style Liquid Stock '
	                                               ,description:''}">
		 	</div>
 		
	</div>
</div>


	</form>
</div>


<span class="available hidden"></span>


<div class="outer-prod prodtile" data-refresh="{
					catalogId: &quot;10576&quot;,
					doInventory: &quot;N&quot;,
					fulfillmentCenterId: &quot;11576&quot;,
					forStoreId: &quot;10401&quot;,
					
					productDisplayURL: &quot;http://shop.coles.com.au/online/national/avalanche-coffee-duo-medium-roast&quot;				
			}">
	<form id="catEntryForm_212503" name="catEntryForm_212503" action="AjaxOrderChangeServiceItemAdd">
		
<div class=" " data-catentry="catEntry_212503" data-refresh="{
				addCalculationUsage: &quot;-1&quot;,
				langId: &quot;-1&quot;,
				storeId: &quot;10601&quot;, 
				catEntryId: &quot;212503&quot;, 
				catEntryName: &quot;Medium Roast Coffee Duo&quot;, 
				productView: &quot;list&quot;,
				productId: &quot;212503&quot;,
				itemId: &quot;212576&quot;,
				hideMultibuy: &quot;false&quot;,
                ticketType: &quot;&quot;,
                partNumber: &quot;1464619&quot;,
                offerCode: &quot;20140315&quot;
		}">
   	<div class="wrapper clearfix">   	
		

<h4 class="accessibility" id="heading_212503" tabindex="-1">
		Avalanche&nbsp;Medium Roast Coffee Duo&nbsp;
		100g&nbsp;
		 
</h4> 

<div class="offer-icon"></div>
<a role="presentation" aria-hidden="true" class="product-url" href="http://shop.coles.com.au/online/national/avalanche-coffee-duo-medium-roast">
	    <img role="presentation" aria-hidden="true" class="photo" src="/wcsstore/Coles-CAS/images/1/4/6/1464619-th.jpg" onerror="this.src='/wcsstore/ColesStorefrontAssetStore/dist/e0a775baf05f/images/spacer.gif'" alt="Medium Roast Coffee Duo" width="110" height="110">
	</a>

<div class="detail">	
    <span role="presentation" aria-hidden="true" class="brand">Avalanche</span>
    <span class="item" role="presentation" aria-hidden="true">
        <a role="presentation" aria-hidden="true" class="product-url" href="http://shop.coles.com.au/online/national/avalanche-coffee-duo-medium-roast">
        	Medium Roast Coffee Duo&nbsp;
        	100g
        </a>
    </span>
	<span class="size">
			
 	</span>
</div>


	<div class="purchasing">	    
	    <div class="saving">
	    	
	    </div>
	   	
	    		<div class="price"><span class="accessibility">Purchase price </span><small>$</small>10.45</div>
	    	
	    <div class="unit-price"><span class="accessibility">Unit price </span>$10.45 per 100G</div>
	    <div class="special-offer">	    	
	    	
	    </div> 
	    <div class="availability">Temporarily unavailable</div>
	    <div class="purchase">
		
			<input type="number" title="Add Quantity for Avalanche Medium Roast Coffee Duo 100g" name="quantity" id="catEntry_212503_qty" value="1" maxlength="2" size="2" class="v-mandatory v-numeric v-minval-1">
	        <button role="button" type="submit" title="Add to trolley&nbsp;Avalanche Medium Roast Coffee Duo 100g" class="btn-red action-addToTrolley"><span role="presentation" aria-hidden="true">Add to trolley</span></button>
		
		</div>
	</div>
	<div class="lists">
		
	</div>


	    <div class="actions">
	        			
			   <div class="MUItemForTrolleyDiv MUItemForTrolley_212576" data-catentry="212576">
		         <div class="MUul_212576"><div class="MUli_212576 hidden" aria-hidden="true"><span class="inTrolley"><span class="MUSpan_212576">0</span> in trolley</span></div></div>
		       </div>
		        <p class="clear"></p>
			 
			<div class="member-usuals-remove">
				<a href="#" class="action-removeFromUsuals usuals-remove">Remove from list <span class="accessibility">Avalanche Medium Roast Coffee Duo 100g</span></a>			
			</div>
			
				<div class="list">
					<a href="#" class="action-addToList action-list-add">Add to list <span class="accessibility">Avalanche Medium Roast Coffee Duo 100g</span></a> 
				</div>
				<div class="member-list-add">
					<a href="#" class="action-addToList action-list-add">Add to another list <span class="accessibility">Avalanche Medium Roast Coffee Duo 100g</span></a>
				</div>
			
			<div class="member-list-remove">
				 <a href="#" class="action-removeFromList">Remove from list <span class="accessibility">Avalanche Medium Roast Coffee Duo 100g</span></a> 
			</div>
			
				<div class="compareProd" role="presentation" aria-hidden="true">
					<a href="#" class="compare compare-add">Compare</a>
				</div>
			
				<a href="http://shop.coles.com.au/online/national/avalanche-coffee-duo-medium-roast" class="product-url accessibility">More details for Avalanche&nbsp;Medium Roast Coffee Duo</a>
			
		</div>  
      

       	
		    <div role="presentation" aria-hidden="true" id="share" class="share" data-social="{productImgUrl:'http://shop.coles.com.au:27900/wcsstore/Coles-CAS/images/1/4/6/1464619-th.jpg'
	                                               ,productDisplayUrl:'http://shop.coles.com.au/online/national/avalanche-coffee-duo-medium-roast'
	                                               ,title:'Avalanche Medium Roast Coffee Duo '
	                                               ,description:''}">
		 	</div>
 		
	</div>
</div>


	</form>
</div>


<span class="available hidden"></span>


<div class="outer-prod prodtile" data-refresh="{
					catalogId: &quot;10576&quot;,
					doInventory: &quot;N&quot;,
					fulfillmentCenterId: &quot;11576&quot;,
					forStoreId: &quot;10401&quot;,
					
					productDisplayURL: &quot;http://shop.coles.com.au/online/national/avalanche-coffee-duo-dark-roast&quot;				
			}">
	<form id="catEntryForm_212515" name="catEntryForm_212515" action="AjaxOrderChangeServiceItemAdd">
		
<div class=" " data-catentry="catEntry_212515" data-refresh="{
				addCalculationUsage: &quot;-1&quot;,
				langId: &quot;-1&quot;,
				storeId: &quot;10601&quot;, 
				catEntryId: &quot;212515&quot;, 
				catEntryName: &quot;Duo Dark Roast Coffee&quot;, 
				productView: &quot;list&quot;,
				productId: &quot;212515&quot;,
				itemId: &quot;212584&quot;,
				hideMultibuy: &quot;false&quot;,
                ticketType: &quot;&quot;,
                partNumber: &quot;1464608&quot;,
                offerCode: &quot;20140315&quot;
		}">
   	<div class="wrapper clearfix">   	
		

<h4 class="accessibility" id="heading_212515" tabindex="-1">
		Avalanche&nbsp;Duo Dark Roast Coffee&nbsp;
		100g&nbsp;
		 
</h4> 

<div class="offer-icon"></div>
<a role="presentation" aria-hidden="true" class="product-url" href="http://shop.coles.com.au/online/national/avalanche-coffee-duo-dark-roast">
	    <img role="presentation" aria-hidden="true" class="photo" src="/wcsstore/Coles-CAS/images/1/4/6/1464608-th.jpg" onerror="this.src='/wcsstore/ColesStorefrontAssetStore/dist/e0a775baf05f/images/spacer.gif'" alt="Duo Dark Roast Coffee" width="110" height="110">
	</a>

<div class="detail">	
    <span role="presentation" aria-hidden="true" class="brand">Avalanche</span>
    <span class="item" role="presentation" aria-hidden="true">
        <a role="presentation" aria-hidden="true" class="product-url" href="http://shop.coles.com.au/online/national/avalanche-coffee-duo-dark-roast">
        	Duo Dark Roast Coffee&nbsp;
        	100g
        </a>
    </span>
	<span class="size">
			
 	</span>
</div>


	<div class="purchasing">	    
	    <div class="saving">
	    	
	    </div>
	   	
	    		<div class="price"><span class="accessibility">Purchase price </span><small>$</small>10.45</div>
	    	
	    <div class="unit-price"><span class="accessibility">Unit price </span>$10.45 per 100G</div>
	    <div class="special-offer">	    	
	    	
	    </div> 
	    <div class="availability">Temporarily unavailable</div>
	    <div class="purchase">
		
			<input type="number" title="Add Quantity for Avalanche Duo Dark Roast Coffee 100g" name="quantity" id="catEntry_212515_qty" value="1" maxlength="2" size="2" class="v-mandatory v-numeric v-minval-1">
	        <button role="button" type="submit" title="Add to trolley&nbsp;Avalanche Duo Dark Roast Coffee 100g" class="btn-red action-addToTrolley"><span role="presentation" aria-hidden="true">Add to trolley</span></button>
		
		</div>
	</div>
	<div class="lists">
		
	</div>


	    <div class="actions">
	        			
			   <div class="MUItemForTrolleyDiv MUItemForTrolley_212584" data-catentry="212584">
		         <div class="MUul_212584"><div class="MUli_212584 hidden" aria-hidden="true"><span class="inTrolley"><span class="MUSpan_212584">0</span> in trolley</span></div></div>
		       </div>
		        <p class="clear"></p>
			 
			<div class="member-usuals-remove">
				<a href="#" class="action-removeFromUsuals usuals-remove">Remove from list <span class="accessibility">Avalanche Duo Dark Roast Coffee 100g</span></a>			
			</div>
			
				<div class="list">
					<a href="#" class="action-addToList action-list-add">Add to list <span class="accessibility">Avalanche Duo Dark Roast Coffee 100g</span></a> 
				</div>
				<div class="member-list-add">
					<a href="#" class="action-addToList action-list-add">Add to another list <span class="accessibility">Avalanche Duo Dark Roast Coffee 100g</span></a>
				</div>
			
			<div class="member-list-remove">
				 <a href="#" class="action-removeFromList">Remove from list <span class="accessibility">Avalanche Duo Dark Roast Coffee 100g</span></a> 
			</div>
			
				<div class="compareProd" role="presentation" aria-hidden="true">
					<a href="#" class="compare compare-add">Compare</a>
				</div>
			
				<a href="http://shop.coles.com.au/online/national/avalanche-coffee-duo-dark-roast" class="product-url accessibility">More details for Avalanche&nbsp;Duo Dark Roast Coffee</a>
			
		</div>  
      

       	
		    <div role="presentation" aria-hidden="true" id="share" class="share" data-social="{productImgUrl:'http://shop.coles.com.au:27900/wcsstore/Coles-CAS/images/1/4/6/1464608-th.jpg'
	                                               ,productDisplayUrl:'http://shop.coles.com.au/online/national/avalanche-coffee-duo-dark-roast'
	                                               ,title:'Avalanche Duo Dark Roast Coffee '
	                                               ,description:''}">
		 	</div>
 		
	</div>
</div>


	</form>
</div>


<span class="available hidden"></span>


<div class="outer-prod prodtile" data-refresh="{
					catalogId: &quot;10576&quot;,
					doInventory: &quot;N&quot;,
					fulfillmentCenterId: &quot;11576&quot;,
					forStoreId: &quot;10401&quot;,
					
					productDisplayURL: &quot;http://shop.coles.com.au/online/national/ayam-paste-thai-green-curry&quot;				
			}">
	<form id="catEntryForm_71445" name="catEntryForm_71445" action="AjaxOrderChangeServiceItemAdd">
		
<div class=" " data-catentry="catEntry_71445" data-refresh="{
				addCalculationUsage: &quot;-1&quot;,
				langId: &quot;-1&quot;,
				storeId: &quot;10601&quot;, 
				catEntryId: &quot;71445&quot;, 
				catEntryName: &quot;Thai Green Curry Paste&quot;, 
				productView: &quot;list&quot;,
				productId: &quot;71445&quot;,
				itemId: &quot;133582&quot;,
				hideMultibuy: &quot;false&quot;,
                ticketType: &quot;&quot;,
                partNumber: &quot;6801068&quot;,
                offerCode: &quot;20141217&quot;
		}">
   	<div class="wrapper clearfix">   	
		

<h4 class="accessibility" id="heading_71445" tabindex="-1">
		Ayam&nbsp;Thai Green Curry Paste&nbsp;
		195g&nbsp;
		 
</h4> 

<div class="offer-icon"></div>
<a role="presentation" aria-hidden="true" class="product-url" href="http://shop.coles.com.au/online/national/ayam-paste-thai-green-curry">
	    <img role="presentation" aria-hidden="true" class="photo" src="/wcsstore/Coles-CAS/images/6/8/0/6801068-th.jpg" onerror="this.src='/wcsstore/ColesStorefrontAssetStore/dist/e0a775baf05f/images/spacer.gif'" alt="Thai Green Curry Paste" width="110" height="110">
	</a>

<div class="detail">	
    <span role="presentation" aria-hidden="true" class="brand">Ayam</span>
    <span class="item" role="presentation" aria-hidden="true">
        <a role="presentation" aria-hidden="true" class="product-url" href="http://shop.coles.com.au/online/national/ayam-paste-thai-green-curry">
        	Thai Green Curry Paste&nbsp;
        	195g
        </a>
    </span>
	<span class="size">
			
 	</span>
</div>


	<div class="purchasing">	    
	    <div class="saving">
	    	
	    </div>
	   	
	    		<div class="price"><span class="accessibility">Purchase price </span><small>$</small>3.51</div>
	    	
	    <div class="unit-price"><span class="accessibility">Unit price </span>$1.80 per 100G</div>
	    <div class="special-offer">	    	
	    	
	    </div> 
	    <div class="availability">Temporarily unavailable</div>
	    <div class="purchase">
		
			<input type="number" title="Add Quantity for Ayam Thai Green Curry Paste 195g" name="quantity" id="catEntry_71445_qty" value="1" maxlength="2" size="2" class="v-mandatory v-numeric v-minval-1">
	        <button role="button" type="submit" title="Add to trolley&nbsp;Ayam Thai Green Curry Paste 195g" class="btn-red action-addToTrolley"><span role="presentation" aria-hidden="true">Add to trolley</span></button>
		
		</div>
	</div>
	<div class="lists">
		
	</div>


	    <div class="actions">
	        			
			   <div class="MUItemForTrolleyDiv MUItemForTrolley_133582" data-catentry="133582">
		         <div class="MUul_133582"><div class="MUli_133582 hidden" aria-hidden="true"><span class="inTrolley"><span class="MUSpan_133582">0</span> in trolley</span></div></div>
		       </div>
		        <p class="clear"></p>
			 
			<div class="member-usuals-remove">
				<a href="#" class="action-removeFromUsuals usuals-remove">Remove from list <span class="accessibility">Ayam Thai Green Curry Paste 195g</span></a>			
			</div>
			
				<div class="list">
					<a href="#" class="action-addToList action-list-add">Add to list <span class="accessibility">Ayam Thai Green Curry Paste 195g</span></a> 
				</div>
				<div class="member-list-add">
					<a href="#" class="action-addToList action-list-add">Add to another list <span class="accessibility">Ayam Thai Green Curry Paste 195g</span></a>
				</div>
			
			<div class="member-list-remove">
				 <a href="#" class="action-removeFromList">Remove from list <span class="accessibility">Ayam Thai Green Curry Paste 195g</span></a> 
			</div>
			
				<div class="compareProd" role="presentation" aria-hidden="true">
					<a href="#" class="compare compare-add">Compare</a>
				</div>
			
				<a href="http://shop.coles.com.au/online/national/ayam-paste-thai-green-curry" class="product-url accessibility">More details for Ayam&nbsp;Thai Green Curry Paste</a>
			
		</div>  
      

       	
		    <div role="presentation" aria-hidden="true" id="share" class="share" data-social="{productImgUrl:'http://shop.coles.com.au:27900/wcsstore/Coles-CAS/images/6/8/0/6801068-th.jpg'
	                                               ,productDisplayUrl:'http://shop.coles.com.au/online/national/ayam-paste-thai-green-curry'
	                                               ,title:'Ayam Thai Green Curry Paste '
	                                               ,description:''}">
		 	</div>
 		
	</div>
</div>


	</form>
</div>


<span class="available hidden"></span>


<div class="outer-prod prodtile" data-refresh="{
					catalogId: &quot;10576&quot;,
					doInventory: &quot;N&quot;,
					fulfillmentCenterId: &quot;11576&quot;,
					forStoreId: &quot;10401&quot;,
					
					productDisplayURL: &quot;http://shop.coles.com.au/online/national/ayam-malaysian-paste-laksa-curry&quot;				
			}">
	<form id="catEntryForm_72008" name="catEntryForm_72008" action="AjaxOrderChangeServiceItemAdd">
		
<div class=" " data-catentry="catEntry_72008" data-refresh="{
				addCalculationUsage: &quot;-1&quot;,
				langId: &quot;-1&quot;,
				storeId: &quot;10601&quot;, 
				catEntryId: &quot;72008&quot;, 
				catEntryName: &quot;Malaysian Laksa Curry Paste&quot;, 
				productView: &quot;list&quot;,
				productId: &quot;72008&quot;,
				itemId: &quot;134846&quot;,
				hideMultibuy: &quot;false&quot;,
                ticketType: &quot;&quot;,
                partNumber: &quot;6801115&quot;,
                offerCode: &quot;20141217&quot;
		}">
   	<div class="wrapper clearfix">   	
		

<h4 class="accessibility" id="heading_72008" tabindex="-1">
		Ayam&nbsp;Malaysian Laksa Curry Paste&nbsp;
		195g&nbsp;
		 
</h4> 

<div class="offer-icon"></div>
<a role="presentation" aria-hidden="true" class="product-url" href="http://shop.coles.com.au/online/national/ayam-malaysian-paste-laksa-curry">
	    <img role="presentation" aria-hidden="true" class="photo" src="/wcsstore/Coles-CAS/images/6/8/0/6801115-th.jpg" onerror="this.src='/wcsstore/ColesStorefrontAssetStore/dist/e0a775baf05f/images/spacer.gif'" alt="Malaysian Laksa Curry Paste" width="110" height="110">
	</a>

<div class="detail">	
    <span role="presentation" aria-hidden="true" class="brand">Ayam</span>
    <span class="item" role="presentation" aria-hidden="true">
        <a role="presentation" aria-hidden="true" class="product-url" href="http://shop.coles.com.au/online/national/ayam-malaysian-paste-laksa-curry">
        	Malaysian Laksa Curry Paste&nbsp;
        	195g
        </a>
    </span>
	<span class="size">
			
 	</span>
</div>


	<div class="purchasing">	    
	    <div class="saving">
	    	
	    </div>
	   	
	    		<div class="price"><span class="accessibility">Purchase price </span><small>$</small>3.51</div>
	    	
	    <div class="unit-price"><span class="accessibility">Unit price </span>$1.90 per 100G</div>
	    <div class="special-offer">	    	
	    	
	    </div> 
	    <div class="availability">Temporarily unavailable</div>
	    <div class="purchase">
		
			<input type="number" title="Add Quantity for Ayam Malaysian Laksa Curry Paste 195g" name="quantity" id="catEntry_72008_qty" value="1" maxlength="2" size="2" class="v-mandatory v-numeric v-minval-1">
	        <button role="button" type="submit" title="Add to trolley&nbsp;Ayam Malaysian Laksa Curry Paste 195g" class="btn-red action-addToTrolley"><span role="presentation" aria-hidden="true">Add to trolley</span></button>
		
		</div>
	</div>
	<div class="lists">
		
	</div>


	    <div class="actions">
	        			
			   <div class="MUItemForTrolleyDiv MUItemForTrolley_134846" data-catentry="134846">
		         <div class="MUul_134846"><div class="MUli_134846 hidden" aria-hidden="true"><span class="inTrolley"><span class="MUSpan_134846">0</span> in trolley</span></div></div>
		       </div>
		        <p class="clear"></p>
			 
			<div class="member-usuals-remove">
				<a href="#" class="action-removeFromUsuals usuals-remove">Remove from list <span class="accessibility">Ayam Malaysian Laksa Curry Paste 195g</span></a>			
			</div>
			
				<div class="list">
					<a href="#" class="action-addToList action-list-add">Add to list <span class="accessibility">Ayam Malaysian Laksa Curry Paste 195g</span></a> 
				</div>
				<div class="member-list-add">
					<a href="#" class="action-addToList action-list-add">Add to another list <span class="accessibility">Ayam Malaysian Laksa Curry Paste 195g</span></a>
				</div>
			
			<div class="member-list-remove">
				 <a href="#" class="action-removeFromList">Remove from list <span class="accessibility">Ayam Malaysian Laksa Curry Paste 195g</span></a> 
			</div>
			
				<div class="compareProd" role="presentation" aria-hidden="true">
					<a href="#" class="compare compare-add">Compare</a>
				</div>
			
				<a href="http://shop.coles.com.au/online/national/ayam-malaysian-paste-laksa-curry" class="product-url accessibility">More details for Ayam&nbsp;Malaysian Laksa Curry Paste</a>
			
		</div>  
      

       	
		    <div role="presentation" aria-hidden="true" id="share" class="share" data-social="{productImgUrl:'http://shop.coles.com.au:27900/wcsstore/Coles-CAS/images/6/8/0/6801115-th.jpg'
	                                               ,productDisplayUrl:'http://shop.coles.com.au/online/national/ayam-malaysian-paste-laksa-curry'
	                                               ,title:'Ayam Malaysian Laksa Curry Paste '
	                                               ,description:''}">
		 	</div>
 		
	</div>
</div>


	</form>
</div>


<span class="available hidden"></span>


<div class="outer-prod prodtile" data-refresh="{
					catalogId: &quot;10576&quot;,
					doInventory: &quot;N&quot;,
					fulfillmentCenterId: &quot;11576&quot;,
					forStoreId: &quot;10401&quot;,
					
					productDisplayURL: &quot;http://shop.coles.com.au/online/national/ayam-sauce-teriyaki&quot;				
			}">
	<form id="catEntryForm_79355" name="catEntryForm_79355" action="AjaxOrderChangeServiceItemAdd">
		
<div class=" " data-catentry="catEntry_79355" data-refresh="{
				addCalculationUsage: &quot;-1&quot;,
				langId: &quot;-1&quot;,
				storeId: &quot;10601&quot;, 
				catEntryId: &quot;79355&quot;, 
				catEntryName: &quot;Teriyaki Sauce&quot;, 
				productView: &quot;list&quot;,
				productId: &quot;79355&quot;,
				itemId: &quot;138951&quot;,
				hideMultibuy: &quot;false&quot;,
                ticketType: &quot;&quot;,
                partNumber: &quot;6082835&quot;,
                offerCode: &quot;20140618&quot;
		}">
   	<div class="wrapper clearfix">   	
		

<h4 class="accessibility" id="heading_79355" tabindex="-1">
		Ayam&nbsp;Teriyaki Sauce&nbsp;
		210mL&nbsp;
		 
</h4> 

<div class="offer-icon"></div>
<a role="presentation" aria-hidden="true" class="product-url" href="http://shop.coles.com.au/online/national/ayam-sauce-teriyaki">
	    <img role="presentation" aria-hidden="true" class="photo" src="/wcsstore/Coles-CAS/images/6/0/8/6082835-th.jpg" onerror="this.src='/wcsstore/ColesStorefrontAssetStore/dist/e0a775baf05f/images/spacer.gif'" alt="Teriyaki Sauce" width="110" height="110">
	</a>

<div class="detail">	
    <span role="presentation" aria-hidden="true" class="brand">Ayam</span>
    <span class="item" role="presentation" aria-hidden="true">
        <a role="presentation" aria-hidden="true" class="product-url" href="http://shop.coles.com.au/online/national/ayam-sauce-teriyaki">
        	Teriyaki Sauce&nbsp;
        	210mL
        </a>
    </span>
	<span class="size">
			
 	</span>
</div>


	<div class="purchasing">	    
	    <div class="saving">
	    	
	    </div>
	   	
	    		<div class="price"><span class="accessibility">Purchase price </span><small>$</small>3.36</div>
	    	
	    <div class="unit-price"><span class="accessibility">Unit price </span>$1.60 per 100mL</div>
	    <div class="special-offer">	    	
	    	
	    </div> 
	    <div class="availability">Temporarily unavailable</div>
	    <div class="purchase">
		
			<input type="number" title="Add Quantity for Ayam Teriyaki Sauce 210mL" name="quantity" id="catEntry_79355_qty" value="1" maxlength="2" size="2" class="v-mandatory v-numeric v-minval-1">
	        <button role="button" type="submit" title="Add to trolley&nbsp;Ayam Teriyaki Sauce 210mL" class="btn-red action-addToTrolley"><span role="presentation" aria-hidden="true">Add to trolley</span></button>
		
		</div>
	</div>
	<div class="lists">
		
	</div>


	    <div class="actions">
	        			
			   <div class="MUItemForTrolleyDiv MUItemForTrolley_138951" data-catentry="138951">
		         <div class="MUul_138951"><div class="MUli_138951 hidden" aria-hidden="true"><span class="inTrolley"><span class="MUSpan_138951">0</span> in trolley</span></div></div>
		       </div>
		        <p class="clear"></p>
			 
			<div class="member-usuals-remove">
				<a href="#" class="action-removeFromUsuals usuals-remove">Remove from list <span class="accessibility">Ayam Teriyaki Sauce 210mL</span></a>			
			</div>
			
				<div class="list">
					<a href="#" class="action-addToList action-list-add">Add to list <span class="accessibility">Ayam Teriyaki Sauce 210mL</span></a> 
				</div>
				<div class="member-list-add">
					<a href="#" class="action-addToList action-list-add">Add to another list <span class="accessibility">Ayam Teriyaki Sauce 210mL</span></a>
				</div>
			
			<div class="member-list-remove">
				 <a href="#" class="action-removeFromList">Remove from list <span class="accessibility">Ayam Teriyaki Sauce 210mL</span></a> 
			</div>
			
				<div class="compareProd" role="presentation" aria-hidden="true">
					<a href="#" class="compare compare-add">Compare</a>
				</div>
			
				<a href="http://shop.coles.com.au/online/national/ayam-sauce-teriyaki" class="product-url accessibility">More details for Ayam&nbsp;Teriyaki Sauce</a>
			
		</div>  
      

       	
		    <div role="presentation" aria-hidden="true" id="share" class="share" data-social="{productImgUrl:'http://shop.coles.com.au:27900/wcsstore/Coles-CAS/images/6/0/8/6082835-th.jpg'
	                                               ,productDisplayUrl:'http://shop.coles.com.au/online/national/ayam-sauce-teriyaki'
	                                               ,title:'Ayam Teriyaki Sauce '
	                                               ,description:'Teriyaki marinade and sauce.'}">
		 	</div>
 		
	</div>
</div>


	</form>
</div>


<span class="available hidden"></span>


<div class="outer-prod prodtile" data-refresh="{
					catalogId: &quot;10576&quot;,
					doInventory: &quot;N&quot;,
					fulfillmentCenterId: &quot;11576&quot;,
					forStoreId: &quot;10401&quot;,
					
					productDisplayURL: &quot;http://shop.coles.com.au/online/national/ayam-malaysian-rendang-curry-paste&quot;				
			}">
	<form id="catEntryForm_400095" name="catEntryForm_400095" action="AjaxOrderChangeServiceItemAdd">
		
<div class=" " data-catentry="catEntry_400095" data-refresh="{
				addCalculationUsage: &quot;-1&quot;,
				langId: &quot;-1&quot;,
				storeId: &quot;10601&quot;, 
				catEntryId: &quot;400095&quot;, 
				catEntryName: &quot;Malaysian Rendang Curry Paste&quot;, 
				productView: &quot;list&quot;,
				productId: &quot;400095&quot;,
				itemId: &quot;400309&quot;,
				hideMultibuy: &quot;false&quot;,
                ticketType: &quot;&quot;,
                partNumber: &quot;2001398&quot;,
                offerCode: &quot;20141217&quot;
		}">
   	<div class="wrapper clearfix">   	
		

<h4 class="accessibility" id="heading_400095" tabindex="-1">
		Ayam&nbsp;Malaysian Rendang Curry Paste&nbsp;
		185g&nbsp;
		 
</h4> 

<div class="offer-icon"></div>
<a role="presentation" aria-hidden="true" class="product-url" href="http://shop.coles.com.au/online/national/ayam-malaysian-rendang-curry-paste">
	    <img role="presentation" aria-hidden="true" class="photo" src="/wcsstore/Coles-CAS/images/2/0/0/2001398-th.jpg" onerror="this.src='/wcsstore/ColesStorefrontAssetStore/dist/e0a775baf05f/images/spacer.gif'" alt="Malaysian Rendang Curry Paste" width="110" height="110">
	</a>

<div class="detail">	
    <span role="presentation" aria-hidden="true" class="brand">Ayam</span>
    <span class="item" role="presentation" aria-hidden="true">
        <a role="presentation" aria-hidden="true" class="product-url" href="http://shop.coles.com.au/online/national/ayam-malaysian-rendang-curry-paste">
        	Malaysian Rendang Curry Paste&nbsp;
        	185g
        </a>
    </span>
	<span class="size">
			
 	</span>
</div>


	<div class="purchasing">	    
	    <div class="saving">
	    	
	    </div>
	   	
	    		<div class="price"><span class="accessibility">Purchase price </span><small>$</small>3.62</div>
	    	
	    <div class="unit-price"><span class="accessibility">Unit price </span>$1.96 per 100G</div>
	    <div class="special-offer">	    	
	    	
	    </div> 
	    <div class="availability">Temporarily unavailable</div>
	    <div class="purchase">
		
			<input type="number" title="Add Quantity for Ayam Malaysian Rendang Curry Paste 185g" name="quantity" id="catEntry_400095_qty" value="1" maxlength="2" size="2" class="v-mandatory v-numeric v-minval-1">
	        <button role="button" type="submit" title="Add to trolley&nbsp;Ayam Malaysian Rendang Curry Paste 185g" class="btn-red action-addToTrolley"><span role="presentation" aria-hidden="true">Add to trolley</span></button>
		
		</div>
	</div>
	<div class="lists">
		
	</div>


	    <div class="actions">
	        			
			   <div class="MUItemForTrolleyDiv MUItemForTrolley_400309" data-catentry="400309">
		         <div class="MUul_400309"><div class="MUli_400309 hidden" aria-hidden="true"><span class="inTrolley"><span class="MUSpan_400309">0</span> in trolley</span></div></div>
		       </div>
		        <p class="clear"></p>
			 
			<div class="member-usuals-remove">
				<a href="#" class="action-removeFromUsuals usuals-remove">Remove from list <span class="accessibility">Ayam Malaysian Rendang Curry Paste 185g</span></a>			
			</div>
			
				<div class="list">
					<a href="#" class="action-addToList action-list-add">Add to list <span class="accessibility">Ayam Malaysian Rendang Curry Paste 185g</span></a> 
				</div>
				<div class="member-list-add">
					<a href="#" class="action-addToList action-list-add">Add to another list <span class="accessibility">Ayam Malaysian Rendang Curry Paste 185g</span></a>
				</div>
			
			<div class="member-list-remove">
				 <a href="#" class="action-removeFromList">Remove from list <span class="accessibility">Ayam Malaysian Rendang Curry Paste 185g</span></a> 
			</div>
			
				<div class="compareProd" role="presentation" aria-hidden="true">
					<a href="#" class="compare compare-add">Compare</a>
				</div>
			
				<a href="http://shop.coles.com.au/online/national/ayam-malaysian-rendang-curry-paste" class="product-url accessibility">More details for Ayam&nbsp;Malaysian Rendang Curry Paste</a>
			
		</div>  
      

       	
		    <div role="presentation" aria-hidden="true" id="share" class="share" data-social="{productImgUrl:'http://shop.coles.com.au:27900/wcsstore/Coles-CAS/images/2/0/0/2001398-th.jpg'
	                                               ,productDisplayUrl:'http://shop.coles.com.au/online/national/ayam-malaysian-rendang-curry-paste'
	                                               ,title:'Ayam Malaysian Rendang Curry Paste '
	                                               ,description:''}">
		 	</div>
 		
	</div>
</div>


	</form>
</div>


<span class="available hidden"></span>


<div class="outer-prod prodtile" data-refresh="{
					catalogId: &quot;10576&quot;,
					doInventory: &quot;N&quot;,
					fulfillmentCenterId: &quot;11576&quot;,
					forStoreId: &quot;10401&quot;,
					
					productDisplayURL: &quot;http://shop.coles.com.au/online/national/ayam-light-sweet-chilli-sauce&quot;				
			}">
	<form id="catEntryForm_406037" name="catEntryForm_406037" action="AjaxOrderChangeServiceItemAdd">
		
<div class=" " data-catentry="catEntry_406037" data-refresh="{
				addCalculationUsage: &quot;-1&quot;,
				langId: &quot;-1&quot;,
				storeId: &quot;10601&quot;, 
				catEntryId: &quot;406037&quot;, 
				catEntryName: &quot;Light Sweet Chilli Sauce&quot;, 
				productView: &quot;list&quot;,
				productId: &quot;406037&quot;,
				itemId: &quot;406157&quot;,
				hideMultibuy: &quot;false&quot;,
                ticketType: &quot;&quot;,
                partNumber: &quot;2107480&quot;,
                offerCode: &quot;20130928&quot;
		}">
   	<div class="wrapper clearfix">   	
		

<h4 class="accessibility" id="heading_406037" tabindex="-1">
		Ayam&nbsp;Light Sweet Chilli Sauce&nbsp;
		285mL&nbsp;
		 
</h4> 

<div class="offer-icon"></div>
<a role="presentation" aria-hidden="true" class="product-url" href="http://shop.coles.com.au/online/national/ayam-light-sweet-chilli-sauce">
	    <img role="presentation" aria-hidden="true" class="photo" src="/wcsstore/Coles-CAS/images/2/1/0/2107480-th.jpg" onerror="this.src='/wcsstore/ColesStorefrontAssetStore/dist/e0a775baf05f/images/spacer.gif'" alt="Light Sweet Chilli Sauce" width="110" height="110">
	</a>

<div class="detail">	
    <span role="presentation" aria-hidden="true" class="brand">Ayam</span>
    <span class="item" role="presentation" aria-hidden="true">
        <a role="presentation" aria-hidden="true" class="product-url" href="http://shop.coles.com.au/online/national/ayam-light-sweet-chilli-sauce">
        	Light Sweet Chilli Sauce&nbsp;
        	285mL
        </a>
    </span>
	<span class="size">
			
 	</span>
</div>


	<div class="purchasing">	    
	    <div class="saving">
	    	
	    </div>
	   	
	    		<div class="price"><span class="accessibility">Purchase price </span><small>$</small>2.08</div>
	    	
	    <div class="unit-price"><span class="accessibility">Unit price </span>$0.73 per 100mL</div>
	    <div class="special-offer">	    	
	    	
	    </div> 
	    <div class="availability">Temporarily unavailable</div>
	    <div class="purchase">
		
			<input type="number" title="Add Quantity for Ayam Light Sweet Chilli Sauce 285mL" name="quantity" id="catEntry_406037_qty" value="1" maxlength="2" size="2" class="v-mandatory v-numeric v-minval-1">
	        <button role="button" type="submit" title="Add to trolley&nbsp;Ayam Light Sweet Chilli Sauce 285mL" class="btn-red action-addToTrolley"><span role="presentation" aria-hidden="true">Add to trolley</span></button>
		
		</div>
	</div>
	<div class="lists">
		
	</div>


	    <div class="actions">
	        			
			   <div class="MUItemForTrolleyDiv MUItemForTrolley_406157" data-catentry="406157">
		         <div class="MUul_406157"><div class="MUli_406157 hidden" aria-hidden="true"><span class="inTrolley"><span class="MUSpan_406157">0</span> in trolley</span></div></div>
		       </div>
		        <p class="clear"></p>
			 
			<div class="member-usuals-remove">
				<a href="#" class="action-removeFromUsuals usuals-remove">Remove from list <span class="accessibility">Ayam Light Sweet Chilli Sauce 285mL</span></a>			
			</div>
			
				<div class="list">
					<a href="#" class="action-addToList action-list-add">Add to list <span class="accessibility">Ayam Light Sweet Chilli Sauce 285mL</span></a> 
				</div>
				<div class="member-list-add">
					<a href="#" class="action-addToList action-list-add">Add to another list <span class="accessibility">Ayam Light Sweet Chilli Sauce 285mL</span></a>
				</div>
			
			<div class="member-list-remove">
				 <a href="#" class="action-removeFromList">Remove from list <span class="accessibility">Ayam Light Sweet Chilli Sauce 285mL</span></a> 
			</div>
			
				<div class="compareProd" role="presentation" aria-hidden="true">
					<a href="#" class="compare compare-add">Compare</a>
				</div>
			
				<a href="http://shop.coles.com.au/online/national/ayam-light-sweet-chilli-sauce" class="product-url accessibility">More details for Ayam&nbsp;Light Sweet Chilli Sauce</a>
			
		</div>  
      

       	
		    <div role="presentation" aria-hidden="true" id="share" class="share" data-social="{productImgUrl:'http://shop.coles.com.au:27900/wcsstore/Coles-CAS/images/2/1/0/2107480-th.jpg'
	                                               ,productDisplayUrl:'http://shop.coles.com.au/online/national/ayam-light-sweet-chilli-sauce'
	                                               ,title:'Ayam Light Sweet Chilli Sauce '
	                                               ,description:''}">
		 	</div>
 		
	</div>
</div>


	</form>
</div>


<span class="available hidden"></span>


<div class="outer-prod prodtile" data-refresh="{
					catalogId: &quot;10576&quot;,
					doInventory: &quot;N&quot;,
					fulfillmentCenterId: &quot;11576&quot;,
					forStoreId: &quot;10401&quot;,
					
					productDisplayURL: &quot;http://shop.coles.com.au/online/national/ayam-chilli-jam-paste&quot;				
			}">
	<form id="catEntryForm_411056" name="catEntryForm_411056" action="AjaxOrderChangeServiceItemAdd">
		
<div class=" " data-catentry="catEntry_411056" data-refresh="{
				addCalculationUsage: &quot;-1&quot;,
				langId: &quot;-1&quot;,
				storeId: &quot;10601&quot;, 
				catEntryId: &quot;411056&quot;, 
				catEntryName: &quot;Chilli Jam Paste&quot;, 
				productView: &quot;list&quot;,
				productId: &quot;411056&quot;,
				itemId: &quot;411257&quot;,
				hideMultibuy: &quot;false&quot;,
                ticketType: &quot;&quot;,
                partNumber: &quot;2005457&quot;,
                offerCode: &quot;20141217&quot;
		}">
   	<div class="wrapper clearfix">   	
		

<h4 class="accessibility" id="heading_411056" tabindex="-1">
		Ayam&nbsp;Chilli Jam Paste&nbsp;
		185g&nbsp;
		 
</h4> 

<div class="offer-icon"></div>
<a role="presentation" aria-hidden="true" class="product-url" href="http://shop.coles.com.au/online/national/ayam-chilli-jam-paste">
	    <img role="presentation" aria-hidden="true" class="photo" src="/wcsstore/Coles-CAS/images/2/0/0/2005457-th.jpg" onerror="this.src='/wcsstore/ColesStorefrontAssetStore/dist/e0a775baf05f/images/spacer.gif'" alt="Chilli Jam Paste" width="110" height="110">
	</a>

<div class="detail">	
    <span role="presentation" aria-hidden="true" class="brand">Ayam</span>
    <span class="item" role="presentation" aria-hidden="true">
        <a role="presentation" aria-hidden="true" class="product-url" href="http://shop.coles.com.au/online/national/ayam-chilli-jam-paste">
        	Chilli Jam Paste&nbsp;
        	185g
        </a>
    </span>
	<span class="size">
			
 	</span>
</div>


	<div class="purchasing">	    
	    <div class="saving">
	    	
	    </div>
	   	
	    		<div class="price"><span class="accessibility">Purchase price </span><small>$</small>4.39</div>
	    	
	    <div class="unit-price"><span class="accessibility">Unit price </span>$0.02 per 1Ea</div>
	    <div class="special-offer">	    	
	    	
	    </div> 
	    <div class="availability">Temporarily unavailable</div>
	    <div class="purchase">
		
			<input type="number" title="Add Quantity for Ayam Chilli Jam Paste 185g" name="quantity" id="catEntry_411056_qty" value="1" maxlength="2" size="2" class="v-mandatory v-numeric v-minval-1">
	        <button role="button" type="submit" title="Add to trolley&nbsp;Ayam Chilli Jam Paste 185g" class="btn-red action-addToTrolley"><span role="presentation" aria-hidden="true">Add to trolley</span></button>
		
		</div>
	</div>
	<div class="lists">
		
	</div>


	    <div class="actions">
	        			
			   <div class="MUItemForTrolleyDiv MUItemForTrolley_411257" data-catentry="411257">
		         <div class="MUul_411257"><div class="MUli_411257 hidden" aria-hidden="true"><span class="inTrolley"><span class="MUSpan_411257">0</span> in trolley</span></div></div>
		       </div>
		        <p class="clear"></p>
			 
			<div class="member-usuals-remove">
				<a href="#" class="action-removeFromUsuals usuals-remove">Remove from list <span class="accessibility">Ayam Chilli Jam Paste 185g</span></a>			
			</div>
			
				<div class="list">
					<a href="#" class="action-addToList action-list-add">Add to list <span class="accessibility">Ayam Chilli Jam Paste 185g</span></a> 
				</div>
				<div class="member-list-add">
					<a href="#" class="action-addToList action-list-add">Add to another list <span class="accessibility">Ayam Chilli Jam Paste 185g</span></a>
				</div>
			
			<div class="member-list-remove">
				 <a href="#" class="action-removeFromList">Remove from list <span class="accessibility">Ayam Chilli Jam Paste 185g</span></a> 
			</div>
			
				<div class="compareProd" role="presentation" aria-hidden="true">
					<a href="#" class="compare compare-add">Compare</a>
				</div>
			
				<a href="http://shop.coles.com.au/online/national/ayam-chilli-jam-paste" class="product-url accessibility">More details for Ayam&nbsp;Chilli Jam Paste</a>
			
		</div>  
      

       	
		    <div role="presentation" aria-hidden="true" id="share" class="share" data-social="{productImgUrl:'http://shop.coles.com.au:27900/wcsstore/Coles-CAS/images/2/0/0/2005457-th.jpg'
	                                               ,productDisplayUrl:'http://shop.coles.com.au/online/national/ayam-chilli-jam-paste'
	                                               ,title:'Ayam Chilli Jam Paste '
	                                               ,description:''}">
		 	</div>
 		
	</div>
</div>


	</form>
</div>


<span class="available hidden"></span>


<div class="outer-prod prodtile" data-refresh="{
					catalogId: &quot;10576&quot;,
					doInventory: &quot;N&quot;,
					fulfillmentCenterId: &quot;11576&quot;,
					forStoreId: &quot;10401&quot;,
					
					productDisplayURL: &quot;http://shop.coles.com.au/online/national/ayam-thai-yellow-curry-paste&quot;				
			}">
	<form id="catEntryForm_422506" name="catEntryForm_422506" action="AjaxOrderChangeServiceItemAdd">
		
<div class=" " data-catentry="catEntry_422506" data-refresh="{
				addCalculationUsage: &quot;-1&quot;,
				langId: &quot;-1&quot;,
				storeId: &quot;10601&quot;, 
				catEntryId: &quot;422506&quot;, 
				catEntryName: &quot;Thai Yellow Curry Paste&quot;, 
				productView: &quot;list&quot;,
				productId: &quot;422506&quot;,
				itemId: &quot;422533&quot;,
				hideMultibuy: &quot;false&quot;,
                ticketType: &quot;&quot;,
                partNumber: &quot;2001423&quot;,
                offerCode: &quot;20141217&quot;
		}">
   	<div class="wrapper clearfix">   	
		

<h4 class="accessibility" id="heading_422506" tabindex="-1">
		Ayam&nbsp;Thai Yellow Curry Paste&nbsp;
		185g&nbsp;
		 
</h4> 

<div class="offer-icon"></div>
<a role="presentation" aria-hidden="true" class="product-url" href="http://shop.coles.com.au/online/national/ayam-thai-yellow-curry-paste">
	    <img role="presentation" aria-hidden="true" class="photo" src="/wcsstore/Coles-CAS/images/2/0/0/2001423-th.jpg" onerror="this.src='/wcsstore/ColesStorefrontAssetStore/dist/e0a775baf05f/images/spacer.gif'" alt="Thai Yellow Curry Paste" width="110" height="110">
	</a>

<div class="detail">	
    <span role="presentation" aria-hidden="true" class="brand">Ayam</span>
    <span class="item" role="presentation" aria-hidden="true">
        <a role="presentation" aria-hidden="true" class="product-url" href="http://shop.coles.com.au/online/national/ayam-thai-yellow-curry-paste">
        	Thai Yellow Curry Paste&nbsp;
        	185g
        </a>
    </span>
	<span class="size">
			
 	</span>
</div>


	<div class="purchasing">	    
	    <div class="saving">
	    	
	    </div>
	   	
	    		<div class="price"><span class="accessibility">Purchase price </span><small>$</small>3.62</div>
	    	
	    <div class="unit-price"><span class="accessibility">Unit price </span>$1.96 per 100G</div>
	    <div class="special-offer">	    	
	    	
	    </div> 
	    <div class="availability">Temporarily unavailable</div>
	    <div class="purchase">
		
			<input type="number" title="Add Quantity for Ayam Thai Yellow Curry Paste 185g" name="quantity" id="catEntry_422506_qty" value="1" maxlength="2" size="2" class="v-mandatory v-numeric v-minval-1">
	        <button role="button" type="submit" title="Add to trolley&nbsp;Ayam Thai Yellow Curry Paste 185g" class="btn-red action-addToTrolley"><span role="presentation" aria-hidden="true">Add to trolley</span></button>
		
		</div>
	</div>
	<div class="lists">
		
	</div>


	    <div class="actions">
	        			
			   <div class="MUItemForTrolleyDiv MUItemForTrolley_422533" data-catentry="422533">
		         <div class="MUul_422533"><div class="MUli_422533 hidden" aria-hidden="true"><span class="inTrolley"><span class="MUSpan_422533">0</span> in trolley</span></div></div>
		       </div>
		        <p class="clear"></p>
			 
			<div class="member-usuals-remove">
				<a href="#" class="action-removeFromUsuals usuals-remove">Remove from list <span class="accessibility">Ayam Thai Yellow Curry Paste 185g</span></a>			
			</div>
			
				<div class="list">
					<a href="#" class="action-addToList action-list-add">Add to list <span class="accessibility">Ayam Thai Yellow Curry Paste 185g</span></a> 
				</div>
				<div class="member-list-add">
					<a href="#" class="action-addToList action-list-add">Add to another list <span class="accessibility">Ayam Thai Yellow Curry Paste 185g</span></a>
				</div>
			
			<div class="member-list-remove">
				 <a href="#" class="action-removeFromList">Remove from list <span class="accessibility">Ayam Thai Yellow Curry Paste 185g</span></a> 
			</div>
			
				<div class="compareProd" role="presentation" aria-hidden="true">
					<a href="#" class="compare compare-add">Compare</a>
				</div>
			
				<a href="http://shop.coles.com.au/online/national/ayam-thai-yellow-curry-paste" class="product-url accessibility">More details for Ayam&nbsp;Thai Yellow Curry Paste</a>
			
		</div>  
      

       	
		    <div role="presentation" aria-hidden="true" id="share" class="share" data-social="{productImgUrl:'http://shop.coles.com.au:27900/wcsstore/Coles-CAS/images/2/0/0/2001423-th.jpg'
	                                               ,productDisplayUrl:'http://shop.coles.com.au/online/national/ayam-thai-yellow-curry-paste'
	                                               ,title:'Ayam Thai Yellow Curry Paste '
	                                               ,description:''}">
		 	</div>
 		
	</div>
</div>


	</form>
</div>


<span class="available hidden"></span>


<div class="outer-prod prodtile" data-refresh="{
					catalogId: &quot;10576&quot;,
					doInventory: &quot;N&quot;,
					fulfillmentCenterId: &quot;11576&quot;,
					forStoreId: &quot;10401&quot;,
					
					productDisplayURL: &quot;http://shop.coles.com.au/online/national/ayam-thai-panang-paste&quot;				
			}">
	<form id="catEntryForm_422515" name="catEntryForm_422515" action="AjaxOrderChangeServiceItemAdd">
		
<div class=" " data-catentry="catEntry_422515" data-refresh="{
				addCalculationUsage: &quot;-1&quot;,
				langId: &quot;-1&quot;,
				storeId: &quot;10601&quot;, 
				catEntryId: &quot;422515&quot;, 
				catEntryName: &quot;Thai Panang Paste&quot;, 
				productView: &quot;list&quot;,
				productId: &quot;422515&quot;,
				itemId: &quot;422543&quot;,
				hideMultibuy: &quot;false&quot;,
                ticketType: &quot;&quot;,
                partNumber: &quot;2001434&quot;,
                offerCode: &quot;20141217&quot;
		}">
   	<div class="wrapper clearfix">   	
		

<h4 class="accessibility" id="heading_422515" tabindex="-1">
		Ayam&nbsp;Thai Panang Paste&nbsp;
		195g&nbsp;
		 
</h4> 

<div class="offer-icon"></div>
<a role="presentation" aria-hidden="true" class="product-url" href="http://shop.coles.com.au/online/national/ayam-thai-panang-paste">
	    <img role="presentation" aria-hidden="true" class="photo" src="/wcsstore/Coles-CAS/images/2/0/0/2001434-th.jpg" onerror="this.src='/wcsstore/ColesStorefrontAssetStore/dist/e0a775baf05f/images/spacer.gif'" alt="Thai Panang Paste" width="110" height="110">
	</a>

<div class="detail">	
    <span role="presentation" aria-hidden="true" class="brand">Ayam</span>
    <span class="item" role="presentation" aria-hidden="true">
        <a role="presentation" aria-hidden="true" class="product-url" href="http://shop.coles.com.au/online/national/ayam-thai-panang-paste">
        	Thai Panang Paste&nbsp;
        	195g
        </a>
    </span>
	<span class="size">
			
 	</span>
</div>


	<div class="purchasing">	    
	    <div class="saving">
	    	
	    </div>
	   	
	    		<div class="price"><span class="accessibility">Purchase price </span><small>$</small>3.62</div>
	    	
	    <div class="unit-price"><span class="accessibility">Unit price </span>$1.86 per 100G</div>
	    <div class="special-offer">	    	
	    	
	    </div> 
	    <div class="availability">Temporarily unavailable</div>
	    <div class="purchase">
		
			<input type="number" title="Add Quantity for Ayam Thai Panang Paste 195g" name="quantity" id="catEntry_422515_qty" value="1" maxlength="2" size="2" class="v-mandatory v-numeric v-minval-1">
	        <button role="button" type="submit" title="Add to trolley&nbsp;Ayam Thai Panang Paste 195g" class="btn-red action-addToTrolley"><span role="presentation" aria-hidden="true">Add to trolley</span></button>
		
		</div>
	</div>
	<div class="lists">
		
	</div>


	    <div class="actions">
	        			
			   <div class="MUItemForTrolleyDiv MUItemForTrolley_422543" data-catentry="422543">
		         <div class="MUul_422543"><div class="MUli_422543 hidden" aria-hidden="true"><span class="inTrolley"><span class="MUSpan_422543">0</span> in trolley</span></div></div>
		       </div>
		        <p class="clear"></p>
			 
			<div class="member-usuals-remove">
				<a href="#" class="action-removeFromUsuals usuals-remove">Remove from list <span class="accessibility">Ayam Thai Panang Paste 195g</span></a>			
			</div>
			
				<div class="list">
					<a href="#" class="action-addToList action-list-add">Add to list <span class="accessibility">Ayam Thai Panang Paste 195g</span></a> 
				</div>
				<div class="member-list-add">
					<a href="#" class="action-addToList action-list-add">Add to another list <span class="accessibility">Ayam Thai Panang Paste 195g</span></a>
				</div>
			
			<div class="member-list-remove">
				 <a href="#" class="action-removeFromList">Remove from list <span class="accessibility">Ayam Thai Panang Paste 195g</span></a> 
			</div>
			
				<div class="compareProd" role="presentation" aria-hidden="true">
					<a href="#" class="compare compare-add">Compare</a>
				</div>
			
				<a href="http://shop.coles.com.au/online/national/ayam-thai-panang-paste" class="product-url accessibility">More details for Ayam&nbsp;Thai Panang Paste</a>
			
		</div>  
      

       	
		    <div role="presentation" aria-hidden="true" id="share" class="share" data-social="{productImgUrl:'http://shop.coles.com.au:27900/wcsstore/Coles-CAS/images/2/0/0/2001434-th.jpg'
	                                               ,productDisplayUrl:'http://shop.coles.com.au/online/national/ayam-thai-panang-paste'
	                                               ,title:'Ayam Thai Panang Paste '
	                                               ,description:''}">
		 	</div>
 		
	</div>
</div>


	</form>
</div>


<span class="available hidden"></span>


<div class="outer-prod prodtile" data-refresh="{
					catalogId: &quot;10576&quot;,
					doInventory: &quot;N&quot;,
					fulfillmentCenterId: &quot;11576&quot;,
					forStoreId: &quot;10401&quot;,
					
					productDisplayURL: &quot;http://shop.coles.com.au/online/national/bsc-body-shaping-bars-lo-carb-lemon&quot;				
			}">
	<form id="catEntryForm_52458" name="catEntryForm_52458" action="AjaxOrderChangeServiceItemAdd">
		
<div class=" " data-catentry="catEntry_52458" data-refresh="{
				addCalculationUsage: &quot;-1&quot;,
				langId: &quot;-1&quot;,
				storeId: &quot;10601&quot;, 
				catEntryId: &quot;52458&quot;, 
				catEntryName: &quot;Body Shaping Lo Carb Lemon Meringue Bar&quot;, 
				productView: &quot;list&quot;,
				productId: &quot;52458&quot;,
				itemId: &quot;116869&quot;,
				hideMultibuy: &quot;false&quot;,
                ticketType: &quot;&quot;,
                partNumber: &quot;8655171&quot;,
                offerCode: &quot;20141203&quot;
		}">
   	<div class="wrapper clearfix">   	
		

<h4 class="accessibility" id="heading_52458" tabindex="-1">
		BSC&nbsp;Body Shaping Lo Carb Lemon Meringue Bar&nbsp;
		40g&nbsp;
		 
</h4> 

<div class="offer-icon"></div>
<a role="presentation" aria-hidden="true" class="product-url" href="http://shop.coles.com.au/online/national/bsc-body-shaping-bars-lo-carb-lemon">
	    <img role="presentation" aria-hidden="true" class="photo" src="/wcsstore/Coles-CAS/images/8/6/5/8655171-th.jpg" onerror="this.src='/wcsstore/ColesStorefrontAssetStore/dist/e0a775baf05f/images/spacer.gif'" alt="Body Shaping Lo Carb Lemon Meringue Bar" width="110" height="110">
	</a>

<div class="detail">	
    <span role="presentation" aria-hidden="true" class="brand">BSC</span>
    <span class="item" role="presentation" aria-hidden="true">
        <a role="presentation" aria-hidden="true" class="product-url" href="http://shop.coles.com.au/online/national/bsc-body-shaping-bars-lo-carb-lemon">
        	Body Shaping Lo Carb Lemon Meringue Bar&nbsp;
        	40g
        </a>
    </span>
	<span class="size">
			
 	</span>
</div>


	<div class="purchasing">	    
	    <div class="saving">
	    	
	    </div>
	   	
	    		<div class="price"><span class="accessibility">Purchase price </span><small>$</small>3.85</div>
	    	
	    <div class="unit-price"><span class="accessibility">Unit price </span>$9.63 per 100G</div>
	    <div class="special-offer">	    	
	    	
	    </div> 
	    <div class="availability">Temporarily unavailable</div>
	    <div class="purchase">
		
			<input type="number" title="Add Quantity for BSC Body Shaping Lo Carb Lemon Meringue Bar 40g" name="quantity" id="catEntry_52458_qty" value="1" maxlength="2" size="2" class="v-mandatory v-numeric v-minval-1">
	        <button role="button" type="submit" title="Add to trolley&nbsp;BSC Body Shaping Lo Carb Lemon Meringue Bar 40g" class="btn-red action-addToTrolley"><span role="presentation" aria-hidden="true">Add to trolley</span></button>
		
		</div>
	</div>
	<div class="lists">
		
	</div>


	    <div class="actions">
	        			
			   <div class="MUItemForTrolleyDiv MUItemForTrolley_116869" data-catentry="116869">
		         <div class="MUul_116869"><div class="MUli_116869 hidden" aria-hidden="true"><span class="inTrolley"><span class="MUSpan_116869">0</span> in trolley</span></div></div>
		       </div>
		        <p class="clear"></p>
			 
			<div class="member-usuals-remove">
				<a href="#" class="action-removeFromUsuals usuals-remove">Remove from list <span class="accessibility">BSC Body Shaping Lo Carb Lemon Meringue Bar 40g</span></a>			
			</div>
			
				<div class="list">
					<a href="#" class="action-addToList action-list-add">Add to list <span class="accessibility">BSC Body Shaping Lo Carb Lemon Meringue Bar 40g</span></a> 
				</div>
				<div class="member-list-add">
					<a href="#" class="action-addToList action-list-add">Add to another list <span class="accessibility">BSC Body Shaping Lo Carb Lemon Meringue Bar 40g</span></a>
				</div>
			
			<div class="member-list-remove">
				 <a href="#" class="action-removeFromList">Remove from list <span class="accessibility">BSC Body Shaping Lo Carb Lemon Meringue Bar 40g</span></a> 
			</div>
			
				<div class="compareProd" role="presentation" aria-hidden="true">
					<a href="#" class="compare compare-add">Compare</a>
				</div>
			
				<a href="http://shop.coles.com.au/online/national/bsc-body-shaping-bars-lo-carb-lemon" class="product-url accessibility">More details for BSC&nbsp;Body Shaping Lo Carb Lemon Meringue Bar</a>
			
		</div>  
      

       	
		    <div role="presentation" aria-hidden="true" id="share" class="share" data-social="{productImgUrl:'http://shop.coles.com.au:27900/wcsstore/Coles-CAS/images/8/6/5/8655171-th.jpg'
	                                               ,productDisplayUrl:'http://shop.coles.com.au/online/national/bsc-body-shaping-bars-lo-carb-lemon'
	                                               ,title:'BSC Body Shaping Lo Carb Lemon Meringue Bar '
	                                               ,description:''}">
		 	</div>
 		
	</div>
</div>


	</form>
</div>


<span class="available hidden"></span>


<div class="outer-prod prodtile" data-refresh="{
					catalogId: &quot;10576&quot;,
					doInventory: &quot;N&quot;,
					fulfillmentCenterId: &quot;11576&quot;,
					forStoreId: &quot;10401&quot;,
					
					productDisplayURL: &quot;http://shop.coles.com.au/online/national/bsc-hydroxyburn-balls-choc-honeycomb&quot;				
			}">
	<form id="catEntryForm_52460" name="catEntryForm_52460" action="AjaxOrderChangeServiceItemAdd">
		
<div class=" " data-catentry="catEntry_52460" data-refresh="{
				addCalculationUsage: &quot;-1&quot;,
				langId: &quot;-1&quot;,
				storeId: &quot;10601&quot;, 
				catEntryId: &quot;52460&quot;, 
				catEntryName: &quot;Hydroxyburn Chocolate Honeycomb Balls&quot;, 
				productView: &quot;list&quot;,
				productId: &quot;52460&quot;,
				itemId: &quot;116180&quot;,
				hideMultibuy: &quot;false&quot;,
                ticketType: &quot;&quot;,
                partNumber: &quot;8655014&quot;,
                offerCode: &quot;20140320&quot;
		}">
   	<div class="wrapper clearfix">   	
		

<h4 class="accessibility" id="heading_52460" tabindex="-1">
		BSC&nbsp;Hydroxyburn Chocolate Honeycomb Balls&nbsp;
		70g&nbsp;
		 
</h4> 

<div class="offer-icon"></div>
<a role="presentation" aria-hidden="true" class="product-url" href="http://shop.coles.com.au/online/national/bsc-hydroxyburn-balls-choc-honeycomb">
	    <img role="presentation" aria-hidden="true" class="photo" src="/wcsstore/Coles-CAS/images/8/6/5/8655014-th.jpg" onerror="this.src='/wcsstore/ColesStorefrontAssetStore/dist/e0a775baf05f/images/spacer.gif'" alt="Hydroxyburn Chocolate Honeycomb Balls" width="110" height="110">
	</a>

<div class="detail">	
    <span role="presentation" aria-hidden="true" class="brand">BSC</span>
    <span class="item" role="presentation" aria-hidden="true">
        <a role="presentation" aria-hidden="true" class="product-url" href="http://shop.coles.com.au/online/national/bsc-hydroxyburn-balls-choc-honeycomb">
        	Hydroxyburn Chocolate Honeycomb Balls&nbsp;
        	70g
        </a>
    </span>
	<span class="size">
			
 	</span>
</div>


	<div class="purchasing">	    
	    <div class="saving">
	    	
	    </div>
	   	
	    		<div class="price"><span class="accessibility">Purchase price </span><small>$</small>4.95</div>
	    	
	    <div class="unit-price"><span class="accessibility">Unit price </span>$7.07 per 100G</div>
	    <div class="special-offer">	    	
	    	
	    </div> 
	    <div class="availability">Temporarily unavailable</div>
	    <div class="purchase">
		
			<input type="number" title="Add Quantity for BSC Hydroxyburn Chocolate Honeycomb Balls 70g" name="quantity" id="catEntry_52460_qty" value="1" maxlength="2" size="2" class="v-mandatory v-numeric v-minval-1">
	        <button role="button" type="submit" title="Add to trolley&nbsp;BSC Hydroxyburn Chocolate Honeycomb Balls 70g" class="btn-red action-addToTrolley"><span role="presentation" aria-hidden="true">Add to trolley</span></button>
		
		</div>
	</div>
	<div class="lists">
		
	</div>


	    <div class="actions">
	        			
			   <div class="MUItemForTrolleyDiv MUItemForTrolley_116180" data-catentry="116180">
		         <div class="MUul_116180"><div class="MUli_116180 hidden" aria-hidden="true"><span class="inTrolley"><span class="MUSpan_116180">0</span> in trolley</span></div></div>
		       </div>
		        <p class="clear"></p>
			 
			<div class="member-usuals-remove">
				<a href="#" class="action-removeFromUsuals usuals-remove">Remove from list <span class="accessibility">BSC Hydroxyburn Chocolate Honeycomb Balls 70g</span></a>			
			</div>
			
				<div class="list">
					<a href="#" class="action-addToList action-list-add">Add to list <span class="accessibility">BSC Hydroxyburn Chocolate Honeycomb Balls 70g</span></a> 
				</div>
				<div class="member-list-add">
					<a href="#" class="action-addToList action-list-add">Add to another list <span class="accessibility">BSC Hydroxyburn Chocolate Honeycomb Balls 70g</span></a>
				</div>
			
			<div class="member-list-remove">
				 <a href="#" class="action-removeFromList">Remove from list <span class="accessibility">BSC Hydroxyburn Chocolate Honeycomb Balls 70g</span></a> 
			</div>
			
				<div class="compareProd" role="presentation" aria-hidden="true">
					<a href="#" class="compare compare-add">Compare</a>
				</div>
			
				<a href="http://shop.coles.com.au/online/national/bsc-hydroxyburn-balls-choc-honeycomb" class="product-url accessibility">More details for BSC&nbsp;Hydroxyburn Chocolate Honeycomb Balls</a>
			
		</div>  
      

       	
		    <div role="presentation" aria-hidden="true" id="share" class="share" data-social="{productImgUrl:'http://shop.coles.com.au:27900/wcsstore/Coles-CAS/images/8/6/5/8655014-th.jpg'
	                                               ,productDisplayUrl:'http://shop.coles.com.au/online/national/bsc-hydroxyburn-balls-choc-honeycomb'
	                                               ,title:'BSC Hydroxyburn Chocolate Honeycomb Balls '
	                                               ,description:'Fat burners and Lipotropics. Vitamin and Mineral Booster. Great Taste'}">
		 	</div>
 		
	</div>
</div>


	</form>
</div>


<span class="available hidden"></span>


<div class="outer-prod prodtile" data-refresh="{
					catalogId: &quot;10576&quot;,
					doInventory: &quot;N&quot;,
					fulfillmentCenterId: &quot;11576&quot;,
					forStoreId: &quot;10401&quot;,
					
					productDisplayURL: &quot;http://shop.coles.com.au/online/national/bsc-protein-bar-cookies-cream&quot;				
			}">
	<form id="catEntryForm_64924" name="catEntryForm_64924" action="AjaxOrderChangeServiceItemAdd">
		
<div class=" " data-catentry="catEntry_64924" data-refresh="{
				addCalculationUsage: &quot;-1&quot;,
				langId: &quot;-1&quot;,
				storeId: &quot;10601&quot;, 
				catEntryId: &quot;64924&quot;, 
				catEntryName: &quot;Cookies &amp; Cream Protein Bar&quot;, 
				productView: &quot;list&quot;,
				productId: &quot;64924&quot;,
				itemId: &quot;132223&quot;,
				hideMultibuy: &quot;false&quot;,
                ticketType: &quot;&quot;,
                partNumber: &quot;7485393&quot;,
                offerCode: &quot;20141203&quot;
		}">
   	<div class="wrapper clearfix">   	
		

<h4 class="accessibility" id="heading_64924" tabindex="-1">
		BSC&nbsp;Cookies &amp; Cream Protein Bar&nbsp;
		65g&nbsp;
		 
</h4> 

<div class="offer-icon"></div>
<a role="presentation" aria-hidden="true" class="product-url" href="http://shop.coles.com.au/online/national/bsc-protein-bar-cookies-cream">
	    <img role="presentation" aria-hidden="true" class="photo" src="/wcsstore/Coles-CAS/images/7/4/8/7485393-th.jpg" onerror="this.src='/wcsstore/ColesStorefrontAssetStore/dist/e0a775baf05f/images/spacer.gif'" alt="Cookies &amp; Cream Protein Bar" width="110" height="110">
	</a>

<div class="detail">	
    <span role="presentation" aria-hidden="true" class="brand">BSC</span>
    <span class="item" role="presentation" aria-hidden="true">
        <a role="presentation" aria-hidden="true" class="product-url" href="http://shop.coles.com.au/online/national/bsc-protein-bar-cookies-cream">
        	Cookies &amp; Cream Protein Bar&nbsp;
        	65g
        </a>
    </span>
	<span class="size">
		High Protein Snack	
 	</span>
</div>


	<div class="purchasing">	    
	    <div class="saving">
	    	
	    </div>
	   	
	    		<div class="price"><span class="accessibility">Purchase price </span><small>$</small>5.49</div>
	    	
	    <div class="unit-price"><span class="accessibility">Unit price </span>$8.45 per 100G</div>
	    <div class="special-offer">	    	
	    	
	    </div> 
	    <div class="availability">Temporarily unavailable</div>
	    <div class="purchase">
		
			<input type="number" title="Add Quantity for BSC Cookies &amp; Cream Protein Bar 65g" name="quantity" id="catEntry_64924_qty" value="1" maxlength="2" size="2" class="v-mandatory v-numeric v-minval-1">
	        <button role="button" type="submit" title="Add to trolley&nbsp;BSC Cookies &amp; Cream Protein Bar 65g" class="btn-red action-addToTrolley"><span role="presentation" aria-hidden="true">Add to trolley</span></button>
		
		</div>
	</div>
	<div class="lists">
		
	</div>


	    <div class="actions">
	        			
			   <div class="MUItemForTrolleyDiv MUItemForTrolley_132223" data-catentry="132223">
		         <div class="MUul_132223"><div class="MUli_132223 hidden" aria-hidden="true"><span class="inTrolley"><span class="MUSpan_132223">0</span> in trolley</span></div></div>
		       </div>
		        <p class="clear"></p>
			 
			<div class="member-usuals-remove">
				<a href="#" class="action-removeFromUsuals usuals-remove">Remove from list <span class="accessibility">BSC Cookies &amp; Cream Protein Bar 65g</span></a>			
			</div>
			
				<div class="list">
					<a href="#" class="action-addToList action-list-add">Add to list <span class="accessibility">BSC Cookies &amp; Cream Protein Bar 65g</span></a> 
				</div>
				<div class="member-list-add">
					<a href="#" class="action-addToList action-list-add">Add to another list <span class="accessibility">BSC Cookies &amp; Cream Protein Bar 65g</span></a>
				</div>
			
			<div class="member-list-remove">
				 <a href="#" class="action-removeFromList">Remove from list <span class="accessibility">BSC Cookies &amp; Cream Protein Bar 65g</span></a> 
			</div>
			
				<div class="compareProd" role="presentation" aria-hidden="true">
					<a href="#" class="compare compare-add">Compare</a>
				</div>
			
				<a href="http://shop.coles.com.au/online/national/bsc-protein-bar-cookies-cream" class="product-url accessibility">More details for BSC&nbsp;Cookies &amp; Cream Protein Bar</a>
			
		</div>  
      

       	
		    <div role="presentation" aria-hidden="true" id="share" class="share" data-social="{productImgUrl:'http://shop.coles.com.au:27900/wcsstore/Coles-CAS/images/7/4/8/7485393-th.jpg'
	                                               ,productDisplayUrl:'http://shop.coles.com.au/online/national/bsc-protein-bar-cookies-cream'
	                                               ,title:'BSC Cookies &amp; Cream Protein Bar High Protein Snack'
	                                               ,description:'High Protein Low Carb Snack'}">
		 	</div>
 		
	</div>
</div>


	</form>
</div>


<span class="available hidden"></span>


<div class="outer-prod prodtile" data-refresh="{
					catalogId: &quot;10576&quot;,
					doInventory: &quot;N&quot;,
					fulfillmentCenterId: &quot;11576&quot;,
					forStoreId: &quot;10401&quot;,
					
					productDisplayURL: &quot;http://shop.coles.com.au/online/national/bsc-hydroxyburn-balls-cookies-cream&quot;				
			}">
	<form id="catEntryForm_97227" name="catEntryForm_97227" action="AjaxOrderChangeServiceItemAdd">
		
<div class=" " data-catentry="catEntry_97227" data-refresh="{
				addCalculationUsage: &quot;-1&quot;,
				langId: &quot;-1&quot;,
				storeId: &quot;10601&quot;, 
				catEntryId: &quot;97227&quot;, 
				catEntryName: &quot;Hydroxyburn Cookies &amp; Cream Balls&quot;, 
				productView: &quot;list&quot;,
				productId: &quot;97227&quot;,
				itemId: &quot;152347&quot;,
				hideMultibuy: &quot;false&quot;,
                ticketType: &quot;&quot;,
                partNumber: &quot;9913079&quot;,
                offerCode: &quot;20140320&quot;
		}">
   	<div class="wrapper clearfix">   	
		

<h4 class="accessibility" id="heading_97227" tabindex="-1">
		BSC&nbsp;Hydroxyburn Cookies &amp; Cream Balls&nbsp;
		70g&nbsp;
		 
</h4> 

<div class="offer-icon"></div>
<a role="presentation" aria-hidden="true" class="product-url" href="http://shop.coles.com.au/online/national/bsc-hydroxyburn-balls-cookies-cream">
	    <img role="presentation" aria-hidden="true" class="photo" src="/wcsstore/Coles-CAS/images/9/9/1/9913079-th.jpg" onerror="this.src='/wcsstore/ColesStorefrontAssetStore/dist/e0a775baf05f/images/spacer.gif'" alt="Hydroxyburn Cookies &amp; Cream Balls" width="110" height="110">
	</a>

<div class="detail">	
    <span role="presentation" aria-hidden="true" class="brand">BSC</span>
    <span class="item" role="presentation" aria-hidden="true">
        <a role="presentation" aria-hidden="true" class="product-url" href="http://shop.coles.com.au/online/national/bsc-hydroxyburn-balls-cookies-cream">
        	Hydroxyburn Cookies &amp; Cream Balls&nbsp;
        	70g
        </a>
    </span>
	<span class="size">
			
 	</span>
</div>


	<div class="purchasing">	    
	    <div class="saving">
	    	
	    </div>
	   	
	    		<div class="price"><span class="accessibility">Purchase price </span><small>$</small>4.95</div>
	    	
	    <div class="unit-price"><span class="accessibility">Unit price </span>$7.07 per 100G</div>
	    <div class="special-offer">	    	
	    	
	    </div> 
	    <div class="availability">Temporarily unavailable</div>
	    <div class="purchase">
		
			<input type="number" title="Add Quantity for BSC Hydroxyburn Cookies &amp; Cream Balls 70g" name="quantity" id="catEntry_97227_qty" value="1" maxlength="2" size="2" class="v-mandatory v-numeric v-minval-1">
	        <button role="button" type="submit" title="Add to trolley&nbsp;BSC Hydroxyburn Cookies &amp; Cream Balls 70g" class="btn-red action-addToTrolley"><span role="presentation" aria-hidden="true">Add to trolley</span></button>
		
		</div>
	</div>
	<div class="lists">
		
	</div>


	    <div class="actions">
	        			
			   <div class="MUItemForTrolleyDiv MUItemForTrolley_152347" data-catentry="152347">
		         <div class="MUul_152347"><div class="MUli_152347 hidden" aria-hidden="true"><span class="inTrolley"><span class="MUSpan_152347">0</span> in trolley</span></div></div>
		       </div>
		        <p class="clear"></p>
			 
			<div class="member-usuals-remove">
				<a href="#" class="action-removeFromUsuals usuals-remove">Remove from list <span class="accessibility">BSC Hydroxyburn Cookies &amp; Cream Balls 70g</span></a>			
			</div>
			
				<div class="list">
					<a href="#" class="action-addToList action-list-add">Add to list <span class="accessibility">BSC Hydroxyburn Cookies &amp; Cream Balls 70g</span></a> 
				</div>
				<div class="member-list-add">
					<a href="#" class="action-addToList action-list-add">Add to another list <span class="accessibility">BSC Hydroxyburn Cookies &amp; Cream Balls 70g</span></a>
				</div>
			
			<div class="member-list-remove">
				 <a href="#" class="action-removeFromList">Remove from list <span class="accessibility">BSC Hydroxyburn Cookies &amp; Cream Balls 70g</span></a> 
			</div>
			
				<div class="compareProd" role="presentation" aria-hidden="true">
					<a href="#" class="compare compare-add">Compare</a>
				</div>
			
				<a href="http://shop.coles.com.au/online/national/bsc-hydroxyburn-balls-cookies-cream" class="product-url accessibility">More details for BSC&nbsp;Hydroxyburn Cookies &amp; Cream Balls</a>
			
		</div>  
      

       	
		    <div role="presentation" aria-hidden="true" id="share" class="share" data-social="{productImgUrl:'http://shop.coles.com.au:27900/wcsstore/Coles-CAS/images/9/9/1/9913079-th.jpg'
	                                               ,productDisplayUrl:'http://shop.coles.com.au/online/national/bsc-hydroxyburn-balls-cookies-cream'
	                                               ,title:'BSC Hydroxyburn Cookies &amp; Cream Balls '
	                                               ,description:''}">
		 	</div>
 		
	</div>
</div>


	</form>
</div>


<span class="available hidden"></span>


<div class="outer-prod prodtile" data-refresh="{
					catalogId: &quot;10576&quot;,
					doInventory: &quot;N&quot;,
					fulfillmentCenterId: &quot;11576&quot;,
					forStoreId: &quot;10401&quot;,
					
					productDisplayURL: &quot;http://shop.coles.com.au/online/national/bsc--chocolate-caramel-peanut-slice-protein-bar&quot;				
			}">
	<form id="catEntryForm_365053" name="catEntryForm_365053" action="AjaxOrderChangeServiceItemAdd">
		
<div class=" " data-catentry="catEntry_365053" data-refresh="{
				addCalculationUsage: &quot;-1&quot;,
				langId: &quot;-1&quot;,
				storeId: &quot;10601&quot;, 
				catEntryId: &quot;365053&quot;, 
				catEntryName: &quot;Chocolate Caramel Peanut Slice Protein Bar&quot;, 
				productView: &quot;list&quot;,
				productId: &quot;365053&quot;,
				itemId: &quot;365118&quot;,
				hideMultibuy: &quot;false&quot;,
                ticketType: &quot;&quot;,
                partNumber: &quot;1735352&quot;,
                offerCode: &quot;20141203&quot;
		}">
   	<div class="wrapper clearfix">   	
		

<h4 class="accessibility" id="heading_365053" tabindex="-1">
		BSC &nbsp;Chocolate Caramel Peanut Slice Protein Bar&nbsp;
		65g&nbsp;
		 
</h4> 

<div class="offer-icon"></div>
<a role="presentation" aria-hidden="true" class="product-url" href="http://shop.coles.com.au/online/national/bsc--chocolate-caramel-peanut-slice-protein-bar">
	    <img role="presentation" aria-hidden="true" class="photo" src="/wcsstore/Coles-CAS/images/1/7/3/1735352-th.jpg" onerror="this.src='/wcsstore/ColesStorefrontAssetStore/dist/e0a775baf05f/images/spacer.gif'" alt="Chocolate Caramel Peanut Slice Protein Bar" width="110" height="110">
	</a>

<div class="detail">	
    <span role="presentation" aria-hidden="true" class="brand">BSC </span>
    <span class="item" role="presentation" aria-hidden="true">
        <a role="presentation" aria-hidden="true" class="product-url" href="http://shop.coles.com.au/online/national/bsc--chocolate-caramel-peanut-slice-protein-bar">
        	Chocolate Caramel Peanut Slice Protein Bar&nbsp;
        	65g
        </a>
    </span>
	<span class="size">
			
 	</span>
</div>


	<div class="purchasing">	    
	    <div class="saving">
	    	
	    </div>
	   	
	    		<div class="price"><span class="accessibility">Purchase price </span><small>$</small>5.49</div>
	    	
	    <div class="unit-price"><span class="accessibility">Unit price </span>$8.45 per 100G</div>
	    <div class="special-offer">	    	
	    	
	    </div> 
	    <div class="availability">Temporarily unavailable</div>
	    <div class="purchase">
		
			<input type="number" title="Add Quantity for BSC  Chocolate Caramel Peanut Slice Protein Bar 65g" name="quantity" id="catEntry_365053_qty" value="1" maxlength="2" size="2" class="v-mandatory v-numeric v-minval-1">
	        <button role="button" type="submit" title="Add to trolley&nbsp;BSC  Chocolate Caramel Peanut Slice Protein Bar 65g" class="btn-red action-addToTrolley"><span role="presentation" aria-hidden="true">Add to trolley</span></button>
		
		</div>
	</div>
	<div class="lists">
		
	</div>


	    <div class="actions">
	        			
			   <div class="MUItemForTrolleyDiv MUItemForTrolley_365118" data-catentry="365118">
		         <div class="MUul_365118"><div class="MUli_365118 hidden" aria-hidden="true"><span class="inTrolley"><span class="MUSpan_365118">0</span> in trolley</span></div></div>
		       </div>
		        <p class="clear"></p>
			 
			<div class="member-usuals-remove">
				<a href="#" class="action-removeFromUsuals usuals-remove">Remove from list <span class="accessibility">BSC  Chocolate Caramel Peanut Slice Protein Bar 65g</span></a>			
			</div>
			
				<div class="list">
					<a href="#" class="action-addToList action-list-add">Add to list <span class="accessibility">BSC  Chocolate Caramel Peanut Slice Protein Bar 65g</span></a> 
				</div>
				<div class="member-list-add">
					<a href="#" class="action-addToList action-list-add">Add to another list <span class="accessibility">BSC  Chocolate Caramel Peanut Slice Protein Bar 65g</span></a>
				</div>
			
			<div class="member-list-remove">
				 <a href="#" class="action-removeFromList">Remove from list <span class="accessibility">BSC  Chocolate Caramel Peanut Slice Protein Bar 65g</span></a> 
			</div>
			
				<div class="compareProd" role="presentation" aria-hidden="true">
					<a href="#" class="compare compare-add">Compare</a>
				</div>
			
				<a href="http://shop.coles.com.au/online/national/bsc--chocolate-caramel-peanut-slice-protein-bar" class="product-url accessibility">More details for BSC &nbsp;Chocolate Caramel Peanut Slice Protein Bar</a>
			
		</div>  
      

       	
		    <div role="presentation" aria-hidden="true" id="share" class="share" data-social="{productImgUrl:'http://shop.coles.com.au:27900/wcsstore/Coles-CAS/images/1/7/3/1735352-th.jpg'
	                                               ,productDisplayUrl:'http://shop.coles.com.au/online/national/bsc--chocolate-caramel-peanut-slice-protein-bar'
	                                               ,title:'BSC  Chocolate Caramel Peanut Slice Protein Bar '
	                                               ,description:''}">
		 	</div>
 		
	</div>
</div>


	</form>
</div>


<span class="available hidden"></span>


<div class="outer-prod prodtile" data-refresh="{
					catalogId: &quot;10576&quot;,
					doInventory: &quot;N&quot;,
					fulfillmentCenterId: &quot;11576&quot;,
					forStoreId: &quot;10401&quot;,
					
					productDisplayURL: &quot;http://shop.coles.com.au/online/national/bsc-body-science-choc-salted-caramel-high-protein-stix&quot;				
			}">
	<form id="catEntryForm_418522" name="catEntryForm_418522" action="AjaxOrderChangeServiceItemAdd">
		
<div class=" " data-catentry="catEntry_418522" data-refresh="{
				addCalculationUsage: &quot;-1&quot;,
				langId: &quot;-1&quot;,
				storeId: &quot;10601&quot;, 
				catEntryId: &quot;418522&quot;, 
				catEntryName: &quot;Body Science Choc Salted Caramel High Protein Stix&quot;, 
				productView: &quot;list&quot;,
				productId: &quot;418522&quot;,
				itemId: &quot;418619&quot;,
				hideMultibuy: &quot;false&quot;,
                ticketType: &quot;&quot;,
                partNumber: &quot;2031162&quot;,
                offerCode: &quot;20141203&quot;
		}">
   	<div class="wrapper clearfix">   	
		

<h4 class="accessibility" id="heading_418522" tabindex="-1">
		BSC&nbsp;Body Science Choc Salted Caramel High Protein Stix&nbsp;
		120g&nbsp;
		 
</h4> 

<div class="offer-icon"></div>
<a role="presentation" aria-hidden="true" class="product-url" href="http://shop.coles.com.au/online/national/bsc-body-science-choc-salted-caramel-high-protein-stix">
	    <img role="presentation" aria-hidden="true" class="photo" src="/wcsstore/Coles-CAS/images/2/0/3/2031162-th.jpg" onerror="this.src='/wcsstore/ColesStorefrontAssetStore/dist/e0a775baf05f/images/spacer.gif'" alt="Body Science Choc Salted Caramel High Protein Stix" width="110" height="110">
	</a>

<div class="detail">	
    <span role="presentation" aria-hidden="true" class="brand">BSC</span>
    <span class="item" role="presentation" aria-hidden="true">
        <a role="presentation" aria-hidden="true" class="product-url" href="http://shop.coles.com.au/online/national/bsc-body-science-choc-salted-caramel-high-protein-stix">
        	Body Science Choc Salted Caramel High Protein Stix&nbsp;
        	120g
        </a>
    </span>
	<span class="size">
			
 	</span>
</div>


	<div class="purchasing">	    
	    <div class="saving">
	    	
	    </div>
	   	
	    		<div class="price"><span class="accessibility">Purchase price </span><small>$</small>9.85</div>
	    	
	    <div class="unit-price"><span class="accessibility">Unit price </span>$8.21 per 100G</div>
	    <div class="special-offer">	    	
	    	
	    </div> 
	    <div class="availability">Temporarily unavailable</div>
	    <div class="purchase">
		
			<input type="number" title="Add Quantity for BSC Body Science Choc Salted Caramel High Protein Stix 120g" name="quantity" id="catEntry_418522_qty" value="1" maxlength="2" size="2" class="v-mandatory v-numeric v-minval-1">
	        <button role="button" type="submit" title="Add to trolley&nbsp;BSC Body Science Choc Salted Caramel High Protein Stix 120g" class="btn-red action-addToTrolley"><span role="presentation" aria-hidden="true">Add to trolley</span></button>
		
		</div>
	</div>
	<div class="lists">
		
	</div>


	    <div class="actions">
	        			
			   <div class="MUItemForTrolleyDiv MUItemForTrolley_418619" data-catentry="418619">
		         <div class="MUul_418619"><div class="MUli_418619 hidden" aria-hidden="true"><span class="inTrolley"><span class="MUSpan_418619">0</span> in trolley</span></div></div>
		       </div>
		        <p class="clear"></p>
			 
			<div class="member-usuals-remove">
				<a href="#" class="action-removeFromUsuals usuals-remove">Remove from list <span class="accessibility">BSC Body Science Choc Salted Caramel High Protein Stix 120g</span></a>			
			</div>
			
				<div class="list">
					<a href="#" class="action-addToList action-list-add">Add to list <span class="accessibility">BSC Body Science Choc Salted Caramel High Protein Stix 120g</span></a> 
				</div>
				<div class="member-list-add">
					<a href="#" class="action-addToList action-list-add">Add to another list <span class="accessibility">BSC Body Science Choc Salted Caramel High Protein Stix 120g</span></a>
				</div>
			
			<div class="member-list-remove">
				 <a href="#" class="action-removeFromList">Remove from list <span class="accessibility">BSC Body Science Choc Salted Caramel High Protein Stix 120g</span></a> 
			</div>
			
				<div class="compareProd" role="presentation" aria-hidden="true">
					<a href="#" class="compare compare-add">Compare</a>
				</div>
			
				<a href="http://shop.coles.com.au/online/national/bsc-body-science-choc-salted-caramel-high-protein-stix" class="product-url accessibility">More details for BSC&nbsp;Body Science Choc Salted Caramel High Protein Stix</a>
			
		</div>  
      

       	
		    <div role="presentation" aria-hidden="true" id="share" class="share" data-social="{productImgUrl:'http://shop.coles.com.au:27900/wcsstore/Coles-CAS/images/2/0/3/2031162-th.jpg'
	                                               ,productDisplayUrl:'http://shop.coles.com.au/online/national/bsc-body-science-choc-salted-caramel-high-protein-stix'
	                                               ,title:'BSC Body Science Choc Salted Caramel High Protein Stix '
	                                               ,description:''}">
		 	</div>
 		
	</div>
</div>


	</form>
</div>


<span class="available hidden"></span>


<div class="outer-prod prodtile" data-refresh="{
					catalogId: &quot;10576&quot;,
					doInventory: &quot;N&quot;,
					fulfillmentCenterId: &quot;11576&quot;,
					forStoreId: &quot;10401&quot;,
					
					productDisplayURL: &quot;http://shop.coles.com.au/online/national/bsc-body-low-carb-choc-chia-bites&quot;				
			}">
	<form id="catEntryForm_418524" name="catEntryForm_418524" action="AjaxOrderChangeServiceItemAdd">
		
<div class=" " data-catentry="catEntry_418524" data-refresh="{
				addCalculationUsage: &quot;-1&quot;,
				langId: &quot;-1&quot;,
				storeId: &quot;10601&quot;, 
				catEntryId: &quot;418524&quot;, 
				catEntryName: &quot;Body Low Carb Choc Chia Bites&quot;, 
				productView: &quot;list&quot;,
				productId: &quot;418524&quot;,
				itemId: &quot;418621&quot;,
				hideMultibuy: &quot;false&quot;,
                ticketType: &quot;&quot;,
                partNumber: &quot;2021282&quot;,
                offerCode: &quot;20150130&quot;
		}">
   	<div class="wrapper clearfix">   	
		

<h4 class="accessibility" id="heading_418524" tabindex="-1">
		BSC&nbsp;Body Low Carb Choc Chia Bites&nbsp;
		30g&nbsp;
		 
</h4> 

<div class="offer-icon"></div>
<a role="presentation" aria-hidden="true" class="product-url" href="http://shop.coles.com.au/online/national/bsc-body-low-carb-choc-chia-bites">
	    <img role="presentation" aria-hidden="true" class="photo" src="/wcsstore/Coles-CAS/images/2/0/2/2021282-th.jpg" onerror="this.src='/wcsstore/ColesStorefrontAssetStore/dist/e0a775baf05f/images/spacer.gif'" alt="Body Low Carb Choc Chia Bites" width="110" height="110">
	</a>

<div class="detail">	
    <span role="presentation" aria-hidden="true" class="brand">BSC</span>
    <span class="item" role="presentation" aria-hidden="true">
        <a role="presentation" aria-hidden="true" class="product-url" href="http://shop.coles.com.au/online/national/bsc-body-low-carb-choc-chia-bites">
        	Body Low Carb Choc Chia Bites&nbsp;
        	30g
        </a>
    </span>
	<span class="size">
			
 	</span>
</div>


	<div class="purchasing">	    
	    <div class="saving">
	    	
	    </div>
	   	
	    		<div class="price"><span class="accessibility">Purchase price </span><small>$</small>3.30</div>
	    	
	    <div class="unit-price"><span class="accessibility">Unit price </span>$11.00 per 100G</div>
	    <div class="special-offer">	    	
	    	
	    </div> 
	    <div class="availability">Temporarily unavailable</div>
	    <div class="purchase">
		
			<input type="number" title="Add Quantity for BSC Body Low Carb Choc Chia Bites 30g" name="quantity" id="catEntry_418524_qty" value="1" maxlength="2" size="2" class="v-mandatory v-numeric v-minval-1">
	        <button role="button" type="submit" title="Add to trolley&nbsp;BSC Body Low Carb Choc Chia Bites 30g" class="btn-red action-addToTrolley"><span role="presentation" aria-hidden="true">Add to trolley</span></button>
		
		</div>
	</div>
	<div class="lists">
		
	</div>


	    <div class="actions">
	        			
			   <div class="MUItemForTrolleyDiv MUItemForTrolley_418621" data-catentry="418621">
		         <div class="MUul_418621"><div class="MUli_418621 hidden" aria-hidden="true"><span class="inTrolley"><span class="MUSpan_418621">0</span> in trolley</span></div></div>
		       </div>
		        <p class="clear"></p>
			 
			<div class="member-usuals-remove">
				<a href="#" class="action-removeFromUsuals usuals-remove">Remove from list <span class="accessibility">BSC Body Low Carb Choc Chia Bites 30g</span></a>			
			</div>
			
				<div class="list">
					<a href="#" class="action-addToList action-list-add">Add to list <span class="accessibility">BSC Body Low Carb Choc Chia Bites 30g</span></a> 
				</div>
				<div class="member-list-add">
					<a href="#" class="action-addToList action-list-add">Add to another list <span class="accessibility">BSC Body Low Carb Choc Chia Bites 30g</span></a>
				</div>
			
			<div class="member-list-remove">
				 <a href="#" class="action-removeFromList">Remove from list <span class="accessibility">BSC Body Low Carb Choc Chia Bites 30g</span></a> 
			</div>
			
				<div class="compareProd" role="presentation" aria-hidden="true">
					<a href="#" class="compare compare-add">Compare</a>
				</div>
			
				<a href="http://shop.coles.com.au/online/national/bsc-body-low-carb-choc-chia-bites" class="product-url accessibility">More details for BSC&nbsp;Body Low Carb Choc Chia Bites</a>
			
		</div>  
      

       	
		    <div role="presentation" aria-hidden="true" id="share" class="share" data-social="{productImgUrl:'http://shop.coles.com.au:27900/wcsstore/Coles-CAS/images/2/0/2/2021282-th.jpg'
	                                               ,productDisplayUrl:'http://shop.coles.com.au/online/national/bsc-body-low-carb-choc-chia-bites'
	                                               ,title:'BSC Body Low Carb Choc Chia Bites '
	                                               ,description:''}">
		 	</div>
 		
	</div>
</div>


	</form>
</div>


<span class="available hidden"></span>


<div class="outer-prod prodtile" data-refresh="{
					catalogId: &quot;10576&quot;,
					doInventory: &quot;N&quot;,
					fulfillmentCenterId: &quot;11576&quot;,
					forStoreId: &quot;10401&quot;,
					
					productDisplayURL: &quot;http://shop.coles.com.au/online/national/baci-chocolate-bag-hazelnut&quot;				
			}">
	<form id="catEntryForm_21491" name="catEntryForm_21491" action="AjaxOrderChangeServiceItemAdd">
		
<div class=" " data-catentry="catEntry_21491" data-refresh="{
				addCalculationUsage: &quot;-1&quot;,
				langId: &quot;-1&quot;,
				storeId: &quot;10601&quot;, 
				catEntryId: &quot;21491&quot;, 
				catEntryName: &quot;Hazelnut Chocolate Bag&quot;, 
				productView: &quot;list&quot;,
				productId: &quot;21491&quot;,
				itemId: &quot;39860&quot;,
				hideMultibuy: &quot;false&quot;,
                ticketType: &quot;&quot;,
                partNumber: &quot;1137918&quot;,
                offerCode: &quot;20140804&quot;
		}">
   	<div class="wrapper clearfix">   	
		

<h4 class="accessibility" id="heading_21491" tabindex="-1">
		Baci&nbsp;Hazelnut Chocolate Bag&nbsp;
		143g&nbsp;
		 
</h4> 

<div class="offer-icon"></div>
<a role="presentation" aria-hidden="true" class="product-url" href="http://shop.coles.com.au/online/national/baci-chocolate-bag-hazelnut">
	    <img role="presentation" aria-hidden="true" class="photo" src="/wcsstore/Coles-CAS/images/1/1/3/1137918-th.jpg" onerror="this.src='/wcsstore/ColesStorefrontAssetStore/dist/e0a775baf05f/images/spacer.gif'" alt="Hazelnut Chocolate Bag" width="110" height="110">
	</a>

<div class="detail">	
    <span role="presentation" aria-hidden="true" class="brand">Baci</span>
    <span class="item" role="presentation" aria-hidden="true">
        <a role="presentation" aria-hidden="true" class="product-url" href="http://shop.coles.com.au/online/national/baci-chocolate-bag-hazelnut">
        	Hazelnut Chocolate Bag&nbsp;
        	143g
        </a>
    </span>
	<span class="size">
			
 	</span>
</div>


	<div class="purchasing">	    
	    <div class="saving">
	    	
	    </div>
	   	
	    		<div class="price"><span class="accessibility">Purchase price </span><small>$</small>6.93</div>
	    	
	    <div class="unit-price"><span class="accessibility">Unit price </span>$4.85 per 100G</div>
	    <div class="special-offer">	    	
	    	
	    </div> 
	    <div class="availability">Temporarily unavailable</div>
	    <div class="purchase">
		
			<input type="number" title="Add Quantity for Baci Hazelnut Chocolate Bag 143g" name="quantity" id="catEntry_21491_qty" value="1" maxlength="2" size="2" class="v-mandatory v-numeric v-minval-1">
	        <button role="button" type="submit" title="Add to trolley&nbsp;Baci Hazelnut Chocolate Bag 143g" class="btn-red action-addToTrolley"><span role="presentation" aria-hidden="true">Add to trolley</span></button>
		
		</div>
	</div>
	<div class="lists">
		
	</div>


	    <div class="actions">
	        			
			   <div class="MUItemForTrolleyDiv MUItemForTrolley_39860" data-catentry="39860">
		         <div class="MUul_39860"><div class="MUli_39860 hidden" aria-hidden="true"><span class="inTrolley"><span class="MUSpan_39860">0</span> in trolley</span></div></div>
		       </div>
		        <p class="clear"></p>
			 
			<div class="member-usuals-remove">
				<a href="#" class="action-removeFromUsuals usuals-remove">Remove from list <span class="accessibility">Baci Hazelnut Chocolate Bag 143g</span></a>			
			</div>
			
				<div class="list">
					<a href="#" class="action-addToList action-list-add">Add to list <span class="accessibility">Baci Hazelnut Chocolate Bag 143g</span></a> 
				</div>
				<div class="member-list-add">
					<a href="#" class="action-addToList action-list-add">Add to another list <span class="accessibility">Baci Hazelnut Chocolate Bag 143g</span></a>
				</div>
			
			<div class="member-list-remove">
				 <a href="#" class="action-removeFromList">Remove from list <span class="accessibility">Baci Hazelnut Chocolate Bag 143g</span></a> 
			</div>
			
				<div class="compareProd" role="presentation" aria-hidden="true">
					<a href="#" class="compare compare-add">Compare</a>
				</div>
			
				<a href="http://shop.coles.com.au/online/national/baci-chocolate-bag-hazelnut" class="product-url accessibility">More details for Baci&nbsp;Hazelnut Chocolate Bag</a>
			
		</div>  
      

       	
		    <div role="presentation" aria-hidden="true" id="share" class="share" data-social="{productImgUrl:'http://shop.coles.com.au:27900/wcsstore/Coles-CAS/images/1/1/3/1137918-th.jpg'
	                                               ,productDisplayUrl:'http://shop.coles.com.au/online/national/baci-chocolate-bag-hazelnut'
	                                               ,title:'Baci Hazelnut Chocolate Bag '
	                                               ,description:''}">
		 	</div>
 		
	</div>
</div>


	</form>
</div>


<span class="available hidden"></span>


<div class="outer-prod prodtile" data-refresh="{
					catalogId: &quot;10576&quot;,
					doInventory: &quot;N&quot;,
					fulfillmentCenterId: &quot;11576&quot;,
					forStoreId: &quot;10401&quot;,
					
					productDisplayURL: &quot;http://shop.coles.com.au/online/national/baci-chocolates-bianco-white-bag&quot;				
			}">
	<form id="catEntryForm_178327" name="catEntryForm_178327" action="AjaxOrderChangeServiceItemAdd">
		
<div class=" " data-catentry="catEntry_178327" data-refresh="{
				addCalculationUsage: &quot;-1&quot;,
				langId: &quot;-1&quot;,
				storeId: &quot;10601&quot;, 
				catEntryId: &quot;178327&quot;, 
				catEntryName: &quot;Bianco White Chocolates Bag&quot;, 
				productView: &quot;list&quot;,
				productId: &quot;178327&quot;,
				itemId: &quot;178641&quot;,
				hideMultibuy: &quot;false&quot;,
                ticketType: &quot;&quot;,
                partNumber: &quot;1247665&quot;,
                offerCode: &quot;20140804&quot;
		}">
   	<div class="wrapper clearfix">   	
		

<h4 class="accessibility" id="heading_178327" tabindex="-1">
		Baci&nbsp;Bianco White Chocolates Bag&nbsp;
		143g&nbsp;
		 
</h4> 

<div class="offer-icon"></div>
<a role="presentation" aria-hidden="true" class="product-url" href="http://shop.coles.com.au/online/national/baci-chocolates-bianco-white-bag">
	    <img role="presentation" aria-hidden="true" class="photo" src="/wcsstore/Coles-CAS/images/1/2/4/1247665-th.jpg" onerror="this.src='/wcsstore/ColesStorefrontAssetStore/dist/e0a775baf05f/images/spacer.gif'" alt="Bianco White Chocolates Bag" width="110" height="110">
	</a>

<div class="detail">	
    <span role="presentation" aria-hidden="true" class="brand">Baci</span>
    <span class="item" role="presentation" aria-hidden="true">
        <a role="presentation" aria-hidden="true" class="product-url" href="http://shop.coles.com.au/online/national/baci-chocolates-bianco-white-bag">
        	Bianco White Chocolates Bag&nbsp;
        	143g
        </a>
    </span>
	<span class="size">
			
 	</span>
</div>


	<div class="purchasing">	    
	    <div class="saving">
	    	
	    </div>
	   	
	    		<div class="price"><span class="accessibility">Purchase price </span><small>$</small>6.93</div>
	    	
	    <div class="unit-price"><span class="accessibility">Unit price </span>$4.85 per 100G</div>
	    <div class="special-offer">	    	
	    	
	    </div> 
	    <div class="availability">Temporarily unavailable</div>
	    <div class="purchase">
		
			<input type="number" title="Add Quantity for Baci Bianco White Chocolates Bag 143g" name="quantity" id="catEntry_178327_qty" value="1" maxlength="2" size="2" class="v-mandatory v-numeric v-minval-1">
	        <button role="button" type="submit" title="Add to trolley&nbsp;Baci Bianco White Chocolates Bag 143g" class="btn-red action-addToTrolley"><span role="presentation" aria-hidden="true">Add to trolley</span></button>
		
		</div>
	</div>
	<div class="lists">
		
	</div>


	    <div class="actions">
	        			
			   <div class="MUItemForTrolleyDiv MUItemForTrolley_178641" data-catentry="178641">
		         <div class="MUul_178641"><div class="MUli_178641 hidden" aria-hidden="true"><span class="inTrolley"><span class="MUSpan_178641">0</span> in trolley</span></div></div>
		       </div>
		        <p class="clear"></p>
			 
			<div class="member-usuals-remove">
				<a href="#" class="action-removeFromUsuals usuals-remove">Remove from list <span class="accessibility">Baci Bianco White Chocolates Bag 143g</span></a>			
			</div>
			
				<div class="list">
					<a href="#" class="action-addToList action-list-add">Add to list <span class="accessibility">Baci Bianco White Chocolates Bag 143g</span></a> 
				</div>
				<div class="member-list-add">
					<a href="#" class="action-addToList action-list-add">Add to another list <span class="accessibility">Baci Bianco White Chocolates Bag 143g</span></a>
				</div>
			
			<div class="member-list-remove">
				 <a href="#" class="action-removeFromList">Remove from list <span class="accessibility">Baci Bianco White Chocolates Bag 143g</span></a> 
			</div>
			
				<div class="compareProd" role="presentation" aria-hidden="true">
					<a href="#" class="compare compare-add">Compare</a>
				</div>
			
				<a href="http://shop.coles.com.au/online/national/baci-chocolates-bianco-white-bag" class="product-url accessibility">More details for Baci&nbsp;Bianco White Chocolates Bag</a>
			
		</div>  
      

       	
		    <div role="presentation" aria-hidden="true" id="share" class="share" data-social="{productImgUrl:'http://shop.coles.com.au:27900/wcsstore/Coles-CAS/images/1/2/4/1247665-th.jpg'
	                                               ,productDisplayUrl:'http://shop.coles.com.au/online/national/baci-chocolates-bianco-white-bag'
	                                               ,title:'Baci Bianco White Chocolates Bag '
	                                               ,description:''}">
		 	</div>
 		
	</div>
</div>


	</form>
</div>


<span class="available hidden"></span>


<div class="outer-prod prodtile" data-refresh="{
					catalogId: &quot;10576&quot;,
					doInventory: &quot;N&quot;,
					fulfillmentCenterId: &quot;11576&quot;,
					forStoreId: &quot;10401&quot;,
					
					productDisplayURL: &quot;http://shop.coles.com.au/online/national/baci-chocolate-gift-box&quot;				
			}">
	<form id="catEntryForm_371502" name="catEntryForm_371502" action="AjaxOrderChangeServiceItemAdd">
		
<div class=" " data-catentry="catEntry_371502" data-refresh="{
				addCalculationUsage: &quot;-1&quot;,
				langId: &quot;-1&quot;,
				storeId: &quot;10601&quot;, 
				catEntryId: &quot;371502&quot;, 
				catEntryName: &quot;Chocolates Gift Box&quot;, 
				productView: &quot;list&quot;,
				productId: &quot;371502&quot;,
				itemId: &quot;371504&quot;,
				hideMultibuy: &quot;false&quot;,
                ticketType: &quot;&quot;,
                partNumber: &quot;1970498&quot;,
                offerCode: &quot;20141126&quot;
		}">
   	<div class="wrapper clearfix">   	
		

<h4 class="accessibility" id="heading_371502" tabindex="-1">
		Baci&nbsp;Chocolates Gift Box&nbsp;
		200g&nbsp;
		 
</h4> 

<div class="offer-icon"></div>
<a role="presentation" aria-hidden="true" class="product-url" href="http://shop.coles.com.au/online/national/baci-chocolate-gift-box">
	    <img role="presentation" aria-hidden="true" class="photo" src="/wcsstore/Coles-CAS/images/1/9/7/1970498-th.jpg" onerror="this.src='/wcsstore/ColesStorefrontAssetStore/dist/e0a775baf05f/images/spacer.gif'" alt="Chocolates Gift Box" width="110" height="110">
	</a>

<div class="detail">	
    <span role="presentation" aria-hidden="true" class="brand">Baci</span>
    <span class="item" role="presentation" aria-hidden="true">
        <a role="presentation" aria-hidden="true" class="product-url" href="http://shop.coles.com.au/online/national/baci-chocolate-gift-box">
        	Chocolates Gift Box&nbsp;
        	200g
        </a>
    </span>
	<span class="size">
			
 	</span>
</div>


	<div class="purchasing">	    
	    <div class="saving">
	    	
	    </div>
	   	
	    		<div class="price"><span class="accessibility">Purchase price </span><small>$</small>13.20</div>
	    	
	    <div class="unit-price"><span class="accessibility">Unit price </span>$6.60 per 100G</div>
	    <div class="special-offer">	    	
	    	
	    </div> 
	    <div class="availability">Temporarily unavailable</div>
	    <div class="purchase">
		
			<input type="number" title="Add Quantity for Baci Chocolates Gift Box 200g" name="quantity" id="catEntry_371502_qty" value="1" maxlength="2" size="2" class="v-mandatory v-numeric v-minval-1">
	        <button role="button" type="submit" title="Add to trolley&nbsp;Baci Chocolates Gift Box 200g" class="btn-red action-addToTrolley"><span role="presentation" aria-hidden="true">Add to trolley</span></button>
		
		</div>
	</div>
	<div class="lists">
		
	</div>


	    <div class="actions">
	        			
			   <div class="MUItemForTrolleyDiv MUItemForTrolley_371504" data-catentry="371504">
		         <div class="MUul_371504"><div class="MUli_371504 hidden" aria-hidden="true"><span class="inTrolley"><span class="MUSpan_371504">0</span> in trolley</span></div></div>
		       </div>
		        <p class="clear"></p>
			 
			<div class="member-usuals-remove">
				<a href="#" class="action-removeFromUsuals usuals-remove">Remove from list <span class="accessibility">Baci Chocolates Gift Box 200g</span></a>			
			</div>
			
				<div class="list">
					<a href="#" class="action-addToList action-list-add">Add to list <span class="accessibility">Baci Chocolates Gift Box 200g</span></a> 
				</div>
				<div class="member-list-add">
					<a href="#" class="action-addToList action-list-add">Add to another list <span class="accessibility">Baci Chocolates Gift Box 200g</span></a>
				</div>
			
			<div class="member-list-remove">
				 <a href="#" class="action-removeFromList">Remove from list <span class="accessibility">Baci Chocolates Gift Box 200g</span></a> 
			</div>
			
				<div class="compareProd" role="presentation" aria-hidden="true">
					<a href="#" class="compare compare-add">Compare</a>
				</div>
			
				<a href="http://shop.coles.com.au/online/national/baci-chocolate-gift-box" class="product-url accessibility">More details for Baci&nbsp;Chocolates Gift Box</a>
			
		</div>  
      

       	
		    <div role="presentation" aria-hidden="true" id="share" class="share" data-social="{productImgUrl:'http://shop.coles.com.au:27900/wcsstore/Coles-CAS/images/1/9/7/1970498-th.jpg'
	                                               ,productDisplayUrl:'http://shop.coles.com.au/online/national/baci-chocolate-gift-box'
	                                               ,title:'Baci Chocolates Gift Box '
	                                               ,description:''}">
		 	</div>
 		
	</div>
</div>


	</form>
</div>


<span class="available hidden"></span>


<div class="outer-prod prodtile" data-refresh="{
					catalogId: &quot;10576&quot;,
					doInventory: &quot;N&quot;,
					fulfillmentCenterId: &quot;11576&quot;,
					forStoreId: &quot;10401&quot;,
					
					productDisplayURL: &quot;http://shop.coles.com.au/online/national/bambu-coffee-substitute&quot;				
			}">
	<form id="catEntryForm_75304" name="catEntryForm_75304" action="AjaxOrderChangeServiceItemAdd">
		
<div class=" " data-catentry="catEntry_75304" data-refresh="{
				addCalculationUsage: &quot;-1&quot;,
				langId: &quot;-1&quot;,
				storeId: &quot;10601&quot;, 
				catEntryId: &quot;75304&quot;, 
				catEntryName: &quot;Coffee Substitute&quot;, 
				productView: &quot;list&quot;,
				productId: &quot;75304&quot;,
				itemId: &quot;139793&quot;,
				hideMultibuy: &quot;false&quot;,
                ticketType: &quot;&quot;,
                partNumber: &quot;5750201&quot;,
                offerCode: &quot;20140320&quot;
		}">
   	<div class="wrapper clearfix">   	
		

<h4 class="accessibility" id="heading_75304" tabindex="-1">
		Bambu&nbsp;Coffee Substitute&nbsp;
		100g&nbsp;
		 
</h4> 

<div class="offer-icon"></div>
<a role="presentation" aria-hidden="true" class="product-url" href="http://shop.coles.com.au/online/national/bambu-coffee-substitute">
	    <img role="presentation" aria-hidden="true" class="photo" src="/wcsstore/Coles-CAS/images/5/7/5/5750201-th.jpg" onerror="this.src='/wcsstore/ColesStorefrontAssetStore/dist/e0a775baf05f/images/spacer.gif'" alt="Coffee Substitute" width="110" height="110">
	</a>

<div class="detail">	
    <span role="presentation" aria-hidden="true" class="brand">Bambu</span>
    <span class="item" role="presentation" aria-hidden="true">
        <a role="presentation" aria-hidden="true" class="product-url" href="http://shop.coles.com.au/online/national/bambu-coffee-substitute">
        	Coffee Substitute&nbsp;
        	100g
        </a>
    </span>
	<span class="size">
			
 	</span>
</div>


	<div class="purchasing">	    
	    <div class="saving">
	    	
	    </div>
	   	
	    		<div class="price"><span class="accessibility">Purchase price </span><small>$</small>7.70</div>
	    	
	    <div class="unit-price"><span class="accessibility">Unit price </span>$7.70 per 100G</div>
	    <div class="special-offer">	    	
	    	
	    </div> 
	    <div class="availability">Temporarily unavailable</div>
	    <div class="purchase">
		
			<input type="number" title="Add Quantity for Bambu Coffee Substitute 100g" name="quantity" id="catEntry_75304_qty" value="1" maxlength="2" size="2" class="v-mandatory v-numeric v-minval-1">
	        <button role="button" type="submit" title="Add to trolley&nbsp;Bambu Coffee Substitute 100g" class="btn-red action-addToTrolley"><span role="presentation" aria-hidden="true">Add to trolley</span></button>
		
		</div>
	</div>
	<div class="lists">
		
	</div>


	    <div class="actions">
	        			
			   <div class="MUItemForTrolleyDiv MUItemForTrolley_139793" data-catentry="139793">
		         <div class="MUul_139793"><div class="MUli_139793 hidden" aria-hidden="true"><span class="inTrolley"><span class="MUSpan_139793">0</span> in trolley</span></div></div>
		       </div>
		        <p class="clear"></p>
			 
			<div class="member-usuals-remove">
				<a href="#" class="action-removeFromUsuals usuals-remove">Remove from list <span class="accessibility">Bambu Coffee Substitute 100g</span></a>			
			</div>
			
				<div class="list">
					<a href="#" class="action-addToList action-list-add">Add to list <span class="accessibility">Bambu Coffee Substitute 100g</span></a> 
				</div>
				<div class="member-list-add">
					<a href="#" class="action-addToList action-list-add">Add to another list <span class="accessibility">Bambu Coffee Substitute 100g</span></a>
				</div>
			
			<div class="member-list-remove">
				 <a href="#" class="action-removeFromList">Remove from list <span class="accessibility">Bambu Coffee Substitute 100g</span></a> 
			</div>
			
				<div class="compareProd" role="presentation" aria-hidden="true">
					<a href="#" class="compare compare-add">Compare</a>
				</div>
			
				<a href="http://shop.coles.com.au/online/national/bambu-coffee-substitute" class="product-url accessibility">More details for Bambu&nbsp;Coffee Substitute</a>
			
		</div>  
      

       	
		    <div role="presentation" aria-hidden="true" id="share" class="share" data-social="{productImgUrl:'http://shop.coles.com.au:27900/wcsstore/Coles-CAS/images/5/7/5/5750201-th.jpg'
	                                               ,productDisplayUrl:'http://shop.coles.com.au/online/national/bambu-coffee-substitute'
	                                               ,title:'Bambu Coffee Substitute '
	                                               ,description:'Prepared from organically grown chicory, figs, cereals and acorns.'}">
		 	</div>
 		
	</div>
</div>


	</form>
</div>


<span class="available hidden"></span>


<div class="outer-prod prodtile" data-refresh="{
					catalogId: &quot;10576&quot;,
					doInventory: &quot;N&quot;,
					fulfillmentCenterId: &quot;11576&quot;,
					forStoreId: &quot;10401&quot;,
					
					productDisplayURL: &quot;http://shop.coles.com.au/online/national/bare-fruit-organic-apple-chips-granny-smith&quot;				
			}">
	<form id="catEntryForm_251008" name="catEntryForm_251008" action="AjaxOrderChangeServiceItemAdd">
		
<div class=" " data-catentry="catEntry_251008" data-refresh="{
				addCalculationUsage: &quot;-1&quot;,
				langId: &quot;-1&quot;,
				storeId: &quot;10601&quot;, 
				catEntryId: &quot;251008&quot;, 
				catEntryName: &quot;Granny Smith Apple Chips&quot;, 
				productView: &quot;list&quot;,
				productId: &quot;251008&quot;,
				itemId: &quot;251250&quot;,
				hideMultibuy: &quot;false&quot;,
                ticketType: &quot;&quot;,
                partNumber: &quot;1477280&quot;,
                offerCode: &quot;20141013&quot;
		}">
   	<div class="wrapper clearfix">   	
		

<h4 class="accessibility" id="heading_251008" tabindex="-1">
		Bare Fruit Organic&nbsp;Granny Smith Apple Chips&nbsp;
		48g&nbsp;
		 
</h4> 

<div class="offer-icon"></div>
<a role="presentation" aria-hidden="true" class="product-url" href="http://shop.coles.com.au/online/national/bare-fruit-organic-apple-chips-granny-smith">
	    <img role="presentation" aria-hidden="true" class="photo" src="/wcsstore/Coles-CAS/images/1/4/7/1477280-th.jpg" onerror="this.src='/wcsstore/ColesStorefrontAssetStore/dist/e0a775baf05f/images/spacer.gif'" alt="Granny Smith Apple Chips" width="110" height="110">
	</a>

<div class="detail">	
    <span role="presentation" aria-hidden="true" class="brand">Bare Fruit Organic</span>
    <span class="item" role="presentation" aria-hidden="true">
        <a role="presentation" aria-hidden="true" class="product-url" href="http://shop.coles.com.au/online/national/bare-fruit-organic-apple-chips-granny-smith">
        	Granny Smith Apple Chips&nbsp;
        	48g
        </a>
    </span>
	<span class="size">
			
 	</span>
</div>


	<div class="purchasing">	    
	    <div class="saving">
	    	
	    </div>
	   	
	    		<div class="price"><span class="accessibility">Purchase price </span><small>$</small>4.55</div>
	    	
	    <div class="unit-price"><span class="accessibility">Unit price </span>$9.48 per 100G</div>
	    <div class="special-offer">	    	
	    	
	    </div> 
	    <div class="availability">Temporarily unavailable</div>
	    <div class="purchase">
		
			<input type="number" title="Add Quantity for Bare Fruit Organic Granny Smith Apple Chips 48g" name="quantity" id="catEntry_251008_qty" value="1" maxlength="2" size="2" class="v-mandatory v-numeric v-minval-1">
	        <button role="button" type="submit" title="Add to trolley&nbsp;Bare Fruit Organic Granny Smith Apple Chips 48g" class="btn-red action-addToTrolley"><span role="presentation" aria-hidden="true">Add to trolley</span></button>
		
		</div>
	</div>
	<div class="lists">
		
	</div>


	    <div class="actions">
	        			
			   <div class="MUItemForTrolleyDiv MUItemForTrolley_251250" data-catentry="251250">
		         <div class="MUul_251250"><div class="MUli_251250 hidden" aria-hidden="true"><span class="inTrolley"><span class="MUSpan_251250">0</span> in trolley</span></div></div>
		       </div>
		        <p class="clear"></p>
			 
			<div class="member-usuals-remove">
				<a href="#" class="action-removeFromUsuals usuals-remove">Remove from list <span class="accessibility">Bare Fruit Organic Granny Smith Apple Chips 48g</span></a>			
			</div>
			
				<div class="list">
					<a href="#" class="action-addToList action-list-add">Add to list <span class="accessibility">Bare Fruit Organic Granny Smith Apple Chips 48g</span></a> 
				</div>
				<div class="member-list-add">
					<a href="#" class="action-addToList action-list-add">Add to another list <span class="accessibility">Bare Fruit Organic Granny Smith Apple Chips 48g</span></a>
				</div>
			
			<div class="member-list-remove">
				 <a href="#" class="action-removeFromList">Remove from list <span class="accessibility">Bare Fruit Organic Granny Smith Apple Chips 48g</span></a> 
			</div>
			
				<div class="compareProd" role="presentation" aria-hidden="true">
					<a href="#" class="compare compare-add">Compare</a>
				</div>
			
				<a href="http://shop.coles.com.au/online/national/bare-fruit-organic-apple-chips-granny-smith" class="product-url accessibility">More details for Bare Fruit Organic&nbsp;Granny Smith Apple Chips</a>
			
		</div>  
      

       	
		    <div role="presentation" aria-hidden="true" id="share" class="share" data-social="{productImgUrl:'http://shop.coles.com.au:27900/wcsstore/Coles-CAS/images/1/4/7/1477280-th.jpg'
	                                               ,productDisplayUrl:'http://shop.coles.com.au/online/national/bare-fruit-organic-apple-chips-granny-smith'
	                                               ,title:'Bare Fruit Organic Granny Smith Apple Chips '
	                                               ,description:''}">
		 	</div>
 		
	</div>
</div>


	</form>
</div>


<span class="available hidden"></span>


<div class="outer-prod prodtile" data-refresh="{
					catalogId: &quot;10576&quot;,
					doInventory: &quot;N&quot;,
					fulfillmentCenterId: &quot;11576&quot;,
					forStoreId: &quot;10401&quot;,
					
					productDisplayURL: &quot;http://shop.coles.com.au/online/national/bare-fruit-organic-apple-chips-fuji&quot;				
			}">
	<form id="catEntryForm_251009" name="catEntryForm_251009" action="AjaxOrderChangeServiceItemAdd">
		
<div class=" " data-catentry="catEntry_251009" data-refresh="{
				addCalculationUsage: &quot;-1&quot;,
				langId: &quot;-1&quot;,
				storeId: &quot;10601&quot;, 
				catEntryId: &quot;251009&quot;, 
				catEntryName: &quot;Fuji Apple Chips&quot;, 
				productView: &quot;list&quot;,
				productId: &quot;251009&quot;,
				itemId: &quot;251293&quot;,
				hideMultibuy: &quot;false&quot;,
                ticketType: &quot;&quot;,
                partNumber: &quot;1477268&quot;,
                offerCode: &quot;20141013&quot;
		}">
   	<div class="wrapper clearfix">   	
		

<h4 class="accessibility" id="heading_251009" tabindex="-1">
		Bare Fruit Organic&nbsp;Fuji Apple Chips&nbsp;
		48g&nbsp;
		 
</h4> 

<div class="offer-icon"></div>
<a role="presentation" aria-hidden="true" class="product-url" href="http://shop.coles.com.au/online/national/bare-fruit-organic-apple-chips-fuji">
	    <img role="presentation" aria-hidden="true" class="photo" src="/wcsstore/Coles-CAS/images/1/4/7/1477268-th.jpg" onerror="this.src='/wcsstore/ColesStorefrontAssetStore/dist/e0a775baf05f/images/spacer.gif'" alt="Fuji Apple Chips" width="110" height="110">
	</a>

<div class="detail">	
    <span role="presentation" aria-hidden="true" class="brand">Bare Fruit Organic</span>
    <span class="item" role="presentation" aria-hidden="true">
        <a role="presentation" aria-hidden="true" class="product-url" href="http://shop.coles.com.au/online/national/bare-fruit-organic-apple-chips-fuji">
        	Fuji Apple Chips&nbsp;
        	48g
        </a>
    </span>
	<span class="size">
			
 	</span>
</div>


	<div class="purchasing">	    
	    <div class="saving">
	    	
	    </div>
	   	
	    		<div class="price"><span class="accessibility">Purchase price </span><small>$</small>4.55</div>
	    	
	    <div class="unit-price"><span class="accessibility">Unit price </span>$10.58 per 100G</div>
	    <div class="special-offer">	    	
	    	
	    </div> 
	    <div class="availability">Temporarily unavailable</div>
	    <div class="purchase">
		
			<input type="number" title="Add Quantity for Bare Fruit Organic Fuji Apple Chips 48g" name="quantity" id="catEntry_251009_qty" value="1" maxlength="2" size="2" class="v-mandatory v-numeric v-minval-1">
	        <button role="button" type="submit" title="Add to trolley&nbsp;Bare Fruit Organic Fuji Apple Chips 48g" class="btn-red action-addToTrolley"><span role="presentation" aria-hidden="true">Add to trolley</span></button>
		
		</div>
	</div>
	<div class="lists">
		
	</div>


	    <div class="actions">
	        			
			   <div class="MUItemForTrolleyDiv MUItemForTrolley_251293" data-catentry="251293">
		         <div class="MUul_251293"><div class="MUli_251293 hidden" aria-hidden="true"><span class="inTrolley"><span class="MUSpan_251293">0</span> in trolley</span></div></div>
		       </div>
		        <p class="clear"></p>
			 
			<div class="member-usuals-remove">
				<a href="#" class="action-removeFromUsuals usuals-remove">Remove from list <span class="accessibility">Bare Fruit Organic Fuji Apple Chips 48g</span></a>			
			</div>
			
				<div class="list">
					<a href="#" class="action-addToList action-list-add">Add to list <span class="accessibility">Bare Fruit Organic Fuji Apple Chips 48g</span></a> 
				</div>
				<div class="member-list-add">
					<a href="#" class="action-addToList action-list-add">Add to another list <span class="accessibility">Bare Fruit Organic Fuji Apple Chips 48g</span></a>
				</div>
			
			<div class="member-list-remove">
				 <a href="#" class="action-removeFromList">Remove from list <span class="accessibility">Bare Fruit Organic Fuji Apple Chips 48g</span></a> 
			</div>
			
				<div class="compareProd" role="presentation" aria-hidden="true">
					<a href="#" class="compare compare-add">Compare</a>
				</div>
			
				<a href="http://shop.coles.com.au/online/national/bare-fruit-organic-apple-chips-fuji" class="product-url accessibility">More details for Bare Fruit Organic&nbsp;Fuji Apple Chips</a>
			
		</div>  
      

       	
		    <div role="presentation" aria-hidden="true" id="share" class="share" data-social="{productImgUrl:'http://shop.coles.com.au:27900/wcsstore/Coles-CAS/images/1/4/7/1477268-th.jpg'
	                                               ,productDisplayUrl:'http://shop.coles.com.au/online/national/bare-fruit-organic-apple-chips-fuji'
	                                               ,title:'Bare Fruit Organic Fuji Apple Chips '
	                                               ,description:''}">
		 	</div>
 		
	</div>
</div>


	</form>
</div>


<span class="available hidden"></span>


<div class="outer-prod prodtile" data-refresh="{
					catalogId: &quot;10576&quot;,
					doInventory: &quot;N&quot;,
					fulfillmentCenterId: &quot;11576&quot;,
					forStoreId: &quot;10401&quot;,
					
					productDisplayURL: &quot;http://shop.coles.com.au/online/national/barilla-la-colezione-pasta-fetuccine&quot;				
			}">
	<form id="catEntryForm_17514" name="catEntryForm_17514" action="AjaxOrderChangeServiceItemAdd">
		
<div class=" " data-catentry="catEntry_17514" data-refresh="{
				addCalculationUsage: &quot;-1&quot;,
				langId: &quot;-1&quot;,
				storeId: &quot;10601&quot;, 
				catEntryId: &quot;17514&quot;, 
				catEntryName: &quot;La Collezione Fetuccine Pasta&quot;, 
				productView: &quot;list&quot;,
				productId: &quot;17514&quot;,
				itemId: &quot;35706&quot;,
				hideMultibuy: &quot;false&quot;,
                ticketType: &quot;&quot;,
                partNumber: &quot;1211635&quot;,
                offerCode: &quot;20140322&quot;
		}">
   	<div class="wrapper clearfix">   	
		

<h4 class="accessibility" id="heading_17514" tabindex="-1">
		Barilla&nbsp;La Collezione Fetuccine Pasta&nbsp;
		500g&nbsp;
		 
</h4> 

<div class="offer-icon"></div>
<a role="presentation" aria-hidden="true" class="product-url" href="http://shop.coles.com.au/online/national/barilla-la-colezione-pasta-fetuccine">
	    <img role="presentation" aria-hidden="true" class="photo" src="/wcsstore/Coles-CAS/images/1/2/1/1211635-th.jpg" onerror="this.src='/wcsstore/ColesStorefrontAssetStore/dist/e0a775baf05f/images/spacer.gif'" alt="La Collezione Fetuccine Pasta" width="110" height="110">
	</a>

<div class="detail">	
    <span role="presentation" aria-hidden="true" class="brand">Barilla</span>
    <span class="item" role="presentation" aria-hidden="true">
        <a role="presentation" aria-hidden="true" class="product-url" href="http://shop.coles.com.au/online/national/barilla-la-colezione-pasta-fetuccine">
        	La Collezione Fetuccine Pasta&nbsp;
        	500g
        </a>
    </span>
	<span class="size">
			
 	</span>
</div>


	<div class="purchasing">	    
	    <div class="saving">
	    	
	    </div>
	   	
	    		<div class="price"><span class="accessibility">Purchase price </span><small>$</small>2.96</div>
	    	
	    <div class="unit-price"><span class="accessibility">Unit price </span>$0.59 per 100G</div>
	    <div class="special-offer">	    	
	    	
	    </div> 
	    <div class="availability">Temporarily unavailable</div>
	    <div class="purchase">
		
			<input type="number" title="Add Quantity for Barilla La Collezione Fetuccine Pasta 500g" name="quantity" id="catEntry_17514_qty" value="1" maxlength="2" size="2" class="v-mandatory v-numeric v-minval-1">
	        <button role="button" type="submit" title="Add to trolley&nbsp;Barilla La Collezione Fetuccine Pasta 500g" class="btn-red action-addToTrolley"><span role="presentation" aria-hidden="true">Add to trolley</span></button>
		
		</div>
	</div>
	<div class="lists">
		
	</div>


	    <div class="actions">
	        			
			   <div class="MUItemForTrolleyDiv MUItemForTrolley_35706" data-catentry="35706">
		         <div class="MUul_35706"><div class="MUli_35706 hidden" aria-hidden="true"><span class="inTrolley"><span class="MUSpan_35706">0</span> in trolley</span></div></div>
		       </div>
		        <p class="clear"></p>
			 
			<div class="member-usuals-remove">
				<a href="#" class="action-removeFromUsuals usuals-remove">Remove from list <span class="accessibility">Barilla La Collezione Fetuccine Pasta 500g</span></a>			
			</div>
			
				<div class="list">
					<a href="#" class="action-addToList action-list-add">Add to list <span class="accessibility">Barilla La Collezione Fetuccine Pasta 500g</span></a> 
				</div>
				<div class="member-list-add">
					<a href="#" class="action-addToList action-list-add">Add to another list <span class="accessibility">Barilla La Collezione Fetuccine Pasta 500g</span></a>
				</div>
			
			<div class="member-list-remove">
				 <a href="#" class="action-removeFromList">Remove from list <span class="accessibility">Barilla La Collezione Fetuccine Pasta 500g</span></a> 
			</div>
			
				<div class="compareProd" role="presentation" aria-hidden="true">
					<a href="#" class="compare compare-add">Compare</a>
				</div>
			
				<a href="http://shop.coles.com.au/online/national/barilla-la-colezione-pasta-fetuccine" class="product-url accessibility">More details for Barilla&nbsp;La Collezione Fetuccine Pasta</a>
			
		</div>  
      

       	
		    <div role="presentation" aria-hidden="true" id="share" class="share" data-social="{productImgUrl:'http://shop.coles.com.au:27900/wcsstore/Coles-CAS/images/1/2/1/1211635-th.jpg'
	                                               ,productDisplayUrl:'http://shop.coles.com.au/online/national/barilla-la-colezione-pasta-fetuccine'
	                                               ,title:'Barilla La Collezione Fetuccine Pasta '
	                                               ,description:''}">
		 	</div>
 		
	</div>
</div>


	</form>
</div>


<span class="available hidden"></span>


<div class="outer-prod prodtile" data-refresh="{
					catalogId: &quot;10576&quot;,
					doInventory: &quot;N&quot;,
					fulfillmentCenterId: &quot;11576&quot;,
					forStoreId: &quot;10401&quot;,
					
					productDisplayURL: &quot;http://shop.coles.com.au/online/national/barilla-pasta-spaghetti-wholegrain&quot;				
			}">
	<form id="catEntryForm_18501" name="catEntryForm_18501" action="AjaxOrderChangeServiceItemAdd">
		
<div class=" " data-catentry="catEntry_18501" data-refresh="{
				addCalculationUsage: &quot;-1&quot;,
				langId: &quot;-1&quot;,
				storeId: &quot;10601&quot;, 
				catEntryId: &quot;18501&quot;, 
				catEntryName: &quot;Wholegrain Spaghetti&quot;, 
				productView: &quot;list&quot;,
				productId: &quot;18501&quot;,
				itemId: &quot;36780&quot;,
				hideMultibuy: &quot;false&quot;,
                ticketType: &quot;&quot;,
                partNumber: &quot;1211566&quot;,
                offerCode: &quot;20150130&quot;
		}">
   	<div class="wrapper clearfix">   	
		

<h4 class="accessibility" id="heading_18501" tabindex="-1">
		Barilla&nbsp;Wholegrain Spaghetti&nbsp;
		375g&nbsp;
		 
</h4> 

<div class="offer-icon"></div>
<a role="presentation" aria-hidden="true" class="product-url" href="http://shop.coles.com.au/online/national/barilla-pasta-spaghetti-wholegrain">
	    <img role="presentation" aria-hidden="true" class="photo" src="/wcsstore/Coles-CAS/images/1/2/1/1211566-th.jpg" onerror="this.src='/wcsstore/ColesStorefrontAssetStore/dist/e0a775baf05f/images/spacer.gif'" alt="Wholegrain Spaghetti" width="110" height="110">
	</a>

<div class="detail">	
    <span role="presentation" aria-hidden="true" class="brand">Barilla</span>
    <span class="item" role="presentation" aria-hidden="true">
        <a role="presentation" aria-hidden="true" class="product-url" href="http://shop.coles.com.au/online/national/barilla-pasta-spaghetti-wholegrain">
        	Wholegrain Spaghetti&nbsp;
        	375g
        </a>
    </span>
	<span class="size">
			
 	</span>
</div>


	<div class="purchasing">	    
	    <div class="saving">
	    	
	    </div>
	   	
	    		<div class="price"><span class="accessibility">Purchase price </span><small>$</small>2.97</div>
	    	
	    <div class="unit-price"><span class="accessibility">Unit price </span>$0.79 per 100G</div>
	    <div class="special-offer">	    	
	    	
	    </div> 
	    <div class="availability">Temporarily unavailable</div>
	    <div class="purchase">
		
			<input type="number" title="Add Quantity for Barilla Wholegrain Spaghetti 375g" name="quantity" id="catEntry_18501_qty" value="1" maxlength="2" size="2" class="v-mandatory v-numeric v-minval-1">
	        <button role="button" type="submit" title="Add to trolley&nbsp;Barilla Wholegrain Spaghetti 375g" class="btn-red action-addToTrolley"><span role="presentation" aria-hidden="true">Add to trolley</span></button>
		
		</div>
	</div>
	<div class="lists">
		
	</div>


	    <div class="actions">
	        			
			   <div class="MUItemForTrolleyDiv MUItemForTrolley_36780" data-catentry="36780">
		         <div class="MUul_36780"><div class="MUli_36780 hidden" aria-hidden="true"><span class="inTrolley"><span class="MUSpan_36780">0</span> in trolley</span></div></div>
		       </div>
		        <p class="clear"></p>
			 
			<div class="member-usuals-remove">
				<a href="#" class="action-removeFromUsuals usuals-remove">Remove from list <span class="accessibility">Barilla Wholegrain Spaghetti 375g</span></a>			
			</div>
			
				<div class="list">
					<a href="#" class="action-addToList action-list-add">Add to list <span class="accessibility">Barilla Wholegrain Spaghetti 375g</span></a> 
				</div>
				<div class="member-list-add">
					<a href="#" class="action-addToList action-list-add">Add to another list <span class="accessibility">Barilla Wholegrain Spaghetti 375g</span></a>
				</div>
			
			<div class="member-list-remove">
				 <a href="#" class="action-removeFromList">Remove from list <span class="accessibility">Barilla Wholegrain Spaghetti 375g</span></a> 
			</div>
			
				<div class="compareProd" role="presentation" aria-hidden="true">
					<a href="#" class="compare compare-add">Compare</a>
				</div>
			
				<a href="http://shop.coles.com.au/online/national/barilla-pasta-spaghetti-wholegrain" class="product-url accessibility">More details for Barilla&nbsp;Wholegrain Spaghetti</a>
			
		</div>  
      

       	
		    <div role="presentation" aria-hidden="true" id="share" class="share" data-social="{productImgUrl:'http://shop.coles.com.au:27900/wcsstore/Coles-CAS/images/1/2/1/1211566-th.jpg'
	                                               ,productDisplayUrl:'http://shop.coles.com.au/online/national/barilla-pasta-spaghetti-wholegrain'
	                                               ,title:'Barilla Wholegrain Spaghetti '
	                                               ,description:''}">
		 	</div>
 		
	</div>
</div>


	</form>
</div>


<span class="available hidden"></span>


<div class="outer-prod prodtile" data-refresh="{
					catalogId: &quot;10576&quot;,
					doInventory: &quot;N&quot;,
					fulfillmentCenterId: &quot;11576&quot;,
					forStoreId: &quot;10401&quot;,
					
					productDisplayURL: &quot;http://shop.coles.com.au/online/national/barilla-la-colezione-pasta-tortellini-cheese&quot;				
			}">
	<form id="catEntryForm_50666" name="catEntryForm_50666" action="AjaxOrderChangeServiceItemAdd">
		
<div class=" " data-catentry="catEntry_50666" data-refresh="{
				addCalculationUsage: &quot;-1&quot;,
				langId: &quot;-1&quot;,
				storeId: &quot;10601&quot;, 
				catEntryId: &quot;50666&quot;, 
				catEntryName: &quot;La Collezione Cheese Tortellini Pasta&quot;, 
				productView: &quot;list&quot;,
				productId: &quot;50666&quot;,
				itemId: &quot;110223&quot;,
				hideMultibuy: &quot;false&quot;,
                ticketType: &quot;&quot;,
                partNumber: &quot;8416294&quot;,
                offerCode: &quot;20150203&quot;
		}">
   	<div class="wrapper clearfix">   	
		

<h4 class="accessibility" id="heading_50666" tabindex="-1">
		Barilla&nbsp;La Collezione Cheese Tortellini Pasta&nbsp;
		250g&nbsp;
		 
</h4> 

<div class="offer-icon"></div>
<a role="presentation" aria-hidden="true" class="product-url" href="http://shop.coles.com.au/online/national/barilla-la-colezione-pasta-tortellini-cheese">
	    <img role="presentation" aria-hidden="true" class="photo" src="/wcsstore/Coles-CAS/images/8/4/1/8416294-th.jpg" onerror="this.src='/wcsstore/ColesStorefrontAssetStore/dist/e0a775baf05f/images/spacer.gif'" alt="La Collezione Cheese Tortellini Pasta" width="110" height="110">
	</a>

<div class="detail">	
    <span role="presentation" aria-hidden="true" class="brand">Barilla</span>
    <span class="item" role="presentation" aria-hidden="true">
        <a role="presentation" aria-hidden="true" class="product-url" href="http://shop.coles.com.au/online/national/barilla-la-colezione-pasta-tortellini-cheese">
        	La Collezione Cheese Tortellini Pasta&nbsp;
        	250g
        </a>
    </span>
	<span class="size">
			
 	</span>
</div>


	<div class="purchasing">	    
	    <div class="saving">
	    	
	    </div>
	   	
	    		<div class="price"><span class="accessibility">Purchase price </span><small>$</small>4.59</div>
	    	
	    <div class="unit-price"><span class="accessibility">Unit price </span>$1.84 per 100G</div>
	    <div class="special-offer">	    	
	    	
	    </div> 
	    <div class="availability">Temporarily unavailable</div>
	    <div class="purchase">
		
			<input type="number" title="Add Quantity for Barilla La Collezione Cheese Tortellini Pasta 250g" name="quantity" id="catEntry_50666_qty" value="1" maxlength="2" size="2" class="v-mandatory v-numeric v-minval-1">
	        <button role="button" type="submit" title="Add to trolley&nbsp;Barilla La Collezione Cheese Tortellini Pasta 250g" class="btn-red action-addToTrolley"><span role="presentation" aria-hidden="true">Add to trolley</span></button>
		
		</div>
	</div>
	<div class="lists">
		
	</div>


	    <div class="actions">
	        			
			   <div class="MUItemForTrolleyDiv MUItemForTrolley_110223" data-catentry="110223">
		         <div class="MUul_110223"><div class="MUli_110223 hidden" aria-hidden="true"><span class="inTrolley"><span class="MUSpan_110223">0</span> in trolley</span></div></div>
		       </div>
		        <p class="clear"></p>
			 
			<div class="member-usuals-remove">
				<a href="#" class="action-removeFromUsuals usuals-remove">Remove from list <span class="accessibility">Barilla La Collezione Cheese Tortellini Pasta 250g</span></a>			
			</div>
			
				<div class="list">
					<a href="#" class="action-addToList action-list-add">Add to list <span class="accessibility">Barilla La Collezione Cheese Tortellini Pasta 250g</span></a> 
				</div>
				<div class="member-list-add">
					<a href="#" class="action-addToList action-list-add">Add to another list <span class="accessibility">Barilla La Collezione Cheese Tortellini Pasta 250g</span></a>
				</div>
			
			<div class="member-list-remove">
				 <a href="#" class="action-removeFromList">Remove from list <span class="accessibility">Barilla La Collezione Cheese Tortellini Pasta 250g</span></a> 
			</div>
			
				<div class="compareProd" role="presentation" aria-hidden="true">
					<a href="#" class="compare compare-add">Compare</a>
				</div>
			
				<a href="http://shop.coles.com.au/online/national/barilla-la-colezione-pasta-tortellini-cheese" class="product-url accessibility">More details for Barilla&nbsp;La Collezione Cheese Tortellini Pasta</a>
			
		</div>  
      

       	
		    <div role="presentation" aria-hidden="true" id="share" class="share" data-social="{productImgUrl:'http://shop.coles.com.au:27900/wcsstore/Coles-CAS/images/8/4/1/8416294-th.jpg'
	                                               ,productDisplayUrl:'http://shop.coles.com.au/online/national/barilla-la-colezione-pasta-tortellini-cheese'
	                                               ,title:'Barilla La Collezione Cheese Tortellini Pasta  '
	                                               ,description:''}">
		 	</div>
 		
	</div>
</div>


	</form>
</div>


<span class="available hidden"></span>


<div class="outer-prod prodtile" data-refresh="{
					catalogId: &quot;10576&quot;,
					doInventory: &quot;N&quot;,
					fulfillmentCenterId: &quot;11576&quot;,
					forStoreId: &quot;10401&quot;,
					
					productDisplayURL: &quot;http://shop.coles.com.au/online/national/barilla-tri-colour-penne-pasta&quot;				
			}">
	<form id="catEntryForm_365059" name="catEntryForm_365059" action="AjaxOrderChangeServiceItemAdd">
		
<div class=" " data-catentry="catEntry_365059" data-refresh="{
				addCalculationUsage: &quot;-1&quot;,
				langId: &quot;-1&quot;,
				storeId: &quot;10601&quot;, 
				catEntryId: &quot;365059&quot;, 
				catEntryName: &quot;Tri Colour Penne Pasta&quot;, 
				productView: &quot;list&quot;,
				productId: &quot;365059&quot;,
				itemId: &quot;365097&quot;,
				hideMultibuy: &quot;false&quot;,
                ticketType: &quot;&quot;,
                partNumber: &quot;1689007&quot;,
                offerCode: &quot;20141119&quot;
		}">
   	<div class="wrapper clearfix">   	
		

<h4 class="accessibility" id="heading_365059" tabindex="-1">
		Barilla&nbsp;Tri Colour Penne Pasta&nbsp;
		340g&nbsp;
		 
</h4> 

<div class="offer-icon"></div>
<a role="presentation" aria-hidden="true" class="product-url" href="http://shop.coles.com.au/online/national/barilla-tri-colour-penne-pasta">
	    <img role="presentation" aria-hidden="true" class="photo" src="/wcsstore/Coles-CAS/images/1/6/8/1689007-th.jpg" onerror="this.src='/wcsstore/ColesStorefrontAssetStore/dist/e0a775baf05f/images/spacer.gif'" alt="Tri Colour Penne Pasta" width="110" height="110">
	</a>

<div class="detail">	
    <span role="presentation" aria-hidden="true" class="brand">Barilla</span>
    <span class="item" role="presentation" aria-hidden="true">
        <a role="presentation" aria-hidden="true" class="product-url" href="http://shop.coles.com.au/online/national/barilla-tri-colour-penne-pasta">
        	Tri Colour Penne Pasta&nbsp;
        	340g
        </a>
    </span>
	<span class="size">
			
 	</span>
</div>


	<div class="purchasing">	    
	    <div class="saving">
	    	
	    </div>
	   	
	    		<div class="price"><span class="accessibility">Purchase price </span><small>$</small>2.59</div>
	    	
	    <div class="unit-price"><span class="accessibility">Unit price </span>$0.76 per 100G</div>
	    <div class="special-offer">	    	
	    	
	    </div> 
	    <div class="availability">Temporarily unavailable</div>
	    <div class="purchase">
		
			<input type="number" title="Add Quantity for Barilla Tri Colour Penne Pasta 340g" name="quantity" id="catEntry_365059_qty" value="1" maxlength="2" size="2" class="v-mandatory v-numeric v-minval-1">
	        <button role="button" type="submit" title="Add to trolley&nbsp;Barilla Tri Colour Penne Pasta 340g" class="btn-red action-addToTrolley"><span role="presentation" aria-hidden="true">Add to trolley</span></button>
		
		</div>
	</div>
	<div class="lists">
		
	</div>


	    <div class="actions">
	        			
			   <div class="MUItemForTrolleyDiv MUItemForTrolley_365097" data-catentry="365097">
		         <div class="MUul_365097"><div class="MUli_365097 hidden" aria-hidden="true"><span class="inTrolley"><span class="MUSpan_365097">0</span> in trolley</span></div></div>
		       </div>
		        <p class="clear"></p>
			 
			<div class="member-usuals-remove">
				<a href="#" class="action-removeFromUsuals usuals-remove">Remove from list <span class="accessibility">Barilla Tri Colour Penne Pasta 340g</span></a>			
			</div>
			
				<div class="list">
					<a href="#" class="action-addToList action-list-add">Add to list <span class="accessibility">Barilla Tri Colour Penne Pasta 340g</span></a> 
				</div>
				<div class="member-list-add">
					<a href="#" class="action-addToList action-list-add">Add to another list <span class="accessibility">Barilla Tri Colour Penne Pasta 340g</span></a>
				</div>
			
			<div class="member-list-remove">
				 <a href="#" class="action-removeFromList">Remove from list <span class="accessibility">Barilla Tri Colour Penne Pasta 340g</span></a> 
			</div>
			
				<div class="compareProd" role="presentation" aria-hidden="true">
					<a href="#" class="compare compare-add">Compare</a>
				</div>
			
				<a href="http://shop.coles.com.au/online/national/barilla-tri-colour-penne-pasta" class="product-url accessibility">More details for Barilla&nbsp;Tri Colour Penne Pasta</a>
			
		</div>  
      

       	
		    <div role="presentation" aria-hidden="true" id="share" class="share" data-social="{productImgUrl:'http://shop.coles.com.au:27900/wcsstore/Coles-CAS/images/1/6/8/1689007-th.jpg'
	                                               ,productDisplayUrl:'http://shop.coles.com.au/online/national/barilla-tri-colour-penne-pasta'
	                                               ,title:'Barilla Tri Colour Penne Pasta '
	                                               ,description:''}">
		 	</div>
 		
	</div>
</div>


	</form>
</div>


<span class="available hidden"></span>


<div class="outer-prod prodtile" data-refresh="{
					catalogId: &quot;10576&quot;,
					doInventory: &quot;N&quot;,
					fulfillmentCenterId: &quot;11576&quot;,
					forStoreId: &quot;10401&quot;,
					
					productDisplayURL: &quot;http://shop.coles.com.au/online/national/basco-gluten-free-cup-cakes-vanilla&quot;				
			}">
	<form id="catEntryForm_71692" name="catEntryForm_71692" action="AjaxOrderChangeServiceItemAdd">
		
<div class=" " data-catentry="catEntry_71692" data-refresh="{
				addCalculationUsage: &quot;-1&quot;,
				langId: &quot;-1&quot;,
				storeId: &quot;10601&quot;, 
				catEntryId: &quot;71692&quot;, 
				catEntryName: &quot;Gluten Free Vanilla Cup Cakes&quot;, 
				productView: &quot;list&quot;,
				productId: &quot;71692&quot;,
				itemId: &quot;136377&quot;,
				hideMultibuy: &quot;false&quot;,
                ticketType: &quot;&quot;,
                partNumber: &quot;6431967&quot;,
                offerCode: &quot;20140321&quot;
		}">
   	<div class="wrapper clearfix">   	
		

<h4 class="accessibility" id="heading_71692" tabindex="-1">
		Basco&nbsp;Gluten Free Vanilla Cup Cakes&nbsp;
		470g&nbsp;
		 
</h4> 

<div class="offer-icon"></div>
<a role="presentation" aria-hidden="true" class="product-url" href="http://shop.coles.com.au/online/national/basco-gluten-free-cup-cakes-vanilla">
	    <img role="presentation" aria-hidden="true" class="photo" src="/wcsstore/Coles-CAS/images/6/4/3/6431967-th.jpg" onerror="this.src='/wcsstore/ColesStorefrontAssetStore/dist/e0a775baf05f/images/spacer.gif'" alt="Gluten Free Vanilla Cup Cakes" width="110" height="110">
	</a>

<div class="detail">	
    <span role="presentation" aria-hidden="true" class="brand">Basco</span>
    <span class="item" role="presentation" aria-hidden="true">
        <a role="presentation" aria-hidden="true" class="product-url" href="http://shop.coles.com.au/online/national/basco-gluten-free-cup-cakes-vanilla">
        	Gluten Free Vanilla Cup Cakes&nbsp;
        	470g
        </a>
    </span>
	<span class="size">
			
 	</span>
</div>


	<div class="purchasing">	    
	    <div class="saving">
	    	
	    </div>
	   	
	    		<div class="price"><span class="accessibility">Purchase price </span><small>$</small>6.44</div>
	    	
	    <div class="unit-price"><span class="accessibility">Unit price </span>$1.37 per 100G</div>
	    <div class="special-offer">	    	
	    	
	    </div> 
	    <div class="availability">Temporarily unavailable</div>
	    <div class="purchase">
		
			<input type="number" title="Add Quantity for Basco Gluten Free Vanilla Cup Cakes 470g" name="quantity" id="catEntry_71692_qty" value="1" maxlength="2" size="2" class="v-mandatory v-numeric v-minval-1">
	        <button role="button" type="submit" title="Add to trolley&nbsp;Basco Gluten Free Vanilla Cup Cakes 470g" class="btn-red action-addToTrolley"><span role="presentation" aria-hidden="true">Add to trolley</span></button>
		
		</div>
	</div>
	<div class="lists">
		
	</div>


	    <div class="actions">
	        			
			   <div class="MUItemForTrolleyDiv MUItemForTrolley_136377" data-catentry="136377">
		         <div class="MUul_136377"><div class="MUli_136377 hidden" aria-hidden="true"><span class="inTrolley"><span class="MUSpan_136377">0</span> in trolley</span></div></div>
		       </div>
		        <p class="clear"></p>
			 
			<div class="member-usuals-remove">
				<a href="#" class="action-removeFromUsuals usuals-remove">Remove from list <span class="accessibility">Basco Gluten Free Vanilla Cup Cakes 470g</span></a>			
			</div>
			
				<div class="list">
					<a href="#" class="action-addToList action-list-add">Add to list <span class="accessibility">Basco Gluten Free Vanilla Cup Cakes 470g</span></a> 
				</div>
				<div class="member-list-add">
					<a href="#" class="action-addToList action-list-add">Add to another list <span class="accessibility">Basco Gluten Free Vanilla Cup Cakes 470g</span></a>
				</div>
			
			<div class="member-list-remove">
				 <a href="#" class="action-removeFromList">Remove from list <span class="accessibility">Basco Gluten Free Vanilla Cup Cakes 470g</span></a> 
			</div>
			
				<div class="compareProd" role="presentation" aria-hidden="true">
					<a href="#" class="compare compare-add">Compare</a>
				</div>
			
				<a href="http://shop.coles.com.au/online/national/basco-gluten-free-cup-cakes-vanilla" class="product-url accessibility">More details for Basco&nbsp;Gluten Free Vanilla Cup Cakes</a>
			
		</div>  
      

       	
		    <div role="presentation" aria-hidden="true" id="share" class="share" data-social="{productImgUrl:'http://shop.coles.com.au:27900/wcsstore/Coles-CAS/images/6/4/3/6431967-th.jpg'
	                                               ,productDisplayUrl:'http://shop.coles.com.au/online/national/basco-gluten-free-cup-cakes-vanilla'
	                                               ,title:'Basco Gluten Free Vanilla Cup Cakes '
	                                               ,description:''}">
		 	</div>
 		
	</div>
</div>


	</form>
</div>


<span class="available hidden"></span>


<div class="outer-prod prodtile" data-refresh="{
					catalogId: &quot;10576&quot;,
					doInventory: &quot;N&quot;,
					fulfillmentCenterId: &quot;11576&quot;,
					forStoreId: &quot;10401&quot;,
					
					productDisplayURL: &quot;http://shop.coles.com.au/online/national/basco-soup-instant-creamy-chicken-vegetable&quot;				
			}">
	<form id="catEntryForm_75058" name="catEntryForm_75058" action="AjaxOrderChangeServiceItemAdd">
		
<div class=" " data-catentry="catEntry_75058" data-refresh="{
				addCalculationUsage: &quot;-1&quot;,
				langId: &quot;-1&quot;,
				storeId: &quot;10601&quot;, 
				catEntryId: &quot;75058&quot;, 
				catEntryName: &quot;Creamy Chicken &amp; Vegetable Instant Soup&quot;, 
				productView: &quot;list&quot;,
				productId: &quot;75058&quot;,
				itemId: &quot;138945&quot;,
				hideMultibuy: &quot;false&quot;,
                ticketType: &quot;&quot;,
                partNumber: &quot;6096567&quot;,
                offerCode: &quot;20140321&quot;
		}">
   	<div class="wrapper clearfix">   	
		

<h4 class="accessibility" id="heading_75058" tabindex="-1">
		Basco&nbsp;Creamy Chicken &amp; Vegetable Instant Soup&nbsp;
		30g&nbsp;
		 
</h4> 

<div class="offer-icon"></div>
<a role="presentation" aria-hidden="true" class="product-url" href="http://shop.coles.com.au/online/national/basco-soup-instant-creamy-chicken-vegetable">
	    <img role="presentation" aria-hidden="true" class="photo" src="/wcsstore/Coles-CAS/images/6/0/9/6096567-th.jpg" onerror="this.src='/wcsstore/ColesStorefrontAssetStore/dist/e0a775baf05f/images/spacer.gif'" alt="Creamy Chicken &amp; Vegetable Instant Soup" width="110" height="110">
	</a>

<div class="detail">	
    <span role="presentation" aria-hidden="true" class="brand">Basco</span>
    <span class="item" role="presentation" aria-hidden="true">
        <a role="presentation" aria-hidden="true" class="product-url" href="http://shop.coles.com.au/online/national/basco-soup-instant-creamy-chicken-vegetable">
        	Creamy Chicken &amp; Vegetable Instant Soup&nbsp;
        	30g
        </a>
    </span>
	<span class="size">
		Gluten &amp; Wheat Free	
 	</span>
</div>


	<div class="purchasing">	    
	    <div class="saving">
	    	
	    </div>
	   	
	    		<div class="price"><span class="accessibility">Purchase price </span><small>$</small>1.60</div>
	    	
	    <div class="unit-price"><span class="accessibility">Unit price </span>$5.33 per 100G</div>
	    <div class="special-offer">	    	
	    	
	    </div> 
	    <div class="availability">Temporarily unavailable</div>
	    <div class="purchase">
		
			<input type="number" title="Add Quantity for Basco Creamy Chicken &amp; Vegetable Instant Soup 30g" name="quantity" id="catEntry_75058_qty" value="1" maxlength="2" size="2" class="v-mandatory v-numeric v-minval-1">
	        <button role="button" type="submit" title="Add to trolley&nbsp;Basco Creamy Chicken &amp; Vegetable Instant Soup 30g" class="btn-red action-addToTrolley"><span role="presentation" aria-hidden="true">Add to trolley</span></button>
		
		</div>
	</div>
	<div class="lists">
		
	</div>


	    <div class="actions">
	        			
			   <div class="MUItemForTrolleyDiv MUItemForTrolley_138945" data-catentry="138945">
		         <div class="MUul_138945"><div class="MUli_138945 hidden" aria-hidden="true"><span class="inTrolley"><span class="MUSpan_138945">0</span> in trolley</span></div></div>
		       </div>
		        <p class="clear"></p>
			 
			<div class="member-usuals-remove">
				<a href="#" class="action-removeFromUsuals usuals-remove">Remove from list <span class="accessibility">Basco Creamy Chicken &amp; Vegetable Instant Soup 30g</span></a>			
			</div>
			
				<div class="list">
					<a href="#" class="action-addToList action-list-add">Add to list <span class="accessibility">Basco Creamy Chicken &amp; Vegetable Instant Soup 30g</span></a> 
				</div>
				<div class="member-list-add">
					<a href="#" class="action-addToList action-list-add">Add to another list <span class="accessibility">Basco Creamy Chicken &amp; Vegetable Instant Soup 30g</span></a>
				</div>
			
			<div class="member-list-remove">
				 <a href="#" class="action-removeFromList">Remove from list <span class="accessibility">Basco Creamy Chicken &amp; Vegetable Instant Soup 30g</span></a> 
			</div>
			
				<div class="compareProd" role="presentation" aria-hidden="true">
					<a href="#" class="compare compare-add">Compare</a>
				</div>
			
				<a href="http://shop.coles.com.au/online/national/basco-soup-instant-creamy-chicken-vegetable" class="product-url accessibility">More details for Basco&nbsp;Creamy Chicken &amp; Vegetable Instant Soup</a>
			
		</div>  
      

       	
		    <div role="presentation" aria-hidden="true" id="share" class="share" data-social="{productImgUrl:'http://shop.coles.com.au:27900/wcsstore/Coles-CAS/images/6/0/9/6096567-th.jpg'
	                                               ,productDisplayUrl:'http://shop.coles.com.au/online/national/basco-soup-instant-creamy-chicken-vegetable'
	                                               ,title:'Basco Creamy Chicken &amp; Vegetable Instant Soup Gluten &amp; Wheat Free'
	                                               ,description:''}">
		 	</div>
 		
	</div>
</div>


	</form>
</div>


<span class="available hidden"></span>


<div class="outer-prod prodtile" data-refresh="{
					catalogId: &quot;10576&quot;,
					doInventory: &quot;N&quot;,
					fulfillmentCenterId: &quot;11576&quot;,
					forStoreId: &quot;10401&quot;,
					
					productDisplayURL: &quot;http://shop.coles.com.au/online/national/basco-cake-mix-chocolate&quot;				
			}">
	<form id="catEntryForm_82087" name="catEntryForm_82087" action="AjaxOrderChangeServiceItemAdd">
		
<div class=" " data-catentry="catEntry_82087" data-refresh="{
				addCalculationUsage: &quot;-1&quot;,
				langId: &quot;-1&quot;,
				storeId: &quot;10601&quot;, 
				catEntryId: &quot;82087&quot;, 
				catEntryName: &quot;Chocolate Cake Mix&quot;, 
				productView: &quot;list&quot;,
				productId: &quot;82087&quot;,
				itemId: &quot;144658&quot;,
				hideMultibuy: &quot;false&quot;,
                ticketType: &quot;&quot;,
                partNumber: &quot;4596944&quot;,
                offerCode: &quot;20140320&quot;
		}">
   	<div class="wrapper clearfix">   	
		

<h4 class="accessibility" id="heading_82087" tabindex="-1">
		Basco&nbsp;Chocolate Cake Mix&nbsp;
		470g&nbsp;
		 
</h4> 

<div class="offer-icon"></div>
<a role="presentation" aria-hidden="true" class="product-url" href="http://shop.coles.com.au/online/national/basco-cake-mix-chocolate">
	    <img role="presentation" aria-hidden="true" class="photo" src="/wcsstore/Coles-CAS/images/4/5/9/4596944-th.jpg" onerror="this.src='/wcsstore/ColesStorefrontAssetStore/dist/e0a775baf05f/images/spacer.gif'" alt="Chocolate Cake Mix" width="110" height="110">
	</a>

<div class="detail">	
    <span role="presentation" aria-hidden="true" class="brand">Basco</span>
    <span class="item" role="presentation" aria-hidden="true">
        <a role="presentation" aria-hidden="true" class="product-url" href="http://shop.coles.com.au/online/national/basco-cake-mix-chocolate">
        	Chocolate Cake Mix&nbsp;
        	470g
        </a>
    </span>
	<span class="size">
		Gluten &amp; Wheat Free	
 	</span>
</div>


	<div class="purchasing">	    
	    <div class="saving">
	    	
	    </div>
	   	
	    		<div class="price"><span class="accessibility">Purchase price </span><small>$</small>4.28</div>
	    	
	    <div class="unit-price"><span class="accessibility">Unit price </span>$0.91 per 100G</div>
	    <div class="special-offer">	    	
	    	
	    </div> 
	    <div class="availability">Temporarily unavailable</div>
	    <div class="purchase">
		
			<input type="number" title="Add Quantity for Basco Chocolate Cake Mix 470g" name="quantity" id="catEntry_82087_qty" value="1" maxlength="2" size="2" class="v-mandatory v-numeric v-minval-1">
	        <button role="button" type="submit" title="Add to trolley&nbsp;Basco Chocolate Cake Mix 470g" class="btn-red action-addToTrolley"><span role="presentation" aria-hidden="true">Add to trolley</span></button>
		
		</div>
	</div>
	<div class="lists">
		
	</div>


	    <div class="actions">
	        			
			   <div class="MUItemForTrolleyDiv MUItemForTrolley_144658" data-catentry="144658">
		         <div class="MUul_144658"><div class="MUli_144658 hidden" aria-hidden="true"><span class="inTrolley"><span class="MUSpan_144658">0</span> in trolley</span></div></div>
		       </div>
		        <p class="clear"></p>
			 
			<div class="member-usuals-remove">
				<a href="#" class="action-removeFromUsuals usuals-remove">Remove from list <span class="accessibility">Basco Chocolate Cake Mix 470g</span></a>			
			</div>
			
				<div class="list">
					<a href="#" class="action-addToList action-list-add">Add to list <span class="accessibility">Basco Chocolate Cake Mix 470g</span></a> 
				</div>
				<div class="member-list-add">
					<a href="#" class="action-addToList action-list-add">Add to another list <span class="accessibility">Basco Chocolate Cake Mix 470g</span></a>
				</div>
			
			<div class="member-list-remove">
				 <a href="#" class="action-removeFromList">Remove from list <span class="accessibility">Basco Chocolate Cake Mix 470g</span></a> 
			</div>
			
				<div class="compareProd" role="presentation" aria-hidden="true">
					<a href="#" class="compare compare-add">Compare</a>
				</div>
			
				<a href="http://shop.coles.com.au/online/national/basco-cake-mix-chocolate" class="product-url accessibility">More details for Basco&nbsp;Chocolate Cake Mix</a>
			
		</div>  
      

       	
		    <div role="presentation" aria-hidden="true" id="share" class="share" data-social="{productImgUrl:'http://shop.coles.com.au:27900/wcsstore/Coles-CAS/images/4/5/9/4596944-th.jpg'
	                                               ,productDisplayUrl:'http://shop.coles.com.au/online/national/basco-cake-mix-chocolate'
	                                               ,title:'Basco Chocolate Cake Mix Gluten &amp; Wheat Free'
	                                               ,description:''}">
		 	</div>
 		
	</div>
</div>


	</form>
</div>


<span class="available hidden"></span>


<div class="outer-prod prodtile" data-refresh="{
					catalogId: &quot;10576&quot;,
					doInventory: &quot;N&quot;,
					fulfillmentCenterId: &quot;11576&quot;,
					forStoreId: &quot;10401&quot;,
					
					productDisplayURL: &quot;http://shop.coles.com.au/online/national/basco-gluten-free-popcorn&quot;				
			}">
	<form id="catEntryForm_97153" name="catEntryForm_97153" action="AjaxOrderChangeServiceItemAdd">
		
<div class=" " data-catentry="catEntry_97153" data-refresh="{
				addCalculationUsage: &quot;-1&quot;,
				langId: &quot;-1&quot;,
				storeId: &quot;10601&quot;, 
				catEntryId: &quot;97153&quot;, 
				catEntryName: &quot;Gluten Free Popcorn&quot;, 
				productView: &quot;list&quot;,
				productId: &quot;97153&quot;,
				itemId: &quot;155575&quot;,
				hideMultibuy: &quot;false&quot;,
                ticketType: &quot;&quot;,
                partNumber: &quot;9926773&quot;,
                offerCode: &quot;20140320&quot;
		}">
   	<div class="wrapper clearfix">   	
		

<h4 class="accessibility" id="heading_97153" tabindex="-1">
		Basco&nbsp;Gluten Free Popcorn&nbsp;
		85g&nbsp;
		 
</h4> 

<div class="offer-icon"></div>
<a role="presentation" aria-hidden="true" class="product-url" href="http://shop.coles.com.au/online/national/basco-gluten-free-popcorn">
	    <img role="presentation" aria-hidden="true" class="photo" src="/wcsstore/Coles-CAS/images/9/9/2/9926773-th.jpg" onerror="this.src='/wcsstore/ColesStorefrontAssetStore/dist/e0a775baf05f/images/spacer.gif'" alt="Gluten Free Popcorn" width="110" height="110">
	</a>

<div class="detail">	
    <span role="presentation" aria-hidden="true" class="brand">Basco</span>
    <span class="item" role="presentation" aria-hidden="true">
        <a role="presentation" aria-hidden="true" class="product-url" href="http://shop.coles.com.au/online/national/basco-gluten-free-popcorn">
        	Gluten Free Popcorn&nbsp;
        	85g
        </a>
    </span>
	<span class="size">
			
 	</span>
</div>


	<div class="purchasing">	    
	    <div class="saving">
	    	
	    </div>
	   	
	    		<div class="price"><span class="accessibility">Purchase price </span><small>$</small>2.20</div>
	    	
	    <div class="unit-price"><span class="accessibility">Unit price </span>$2.59 per 100G</div>
	    <div class="special-offer">	    	
	    	
	    </div> 
	    <div class="availability">Temporarily unavailable</div>
	    <div class="purchase">
		
			<input type="number" title="Add Quantity for Basco Gluten Free Popcorn 85g" name="quantity" id="catEntry_97153_qty" value="1" maxlength="2" size="2" class="v-mandatory v-numeric v-minval-1">
	        <button role="button" type="submit" title="Add to trolley&nbsp;Basco Gluten Free Popcorn 85g" class="btn-red action-addToTrolley"><span role="presentation" aria-hidden="true">Add to trolley</span></button>
		
		</div>
	</div>
	<div class="lists">
		
	</div>


	    <div class="actions">
	        			
			   <div class="MUItemForTrolleyDiv MUItemForTrolley_155575" data-catentry="155575">
		         <div class="MUul_155575"><div class="MUli_155575 hidden" aria-hidden="true"><span class="inTrolley"><span class="MUSpan_155575">0</span> in trolley</span></div></div>
		       </div>
		        <p class="clear"></p>
			 
			<div class="member-usuals-remove">
				<a href="#" class="action-removeFromUsuals usuals-remove">Remove from list <span class="accessibility">Basco Gluten Free Popcorn 85g</span></a>			
			</div>
			
				<div class="list">
					<a href="#" class="action-addToList action-list-add">Add to list <span class="accessibility">Basco Gluten Free Popcorn 85g</span></a> 
				</div>
				<div class="member-list-add">
					<a href="#" class="action-addToList action-list-add">Add to another list <span class="accessibility">Basco Gluten Free Popcorn 85g</span></a>
				</div>
			
			<div class="member-list-remove">
				 <a href="#" class="action-removeFromList">Remove from list <span class="accessibility">Basco Gluten Free Popcorn 85g</span></a> 
			</div>
			
				<div class="compareProd" role="presentation" aria-hidden="true">
					<a href="#" class="compare compare-add">Compare</a>
				</div>
			
				<a href="http://shop.coles.com.au/online/national/basco-gluten-free-popcorn" class="product-url accessibility">More details for Basco&nbsp;Gluten Free Popcorn</a>
			
		</div>  
      

       	
		    <div role="presentation" aria-hidden="true" id="share" class="share" data-social="{productImgUrl:'http://shop.coles.com.au:27900/wcsstore/Coles-CAS/images/9/9/2/9926773-th.jpg'
	                                               ,productDisplayUrl:'http://shop.coles.com.au/online/national/basco-gluten-free-popcorn'
	                                               ,title:'Basco Gluten Free Popcorn '
	                                               ,description:''}">
		 	</div>
 		
	</div>
</div>


	</form>
</div>


<span class="available hidden"></span>


<div class="outer-prod prodtile" data-refresh="{
					catalogId: &quot;10576&quot;,
					doInventory: &quot;N&quot;,
					fulfillmentCenterId: &quot;11576&quot;,
					forStoreId: &quot;10401&quot;,
					
					productDisplayURL: &quot;http://shop.coles.com.au/online/national/basco-caramel-mud-cake&quot;				
			}">
	<form id="catEntryForm_251175" name="catEntryForm_251175" action="AjaxOrderChangeServiceItemAdd">
		
<div class=" " data-catentry="catEntry_251175" data-refresh="{
				addCalculationUsage: &quot;-1&quot;,
				langId: &quot;-1&quot;,
				storeId: &quot;10601&quot;, 
				catEntryId: &quot;251175&quot;, 
				catEntryName: &quot;Caramel Mud Cake&quot;, 
				productView: &quot;list&quot;,
				productId: &quot;251175&quot;,
				itemId: &quot;251356&quot;,
				hideMultibuy: &quot;false&quot;,
                ticketType: &quot;&quot;,
                partNumber: &quot;1462952&quot;,
                offerCode: &quot;20140913&quot;
		}">
   	<div class="wrapper clearfix">   	
		

<h4 class="accessibility" id="heading_251175" tabindex="-1">
		Basco&nbsp;Caramel Mud Cake&nbsp;
		600g&nbsp;
		 
</h4> 

<div class="offer-icon"></div>
<a role="presentation" aria-hidden="true" class="product-url" href="http://shop.coles.com.au/online/national/basco-caramel-mud-cake">
	    <img role="presentation" aria-hidden="true" class="photo" src="/wcsstore/Coles-CAS/images/1/4/6/1462952-th.jpg" onerror="this.src='/wcsstore/ColesStorefrontAssetStore/dist/e0a775baf05f/images/spacer.gif'" alt="Caramel Mud Cake" width="110" height="110">
	</a>

<div class="detail">	
    <span role="presentation" aria-hidden="true" class="brand">Basco</span>
    <span class="item" role="presentation" aria-hidden="true">
        <a role="presentation" aria-hidden="true" class="product-url" href="http://shop.coles.com.au/online/national/basco-caramel-mud-cake">
        	Caramel Mud Cake&nbsp;
        	600g
        </a>
    </span>
	<span class="size">
			
 	</span>
</div>


	<div class="purchasing">	    
	    <div class="saving">
	    	
	    </div>
	   	
	    		<div class="price"><span class="accessibility">Purchase price </span><small>$</small>6.05</div>
	    	
	    <div class="unit-price"><span class="accessibility">Unit price </span>$1.01 per 100G</div>
	    <div class="special-offer">	    	
	    	
	    </div> 
	    <div class="availability">Temporarily unavailable</div>
	    <div class="purchase">
		
			<input type="number" title="Add Quantity for Basco Caramel Mud Cake 600g" name="quantity" id="catEntry_251175_qty" value="1" maxlength="2" size="2" class="v-mandatory v-numeric v-minval-1">
	        <button role="button" type="submit" title="Add to trolley&nbsp;Basco Caramel Mud Cake 600g" class="btn-red action-addToTrolley"><span role="presentation" aria-hidden="true">Add to trolley</span></button>
		
		</div>
	</div>
	<div class="lists">
		
	</div>


	    <div class="actions">
	        			
			   <div class="MUItemForTrolleyDiv MUItemForTrolley_251356" data-catentry="251356">
		         <div class="MUul_251356"><div class="MUli_251356 hidden" aria-hidden="true"><span class="inTrolley"><span class="MUSpan_251356">0</span> in trolley</span></div></div>
		       </div>
		        <p class="clear"></p>
			 
			<div class="member-usuals-remove">
				<a href="#" class="action-removeFromUsuals usuals-remove">Remove from list <span class="accessibility">Basco Caramel Mud Cake 600g</span></a>			
			</div>
			
				<div class="list">
					<a href="#" class="action-addToList action-list-add">Add to list <span class="accessibility">Basco Caramel Mud Cake 600g</span></a> 
				</div>
				<div class="member-list-add">
					<a href="#" class="action-addToList action-list-add">Add to another list <span class="accessibility">Basco Caramel Mud Cake 600g</span></a>
				</div>
			
			<div class="member-list-remove">
				 <a href="#" class="action-removeFromList">Remove from list <span class="accessibility">Basco Caramel Mud Cake 600g</span></a> 
			</div>
			
				<div class="compareProd" role="presentation" aria-hidden="true">
					<a href="#" class="compare compare-add">Compare</a>
				</div>
			
				<a href="http://shop.coles.com.au/online/national/basco-caramel-mud-cake" class="product-url accessibility">More details for Basco&nbsp;Caramel Mud Cake</a>
			
		</div>  
      

       	
		    <div role="presentation" aria-hidden="true" id="share" class="share" data-social="{productImgUrl:'http://shop.coles.com.au:27900/wcsstore/Coles-CAS/images/1/4/6/1462952-th.jpg'
	                                               ,productDisplayUrl:'http://shop.coles.com.au/online/national/basco-caramel-mud-cake'
	                                               ,title:'Basco Caramel Mud Cake '
	                                               ,description:''}">
		 	</div>
 		
	</div>
</div>


	</form>
</div>


<span class="available hidden"></span>


<div class="outer-prod prodtile" data-refresh="{
					catalogId: &quot;10576&quot;,
					doInventory: &quot;N&quot;,
					fulfillmentCenterId: &quot;11576&quot;,
					forStoreId: &quot;10401&quot;,
					
					productDisplayURL: &quot;http://shop.coles.com.au/online/national/bassetts-liquorice-allsorts-1689131p&quot;				
			}">
	<form id="catEntryForm_365058" name="catEntryForm_365058" action="AjaxOrderChangeServiceItemAdd">
		
<div class=" " data-catentry="catEntry_365058" data-refresh="{
				addCalculationUsage: &quot;-1&quot;,
				langId: &quot;-1&quot;,
				storeId: &quot;10601&quot;, 
				catEntryId: &quot;365058&quot;, 
				catEntryName: &quot;Liquorice Allsorts&quot;, 
				productView: &quot;list&quot;,
				productId: &quot;365058&quot;,
				itemId: &quot;365096&quot;,
				hideMultibuy: &quot;false&quot;,
                ticketType: &quot;&quot;,
                partNumber: &quot;1689131&quot;,
                offerCode: &quot;20140418&quot;
		}">
   	<div class="wrapper clearfix">   	
		

<h4 class="accessibility" id="heading_365058" tabindex="-1">
		Bassetts&nbsp;Liquorice Allsorts&nbsp;
		215g&nbsp;
		 
</h4> 

<div class="offer-icon"></div>
<a role="presentation" aria-hidden="true" class="product-url" href="http://shop.coles.com.au/online/national/bassetts-liquorice-allsorts-1689131p">
	    <img role="presentation" aria-hidden="true" class="photo" src="/wcsstore/Coles-CAS/images/1/6/8/1689131-th.jpg" onerror="this.src='/wcsstore/ColesStorefrontAssetStore/dist/e0a775baf05f/images/spacer.gif'" alt="Liquorice Allsorts" width="110" height="110">
	</a>

<div class="detail">	
    <span role="presentation" aria-hidden="true" class="brand">Bassetts</span>
    <span class="item" role="presentation" aria-hidden="true">
        <a role="presentation" aria-hidden="true" class="product-url" href="http://shop.coles.com.au/online/national/bassetts-liquorice-allsorts-1689131p">
        	Liquorice Allsorts&nbsp;
        	215g
        </a>
    </span>
	<span class="size">
			
 	</span>
</div>


	<div class="purchasing">	    
	    <div class="saving">
	    	
	    </div>
	   	
	    		<div class="price"><span class="accessibility">Purchase price </span><small>$</small>5.45</div>
	    	
	    <div class="unit-price"><span class="accessibility">Unit price </span>$2.53 per 100G</div>
	    <div class="special-offer">	    	
	    	
	    </div> 
	    <div class="availability">Temporarily unavailable</div>
	    <div class="purchase">
		
			<input type="number" title="Add Quantity for Bassetts Liquorice Allsorts 215g" name="quantity" id="catEntry_365058_qty" value="1" maxlength="2" size="2" class="v-mandatory v-numeric v-minval-1">
	        <button role="button" type="submit" title="Add to trolley&nbsp;Bassetts Liquorice Allsorts 215g" class="btn-red action-addToTrolley"><span role="presentation" aria-hidden="true">Add to trolley</span></button>
		
		</div>
	</div>
	<div class="lists">
		
	</div>


	    <div class="actions">
	        			
			   <div class="MUItemForTrolleyDiv MUItemForTrolley_365096" data-catentry="365096">
		         <div class="MUul_365096"><div class="MUli_365096 hidden" aria-hidden="true"><span class="inTrolley"><span class="MUSpan_365096">0</span> in trolley</span></div></div>
		       </div>
		        <p class="clear"></p>
			 
			<div class="member-usuals-remove">
				<a href="#" class="action-removeFromUsuals usuals-remove">Remove from list <span class="accessibility">Bassetts Liquorice Allsorts 215g</span></a>			
			</div>
			
				<div class="list">
					<a href="#" class="action-addToList action-list-add">Add to list <span class="accessibility">Bassetts Liquorice Allsorts 215g</span></a> 
				</div>
				<div class="member-list-add">
					<a href="#" class="action-addToList action-list-add">Add to another list <span class="accessibility">Bassetts Liquorice Allsorts 215g</span></a>
				</div>
			
			<div class="member-list-remove">
				 <a href="#" class="action-removeFromList">Remove from list <span class="accessibility">Bassetts Liquorice Allsorts 215g</span></a> 
			</div>
			
				<div class="compareProd" role="presentation" aria-hidden="true">
					<a href="#" class="compare compare-add">Compare</a>
				</div>
			
				<a href="http://shop.coles.com.au/online/national/bassetts-liquorice-allsorts-1689131p" class="product-url accessibility">More details for Bassetts&nbsp;Liquorice Allsorts</a>
			
		</div>  
      

       	
		    <div role="presentation" aria-hidden="true" id="share" class="share" data-social="{productImgUrl:'http://shop.coles.com.au:27900/wcsstore/Coles-CAS/images/1/6/8/1689131-th.jpg'
	                                               ,productDisplayUrl:'http://shop.coles.com.au/online/national/bassetts-liquorice-allsorts-1689131p'
	                                               ,title:'Bassetts Liquorice Allsorts '
	                                               ,description:''}">
		 	</div>
 		
	</div>
</div>


	</form>
</div>


<span class="available hidden"></span>


<div class="outer-prod prodtile" data-refresh="{
					catalogId: &quot;10576&quot;,
					doInventory: &quot;N&quot;,
					fulfillmentCenterId: &quot;11576&quot;,
					forStoreId: &quot;10401&quot;,
					
					productDisplayURL: &quot;http://shop.coles.com.au/online/national/baxters-chutney-tomato-with-red-peppers&quot;				
			}">
	<form id="catEntryForm_47554" name="catEntryForm_47554" action="AjaxOrderChangeServiceItemAdd">
		
<div class=" " data-catentry="catEntry_47554" data-refresh="{
				addCalculationUsage: &quot;-1&quot;,
				langId: &quot;-1&quot;,
				storeId: &quot;10601&quot;, 
				catEntryId: &quot;47554&quot;, 
				catEntryName: &quot;Tomato with Red Peppers Chutney&quot;, 
				productView: &quot;list&quot;,
				productId: &quot;47554&quot;,
				itemId: &quot;157515&quot;,
				hideMultibuy: &quot;false&quot;,
                ticketType: &quot;&quot;,
                partNumber: &quot;9193220&quot;,
                offerCode: &quot;20140502&quot;
		}">
   	<div class="wrapper clearfix">   	
		

<h4 class="accessibility" id="heading_47554" tabindex="-1">
		Baxters&nbsp;Tomato with Red Peppers Chutney&nbsp;
		250g&nbsp;
		 
</h4> 

<div class="offer-icon"></div>
<a role="presentation" aria-hidden="true" class="product-url" href="http://shop.coles.com.au/online/national/baxters-chutney-tomato-with-red-peppers">
	    <img role="presentation" aria-hidden="true" class="photo" src="/wcsstore/Coles-CAS/images/9/1/9/9193220-th.jpg" onerror="this.src='/wcsstore/ColesStorefrontAssetStore/dist/e0a775baf05f/images/spacer.gif'" alt="Tomato with Red Peppers Chutney" width="110" height="110">
	</a>

<div class="detail">	
    <span role="presentation" aria-hidden="true" class="brand">Baxters</span>
    <span class="item" role="presentation" aria-hidden="true">
        <a role="presentation" aria-hidden="true" class="product-url" href="http://shop.coles.com.au/online/national/baxters-chutney-tomato-with-red-peppers">
        	Tomato with Red Peppers Chutney&nbsp;
        	250g
        </a>
    </span>
	<span class="size">
			
 	</span>
</div>


	<div class="purchasing">	    
	    <div class="saving">
	    	
	    </div>
	   	
	    		<div class="price"><span class="accessibility">Purchase price </span><small>$</small>4.07</div>
	    	
	    <div class="unit-price"><span class="accessibility">Unit price </span>$1.63 per 100G</div>
	    <div class="special-offer">	    	
	    	
	    </div> 
	    <div class="availability">Temporarily unavailable</div>
	    <div class="purchase">
		
			<input type="number" title="Add Quantity for Baxters Tomato with Red Peppers Chutney 250g" name="quantity" id="catEntry_47554_qty" value="1" maxlength="2" size="2" class="v-mandatory v-numeric v-minval-1">
	        <button role="button" type="submit" title="Add to trolley&nbsp;Baxters Tomato with Red Peppers Chutney 250g" class="btn-red action-addToTrolley"><span role="presentation" aria-hidden="true">Add to trolley</span></button>
		
		</div>
	</div>
	<div class="lists">
		
	</div>


	    <div class="actions">
	        			
			   <div class="MUItemForTrolleyDiv MUItemForTrolley_157515" data-catentry="157515">
		         <div class="MUul_157515"><div class="MUli_157515 hidden" aria-hidden="true"><span class="inTrolley"><span class="MUSpan_157515">0</span> in trolley</span></div></div>
		       </div>
		        <p class="clear"></p>
			 
			<div class="member-usuals-remove">
				<a href="#" class="action-removeFromUsuals usuals-remove">Remove from list <span class="accessibility">Baxters Tomato with Red Peppers Chutney 250g</span></a>			
			</div>
			
				<div class="list">
					<a href="#" class="action-addToList action-list-add">Add to list <span class="accessibility">Baxters Tomato with Red Peppers Chutney 250g</span></a> 
				</div>
				<div class="member-list-add">
					<a href="#" class="action-addToList action-list-add">Add to another list <span class="accessibility">Baxters Tomato with Red Peppers Chutney 250g</span></a>
				</div>
			
			<div class="member-list-remove">
				 <a href="#" class="action-removeFromList">Remove from list <span class="accessibility">Baxters Tomato with Red Peppers Chutney 250g</span></a> 
			</div>
			
				<div class="compareProd" role="presentation" aria-hidden="true">
					<a href="#" class="compare compare-add">Compare</a>
				</div>
			
				<a href="http://shop.coles.com.au/online/national/baxters-chutney-tomato-with-red-peppers" class="product-url accessibility">More details for Baxters&nbsp;Tomato with Red Peppers Chutney</a>
			
		</div>  
      

       	
		    <div role="presentation" aria-hidden="true" id="share" class="share" data-social="{productImgUrl:'http://shop.coles.com.au:27900/wcsstore/Coles-CAS/images/9/1/9/9193220-th.jpg'
	                                               ,productDisplayUrl:'http://shop.coles.com.au/online/national/baxters-chutney-tomato-with-red-peppers'
	                                               ,title:'Baxters Tomato with Red Peppers Chutney '
	                                               ,description:''}">
		 	</div>
 		
	</div>
</div>


	</form>
</div>


<span class="available hidden"></span>


<div class="outer-prod prodtile" data-refresh="{
					catalogId: &quot;10576&quot;,
					doInventory: &quot;N&quot;,
					fulfillmentCenterId: &quot;11576&quot;,
					forStoreId: &quot;10401&quot;,
					
					productDisplayURL: &quot;http://shop.coles.com.au/online/national/baxters-sauce-redcurrant-jelly&quot;				
			}">
	<form id="catEntryForm_59965" name="catEntryForm_59965" action="AjaxOrderChangeServiceItemAdd">
		
<div class=" " data-catentry="catEntry_59965" data-refresh="{
				addCalculationUsage: &quot;-1&quot;,
				langId: &quot;-1&quot;,
				storeId: &quot;10601&quot;, 
				catEntryId: &quot;59965&quot;, 
				catEntryName: &quot;Redcurrant Jelly&quot;, 
				productView: &quot;list&quot;,
				productId: &quot;59965&quot;,
				itemId: &quot;121522&quot;,
				hideMultibuy: &quot;false&quot;,
                ticketType: &quot;&quot;,
                partNumber: &quot;7834288&quot;,
                offerCode: &quot;20140322&quot;
		}">
   	<div class="wrapper clearfix">   	
		

<h4 class="accessibility" id="heading_59965" tabindex="-1">
		Baxters&nbsp;Redcurrant Jelly&nbsp;
		210g&nbsp;
		 
</h4> 

<div class="offer-icon"></div>
<a role="presentation" aria-hidden="true" class="product-url" href="http://shop.coles.com.au/online/national/baxters-sauce-redcurrant-jelly">
	    <img role="presentation" aria-hidden="true" class="photo" src="/wcsstore/Coles-CAS/images/7/8/3/7834288-th.jpg" onerror="this.src='/wcsstore/ColesStorefrontAssetStore/dist/e0a775baf05f/images/spacer.gif'" alt="Redcurrant Jelly" width="110" height="110">
	</a>

<div class="detail">	
    <span role="presentation" aria-hidden="true" class="brand">Baxters</span>
    <span class="item" role="presentation" aria-hidden="true">
        <a role="presentation" aria-hidden="true" class="product-url" href="http://shop.coles.com.au/online/national/baxters-sauce-redcurrant-jelly">
        	Redcurrant Jelly&nbsp;
        	210g
        </a>
    </span>
	<span class="size">
			
 	</span>
</div>


	<div class="purchasing">	    
	    <div class="saving">
	    	
	    </div>
	   	
	    		<div class="price"><span class="accessibility">Purchase price </span><small>$</small>4.61</div>
	    	
	    <div class="unit-price"><span class="accessibility">Unit price </span>$2.20 per 100G</div>
	    <div class="special-offer">	    	
	    	
	    </div> 
	    <div class="availability">Temporarily unavailable</div>
	    <div class="purchase">
		
			<input type="number" title="Add Quantity for Baxters Redcurrant Jelly 210g" name="quantity" id="catEntry_59965_qty" value="1" maxlength="2" size="2" class="v-mandatory v-numeric v-minval-1">
	        <button role="button" type="submit" title="Add to trolley&nbsp;Baxters Redcurrant Jelly 210g" class="btn-red action-addToTrolley"><span role="presentation" aria-hidden="true">Add to trolley</span></button>
		
		</div>
	</div>
	<div class="lists">
		
	</div>


	    <div class="actions">
	        			
			   <div class="MUItemForTrolleyDiv MUItemForTrolley_121522" data-catentry="121522">
		         <div class="MUul_121522"><div class="MUli_121522 hidden" aria-hidden="true"><span class="inTrolley"><span class="MUSpan_121522">0</span> in trolley</span></div></div>
		       </div>
		        <p class="clear"></p>
			 
			<div class="member-usuals-remove">
				<a href="#" class="action-removeFromUsuals usuals-remove">Remove from list <span class="accessibility">Baxters Redcurrant Jelly 210g</span></a>			
			</div>
			
				<div class="list">
					<a href="#" class="action-addToList action-list-add">Add to list <span class="accessibility">Baxters Redcurrant Jelly 210g</span></a> 
				</div>
				<div class="member-list-add">
					<a href="#" class="action-addToList action-list-add">Add to another list <span class="accessibility">Baxters Redcurrant Jelly 210g</span></a>
				</div>
			
			<div class="member-list-remove">
				 <a href="#" class="action-removeFromList">Remove from list <span class="accessibility">Baxters Redcurrant Jelly 210g</span></a> 
			</div>
			
				<div class="compareProd" role="presentation" aria-hidden="true">
					<a href="#" class="compare compare-add">Compare</a>
				</div>
			
				<a href="http://shop.coles.com.au/online/national/baxters-sauce-redcurrant-jelly" class="product-url accessibility">More details for Baxters&nbsp;Redcurrant Jelly</a>
			
		</div>  
      

       	
		    <div role="presentation" aria-hidden="true" id="share" class="share" data-social="{productImgUrl:'http://shop.coles.com.au:27900/wcsstore/Coles-CAS/images/7/8/3/7834288-th.jpg'
	                                               ,productDisplayUrl:'http://shop.coles.com.au/online/national/baxters-sauce-redcurrant-jelly'
	                                               ,title:'Baxters Redcurrant Jelly '
	                                               ,description:''}">
		 	</div>
 		
	</div>
</div>


	</form>
</div>


<span class="available hidden"></span>


<div class="outer-prod prodtile" data-refresh="{
					catalogId: &quot;10576&quot;,
					doInventory: &quot;N&quot;,
					fulfillmentCenterId: &quot;11576&quot;,
					forStoreId: &quot;10401&quot;,
					
					productDisplayURL: &quot;http://shop.coles.com.au/online/national/be-natrual-dark-chocolate-berry-bars-6-pack&quot;				
			}">
	<form id="catEntryForm_370130" name="catEntryForm_370130" action="AjaxOrderChangeServiceItemAdd">
		
<div class=" " data-catentry="catEntry_370130" data-refresh="{
				addCalculationUsage: &quot;-1&quot;,
				langId: &quot;-1&quot;,
				storeId: &quot;10601&quot;, 
				catEntryId: &quot;370130&quot;, 
				catEntryName: &quot;Dark Chocolate Berry Bars 6 pack&quot;, 
				productView: &quot;list&quot;,
				productId: &quot;370130&quot;,
				itemId: &quot;370233&quot;,
				hideMultibuy: &quot;false&quot;,
                ticketType: &quot;&quot;,
                partNumber: &quot;1897081&quot;,
                offerCode: &quot;20150115&quot;
		}">
   	<div class="wrapper clearfix">   	
		

<h4 class="accessibility" id="heading_370130" tabindex="-1">
		Be Natrual&nbsp;Dark Chocolate Berry Bars 6 pack&nbsp;
		160g&nbsp;
		 
</h4> 

<div class="offer-icon"></div>
<a role="presentation" aria-hidden="true" class="product-url" href="http://shop.coles.com.au/online/national/be-natrual-dark-chocolate-berry-bars-6-pack">
	    <img role="presentation" aria-hidden="true" class="photo" src="/wcsstore/Coles-CAS/images/1/8/9/1897081-th.jpg" onerror="this.src='/wcsstore/ColesStorefrontAssetStore/dist/e0a775baf05f/images/spacer.gif'" alt="Dark Chocolate Berry Bars 6 pack" width="110" height="110">
	</a>

<div class="detail">	
    <span role="presentation" aria-hidden="true" class="brand">Be Natrual</span>
    <span class="item" role="presentation" aria-hidden="true">
        <a role="presentation" aria-hidden="true" class="product-url" href="http://shop.coles.com.au/online/national/be-natrual-dark-chocolate-berry-bars-6-pack">
        	Dark Chocolate Berry Bars 6 pack&nbsp;
        	160g
        </a>
    </span>
	<span class="size">
			
 	</span>
</div>


	<div class="purchasing">	    
	    <div class="saving">
	    	
	    </div>
	   	
	    		<div class="price"><span class="accessibility">Purchase price </span><small>$</small>5.61</div>
	    	
	    <div class="unit-price"><span class="accessibility">Unit price </span>$3.51 per 100G</div>
	    <div class="special-offer">	    	
	    	
	    </div> 
	    <div class="availability">Temporarily unavailable</div>
	    <div class="purchase">
		
			<input type="number" title="Add Quantity for Be Natrual Dark Chocolate Berry Bars 6 pack 160g" name="quantity" id="catEntry_370130_qty" value="1" maxlength="2" size="2" class="v-mandatory v-numeric v-minval-1">
	        <button role="button" type="submit" title="Add to trolley&nbsp;Be Natrual Dark Chocolate Berry Bars 6 pack 160g" class="btn-red action-addToTrolley"><span role="presentation" aria-hidden="true">Add to trolley</span></button>
		
		</div>
	</div>
	<div class="lists">
		
	</div>


	    <div class="actions">
	        			
			   <div class="MUItemForTrolleyDiv MUItemForTrolley_370233" data-catentry="370233">
		         <div class="MUul_370233"><div class="MUli_370233 hidden" aria-hidden="true"><span class="inTrolley"><span class="MUSpan_370233">0</span> in trolley</span></div></div>
		       </div>
		        <p class="clear"></p>
			 
			<div class="member-usuals-remove">
				<a href="#" class="action-removeFromUsuals usuals-remove">Remove from list <span class="accessibility">Be Natrual Dark Chocolate Berry Bars 6 pack 160g</span></a>			
			</div>
			
				<div class="list">
					<a href="#" class="action-addToList action-list-add">Add to list <span class="accessibility">Be Natrual Dark Chocolate Berry Bars 6 pack 160g</span></a> 
				</div>
				<div class="member-list-add">
					<a href="#" class="action-addToList action-list-add">Add to another list <span class="accessibility">Be Natrual Dark Chocolate Berry Bars 6 pack 160g</span></a>
				</div>
			
			<div class="member-list-remove">
				 <a href="#" class="action-removeFromList">Remove from list <span class="accessibility">Be Natrual Dark Chocolate Berry Bars 6 pack 160g</span></a> 
			</div>
			
				<div class="compareProd" role="presentation" aria-hidden="true">
					<a href="#" class="compare compare-add">Compare</a>
				</div>
			
				<a href="http://shop.coles.com.au/online/national/be-natrual-dark-chocolate-berry-bars-6-pack" class="product-url accessibility">More details for Be Natrual&nbsp;Dark Chocolate Berry Bars 6 pack</a>
			
		</div>  
      

       	
		    <div role="presentation" aria-hidden="true" id="share" class="share" data-social="{productImgUrl:'http://shop.coles.com.au:27900/wcsstore/Coles-CAS/images/1/8/9/1897081-th.jpg'
	                                               ,productDisplayUrl:'http://shop.coles.com.au/online/national/be-natrual-dark-chocolate-berry-bars-6-pack'
	                                               ,title:'Be Natrual Dark Chocolate Berry Bars 6 pack '
	                                               ,description:''}">
		 	</div>
 		
	</div>
</div>


	</form>
</div>


<span class="available hidden"></span>


<div class="outer-prod prodtile" data-refresh="{
					catalogId: &quot;10576&quot;,
					doInventory: &quot;N&quot;,
					fulfillmentCenterId: &quot;11576&quot;,
					forStoreId: &quot;10401&quot;,
					
					productDisplayURL: &quot;http://shop.coles.com.au/online/national/be-natural-trail-bars-nut-and-fruit&quot;				
			}">
	<form id="catEntryForm_72390" name="catEntryForm_72390" action="AjaxOrderChangeServiceItemAdd">
		
<div class=" " data-catentry="catEntry_72390" data-refresh="{
				addCalculationUsage: &quot;-1&quot;,
				langId: &quot;-1&quot;,
				storeId: &quot;10601&quot;, 
				catEntryId: &quot;72390&quot;, 
				catEntryName: &quot;Trail Bars Nut &amp; Fruit&quot;, 
				productView: &quot;list&quot;,
				productId: &quot;72390&quot;,
				itemId: &quot;140130&quot;,
				hideMultibuy: &quot;false&quot;,
                ticketType: &quot;&quot;,
                partNumber: &quot;6115275&quot;,
                offerCode: &quot;20140917&quot;
		}">
   	<div class="wrapper clearfix">   	
		

<h4 class="accessibility" id="heading_72390" tabindex="-1">
		Be Natural&nbsp;Trail Bars Nut &amp; Fruit&nbsp;
		192g&nbsp;
		 
</h4> 

<div class="offer-icon"></div>
<a role="presentation" aria-hidden="true" class="product-url" href="http://shop.coles.com.au/online/national/be-natural-trail-bars-nut-and-fruit">
	    <img role="presentation" aria-hidden="true" class="photo" src="/wcsstore/Coles-CAS/images/6/1/1/6115275-th.jpg" onerror="this.src='/wcsstore/ColesStorefrontAssetStore/dist/e0a775baf05f/images/spacer.gif'" alt="Trail Bars Nut &amp; Fruit" width="110" height="110">
	</a>

<div class="detail">	
    <span role="presentation" aria-hidden="true" class="brand">Be Natural</span>
    <span class="item" role="presentation" aria-hidden="true">
        <a role="presentation" aria-hidden="true" class="product-url" href="http://shop.coles.com.au/online/national/be-natural-trail-bars-nut-and-fruit">
        	Trail Bars Nut &amp; Fruit&nbsp;
        	192g
        </a>
    </span>
	<span class="size">
			
 	</span>
</div>


	<div class="purchasing">	    
	    <div class="saving">
	    	
	    </div>
	   	
	    		<div class="price"><span class="accessibility">Purchase price </span><small>$</small>4.39</div>
	    	
	    <div class="unit-price"><span class="accessibility">Unit price </span>$2.29 per 100G</div>
	    <div class="special-offer">	    	
	    	
	    </div> 
	    <div class="availability">Temporarily unavailable</div>
	    <div class="purchase">
		
			<input type="number" title="Add Quantity for Be Natural Trail Bars Nut &amp; Fruit 192g" name="quantity" id="catEntry_72390_qty" value="1" maxlength="2" size="2" class="v-mandatory v-numeric v-minval-1">
	        <button role="button" type="submit" title="Add to trolley&nbsp;Be Natural Trail Bars Nut &amp; Fruit 192g" class="btn-red action-addToTrolley"><span role="presentation" aria-hidden="true">Add to trolley</span></button>
		
		</div>
	</div>
	<div class="lists">
		
	</div>


	    <div class="actions">
	        			
			   <div class="MUItemForTrolleyDiv MUItemForTrolley_140130" data-catentry="140130">
		         <div class="MUul_140130"><div class="MUli_140130 hidden" aria-hidden="true"><span class="inTrolley"><span class="MUSpan_140130">0</span> in trolley</span></div></div>
		       </div>
		        <p class="clear"></p>
			 
			<div class="member-usuals-remove">
				<a href="#" class="action-removeFromUsuals usuals-remove">Remove from list <span class="accessibility">Be Natural Trail Bars Nut &amp; Fruit 192g</span></a>			
			</div>
			
				<div class="list">
					<a href="#" class="action-addToList action-list-add">Add to list <span class="accessibility">Be Natural Trail Bars Nut &amp; Fruit 192g</span></a> 
				</div>
				<div class="member-list-add">
					<a href="#" class="action-addToList action-list-add">Add to another list <span class="accessibility">Be Natural Trail Bars Nut &amp; Fruit 192g</span></a>
				</div>
			
			<div class="member-list-remove">
				 <a href="#" class="action-removeFromList">Remove from list <span class="accessibility">Be Natural Trail Bars Nut &amp; Fruit 192g</span></a> 
			</div>
			
				<div class="compareProd" role="presentation" aria-hidden="true">
					<a href="#" class="compare compare-add">Compare</a>
				</div>
			
				<a href="http://shop.coles.com.au/online/national/be-natural-trail-bars-nut-and-fruit" class="product-url accessibility">More details for Be Natural&nbsp;Trail Bars Nut &amp; Fruit</a>
			
		</div>  
      

       	
		    <div role="presentation" aria-hidden="true" id="share" class="share" data-social="{productImgUrl:'http://shop.coles.com.au:27900/wcsstore/Coles-CAS/images/6/1/1/6115275-th.jpg'
	                                               ,productDisplayUrl:'http://shop.coles.com.au/online/national/be-natural-trail-bars-nut-and-fruit'
	                                               ,title:'Be Natural Trail Bars Nut &amp; Fruit '
	                                               ,description:''}">
		 	</div>
 		
	</div>
</div>


	</form>
</div>


<span class="available hidden"></span>


<div class="outer-prod prodtile" data-refresh="{
					catalogId: &quot;10576&quot;,
					doInventory: &quot;N&quot;,
					fulfillmentCenterId: &quot;11576&quot;,
					forStoreId: &quot;10401&quot;,
					
					productDisplayURL: &quot;http://shop.coles.com.au/online/national/be-natural-porridge-3-grain-pink-lady-apple-raisin-coconut&quot;				
			}">
	<form id="catEntryForm_174002" name="catEntryForm_174002" action="AjaxOrderChangeServiceItemAdd">
		
<div class=" " data-catentry="catEntry_174002" data-refresh="{
				addCalculationUsage: &quot;-1&quot;,
				langId: &quot;-1&quot;,
				storeId: &quot;10601&quot;, 
				catEntryId: &quot;174002&quot;, 
				catEntryName: &quot;3 Grain Pink Lady Apple Raisin &amp; Coconut Porridge&quot;, 
				productView: &quot;list&quot;,
				productId: &quot;174002&quot;,
				itemId: &quot;175014&quot;,
				hideMultibuy: &quot;false&quot;,
                ticketType: &quot;&quot;,
                partNumber: &quot;1198366&quot;,
                offerCode: &quot;20140917&quot;
		}">
   	<div class="wrapper clearfix">   	
		

<h4 class="accessibility" id="heading_174002" tabindex="-1">
		Be Natural&nbsp;3 Grain Pink Lady Apple Raisin &amp; Coconut Porridge&nbsp;
		520g&nbsp;
		 
</h4> 

<div class="offer-icon"></div>
<a role="presentation" aria-hidden="true" class="product-url" href="http://shop.coles.com.au/online/national/be-natural-porridge-3-grain-pink-lady-apple-raisin-coconut">
	    <img role="presentation" aria-hidden="true" class="photo" src="/wcsstore/Coles-CAS/images/1/1/9/1198366-th.jpg" onerror="this.src='/wcsstore/ColesStorefrontAssetStore/dist/e0a775baf05f/images/spacer.gif'" alt="3 Grain Pink Lady Apple Raisin &amp; Coconut Porridge" width="110" height="110">
	</a>

<div class="detail">	
    <span role="presentation" aria-hidden="true" class="brand">Be Natural</span>
    <span class="item" role="presentation" aria-hidden="true">
        <a role="presentation" aria-hidden="true" class="product-url" href="http://shop.coles.com.au/online/national/be-natural-porridge-3-grain-pink-lady-apple-raisin-coconut">
        	3 Grain Pink Lady Apple Raisin &amp; Coconut Porridge&nbsp;
        	520g
        </a>
    </span>
	<span class="size">
			
 	</span>
</div>


	<div class="purchasing">	    
	    <div class="saving">
	    	
	    </div>
	   	
	    		<div class="price"><span class="accessibility">Purchase price </span><small>$</small>5.50</div>
	    	
	    <div class="unit-price"><span class="accessibility">Unit price </span>$1.06 per 100G</div>
	    <div class="special-offer">	    	
	    	
	    </div> 
	    <div class="availability">Temporarily unavailable</div>
	    <div class="purchase">
		
			<input type="number" title="Add Quantity for Be Natural 3 Grain Pink Lady Apple Raisin &amp; Coconut Porridge 520g" name="quantity" id="catEntry_174002_qty" value="1" maxlength="2" size="2" class="v-mandatory v-numeric v-minval-1">
	        <button role="button" type="submit" title="Add to trolley&nbsp;Be Natural 3 Grain Pink Lady Apple Raisin &amp; Coconut Porridge 520g" class="btn-red action-addToTrolley"><span role="presentation" aria-hidden="true">Add to trolley</span></button>
		
		</div>
	</div>
	<div class="lists">
		
	</div>


	    <div class="actions">
	        			
			   <div class="MUItemForTrolleyDiv MUItemForTrolley_175014" data-catentry="175014">
		         <div class="MUul_175014"><div class="MUli_175014 hidden" aria-hidden="true"><span class="inTrolley"><span class="MUSpan_175014">0</span> in trolley</span></div></div>
		       </div>
		        <p class="clear"></p>
			 
			<div class="member-usuals-remove">
				<a href="#" class="action-removeFromUsuals usuals-remove">Remove from list <span class="accessibility">Be Natural 3 Grain Pink Lady Apple Raisin &amp; Coconut Porridge 520g</span></a>			
			</div>
			
				<div class="list">
					<a href="#" class="action-addToList action-list-add">Add to list <span class="accessibility">Be Natural 3 Grain Pink Lady Apple Raisin &amp; Coconut Porridge 520g</span></a> 
				</div>
				<div class="member-list-add">
					<a href="#" class="action-addToList action-list-add">Add to another list <span class="accessibility">Be Natural 3 Grain Pink Lady Apple Raisin &amp; Coconut Porridge 520g</span></a>
				</div>
			
			<div class="member-list-remove">
				 <a href="#" class="action-removeFromList">Remove from list <span class="accessibility">Be Natural 3 Grain Pink Lady Apple Raisin &amp; Coconut Porridge 520g</span></a> 
			</div>
			
				<div class="compareProd" role="presentation" aria-hidden="true">
					<a href="#" class="compare compare-add">Compare</a>
				</div>
			
				<a href="http://shop.coles.com.au/online/national/be-natural-porridge-3-grain-pink-lady-apple-raisin-coconut" class="product-url accessibility">More details for Be Natural&nbsp;3 Grain Pink Lady Apple Raisin &amp; Coconut Porridge</a>
			
		</div>  
      

       	
		    <div role="presentation" aria-hidden="true" id="share" class="share" data-social="{productImgUrl:'http://shop.coles.com.au:27900/wcsstore/Coles-CAS/images/1/1/9/1198366-th.jpg'
	                                               ,productDisplayUrl:'http://shop.coles.com.au/online/national/be-natural-porridge-3-grain-pink-lady-apple-raisin-coconut'
	                                               ,title:'Be Natural 3 Grain Pink Lady Apple Raisin &amp; Coconut Porridge '
	                                               ,description:''}">
		 	</div>
 		
	</div>
</div>


	</form>
</div>


<span class="available hidden"></span>


<div class="outer-prod prodtile" data-refresh="{
					catalogId: &quot;10576&quot;,
					doInventory: &quot;N&quot;,
					fulfillmentCenterId: &quot;11576&quot;,
					forStoreId: &quot;10401&quot;,
					
					productDisplayURL: &quot;http://shop.coles.com.au/online/national/be-natural--porridge-3-grain-honey&quot;				
			}">
	<form id="catEntryForm_186022" name="catEntryForm_186022" action="AjaxOrderChangeServiceItemAdd">
		
<div class=" " data-catentry="catEntry_186022" data-refresh="{
				addCalculationUsage: &quot;-1&quot;,
				langId: &quot;-1&quot;,
				storeId: &quot;10601&quot;, 
				catEntryId: &quot;186022&quot;, 
				catEntryName: &quot;Porridge 3 Grain Honey&quot;, 
				productView: &quot;list&quot;,
				productId: &quot;186022&quot;,
				itemId: &quot;186048&quot;,
				hideMultibuy: &quot;false&quot;,
                ticketType: &quot;&quot;,
                partNumber: &quot;1196190&quot;,
                offerCode: &quot;20140917&quot;
		}">
   	<div class="wrapper clearfix">   	
		

<h4 class="accessibility" id="heading_186022" tabindex="-1">
		Be Natural &nbsp;Porridge 3 Grain Honey&nbsp;
		490g&nbsp;
		 
</h4> 

<div class="offer-icon"></div>
<a role="presentation" aria-hidden="true" class="product-url" href="http://shop.coles.com.au/online/national/be-natural--porridge-3-grain-honey">
	    <img role="presentation" aria-hidden="true" class="photo" src="/wcsstore/Coles-CAS/images/1/1/9/1196190-th.jpg" onerror="this.src='/wcsstore/ColesStorefrontAssetStore/dist/e0a775baf05f/images/spacer.gif'" alt="Porridge 3 Grain Honey" width="110" height="110">
	</a>

<div class="detail">	
    <span role="presentation" aria-hidden="true" class="brand">Be Natural </span>
    <span class="item" role="presentation" aria-hidden="true">
        <a role="presentation" aria-hidden="true" class="product-url" href="http://shop.coles.com.au/online/national/be-natural--porridge-3-grain-honey">
        	Porridge 3 Grain Honey&nbsp;
        	490g
        </a>
    </span>
	<span class="size">
			
 	</span>
</div>


	<div class="purchasing">	    
	    <div class="saving">
	    	
	    </div>
	   	
	    		<div class="price"><span class="accessibility">Purchase price </span><small>$</small>5.50</div>
	    	
	    <div class="unit-price"><span class="accessibility">Unit price </span>$1.12 per 100G</div>
	    <div class="special-offer">	    	
	    	
	    </div> 
	    <div class="availability">Temporarily unavailable</div>
	    <div class="purchase">
		
			<input type="number" title="Add Quantity for Be Natural  Porridge 3 Grain Honey 490g" name="quantity" id="catEntry_186022_qty" value="1" maxlength="2" size="2" class="v-mandatory v-numeric v-minval-1">
	        <button role="button" type="submit" title="Add to trolley&nbsp;Be Natural  Porridge 3 Grain Honey 490g" class="btn-red action-addToTrolley"><span role="presentation" aria-hidden="true">Add to trolley</span></button>
		
		</div>
	</div>
	<div class="lists">
		
	</div>


	    <div class="actions">
	        			
			   <div class="MUItemForTrolleyDiv MUItemForTrolley_186048" data-catentry="186048">
		         <div class="MUul_186048"><div class="MUli_186048 hidden" aria-hidden="true"><span class="inTrolley"><span class="MUSpan_186048">0</span> in trolley</span></div></div>
		       </div>
		        <p class="clear"></p>
			 
			<div class="member-usuals-remove">
				<a href="#" class="action-removeFromUsuals usuals-remove">Remove from list <span class="accessibility">Be Natural  Porridge 3 Grain Honey 490g</span></a>			
			</div>
			
				<div class="list">
					<a href="#" class="action-addToList action-list-add">Add to list <span class="accessibility">Be Natural  Porridge 3 Grain Honey 490g</span></a> 
				</div>
				<div class="member-list-add">
					<a href="#" class="action-addToList action-list-add">Add to another list <span class="accessibility">Be Natural  Porridge 3 Grain Honey 490g</span></a>
				</div>
			
			<div class="member-list-remove">
				 <a href="#" class="action-removeFromList">Remove from list <span class="accessibility">Be Natural  Porridge 3 Grain Honey 490g</span></a> 
			</div>
			
				<div class="compareProd" role="presentation" aria-hidden="true">
					<a href="#" class="compare compare-add">Compare</a>
				</div>
			
				<a href="http://shop.coles.com.au/online/national/be-natural--porridge-3-grain-honey" class="product-url accessibility">More details for Be Natural &nbsp;Porridge 3 Grain Honey</a>
			
		</div>  
      

       	
		    <div role="presentation" aria-hidden="true" id="share" class="share" data-social="{productImgUrl:'http://shop.coles.com.au:27900/wcsstore/Coles-CAS/images/1/1/9/1196190-th.jpg'
	                                               ,productDisplayUrl:'http://shop.coles.com.au/online/national/be-natural--porridge-3-grain-honey'
	                                               ,title:'Be Natural  Porridge 3 Grain Honey '
	                                               ,description:''}">
		 	</div>
 		
	</div>
</div>


	</form>
</div>


<span class="available hidden"></span>


<div class="outer-prod prodtile" data-refresh="{
					catalogId: &quot;10576&quot;,
					doInventory: &quot;N&quot;,
					fulfillmentCenterId: &quot;11576&quot;,
					forStoreId: &quot;10401&quot;,
					
					productDisplayURL: &quot;http://shop.coles.com.au/online/national/be-natural-almond-cranberry-nut-bars-4-pack&quot;				
			}">
	<form id="catEntryForm_370129" name="catEntryForm_370129" action="AjaxOrderChangeServiceItemAdd">
		
<div class=" " data-catentry="catEntry_370129" data-refresh="{
				addCalculationUsage: &quot;-1&quot;,
				langId: &quot;-1&quot;,
				storeId: &quot;10601&quot;, 
				catEntryId: &quot;370129&quot;, 
				catEntryName: &quot;Almond Cranberry Nut Bars 4 pack&quot;, 
				productView: &quot;list&quot;,
				productId: &quot;370129&quot;,
				itemId: &quot;370272&quot;,
				hideMultibuy: &quot;false&quot;,
                ticketType: &quot;&quot;,
                partNumber: &quot;1897092&quot;,
                offerCode: &quot;20150115&quot;
		}">
   	<div class="wrapper clearfix">   	
		

<h4 class="accessibility" id="heading_370129" tabindex="-1">
		Be Natural&nbsp;Almond Cranberry Nut Bars 4 pack&nbsp;
		160g&nbsp;
		 
</h4> 

<div class="offer-icon"></div>
<a role="presentation" aria-hidden="true" class="product-url" href="http://shop.coles.com.au/online/national/be-natural-almond-cranberry-nut-bars-4-pack">
	    <img role="presentation" aria-hidden="true" class="photo" src="/wcsstore/Coles-CAS/images/1/8/9/1897092-th.jpg" onerror="this.src='/wcsstore/ColesStorefrontAssetStore/dist/e0a775baf05f/images/spacer.gif'" alt="Almond Cranberry Nut Bars 4 pack" width="110" height="110">
	</a>

<div class="detail">	
    <span role="presentation" aria-hidden="true" class="brand">Be Natural</span>
    <span class="item" role="presentation" aria-hidden="true">
        <a role="presentation" aria-hidden="true" class="product-url" href="http://shop.coles.com.au/online/national/be-natural-almond-cranberry-nut-bars-4-pack">
        	Almond Cranberry Nut Bars 4 pack&nbsp;
        	160g
        </a>
    </span>
	<span class="size">
			
 	</span>
</div>


	<div class="purchasing">	    
	    <div class="saving">
	    	
	    </div>
	   	
	    		<div class="price"><span class="accessibility">Purchase price </span><small>$</small>5.67</div>
	    	
	    <div class="unit-price"><span class="accessibility">Unit price </span>$3.54 per 100G</div>
	    <div class="special-offer">	    	
	    	
	    </div> 
	    <div class="availability">Temporarily unavailable</div>
	    <div class="purchase">
		
			<input type="number" title="Add Quantity for Be Natural Almond Cranberry Nut Bars 4 pack 160g" name="quantity" id="catEntry_370129_qty" value="1" maxlength="2" size="2" class="v-mandatory v-numeric v-minval-1">
	        <button role="button" type="submit" title="Add to trolley&nbsp;Be Natural Almond Cranberry Nut Bars 4 pack 160g" class="btn-red action-addToTrolley"><span role="presentation" aria-hidden="true">Add to trolley</span></button>
		
		</div>
	</div>
	<div class="lists">
		
	</div>


	    <div class="actions">
	        			
			   <div class="MUItemForTrolleyDiv MUItemForTrolley_370272" data-catentry="370272">
		         <div class="MUul_370272"><div class="MUli_370272 hidden" aria-hidden="true"><span class="inTrolley"><span class="MUSpan_370272">0</span> in trolley</span></div></div>
		       </div>
		        <p class="clear"></p>
			 
			<div class="member-usuals-remove">
				<a href="#" class="action-removeFromUsuals usuals-remove">Remove from list <span class="accessibility">Be Natural Almond Cranberry Nut Bars 4 pack 160g</span></a>			
			</div>
			
				<div class="list">
					<a href="#" class="action-addToList action-list-add">Add to list <span class="accessibility">Be Natural Almond Cranberry Nut Bars 4 pack 160g</span></a> 
				</div>
				<div class="member-list-add">
					<a href="#" class="action-addToList action-list-add">Add to another list <span class="accessibility">Be Natural Almond Cranberry Nut Bars 4 pack 160g</span></a>
				</div>
			
			<div class="member-list-remove">
				 <a href="#" class="action-removeFromList">Remove from list <span class="accessibility">Be Natural Almond Cranberry Nut Bars 4 pack 160g</span></a> 
			</div>
			
				<div class="compareProd" role="presentation" aria-hidden="true">
					<a href="#" class="compare compare-add">Compare</a>
				</div>
			
				<a href="http://shop.coles.com.au/online/national/be-natural-almond-cranberry-nut-bars-4-pack" class="product-url accessibility">More details for Be Natural&nbsp;Almond Cranberry Nut Bars 4 pack</a>
			
		</div>  
      

       	
		    <div role="presentation" aria-hidden="true" id="share" class="share" data-social="{productImgUrl:'http://shop.coles.com.au:27900/wcsstore/Coles-CAS/images/1/8/9/1897092-th.jpg'
	                                               ,productDisplayUrl:'http://shop.coles.com.au/online/national/be-natural-almond-cranberry-nut-bars-4-pack'
	                                               ,title:'Be Natural Almond Cranberry Nut Bars 4 pack '
	                                               ,description:''}">
		 	</div>
 		
	</div>
</div>


	</form>
</div>


<span class="available hidden"></span>


<div class="outer-prod prodtile" data-refresh="{
					catalogId: &quot;10576&quot;,
					doInventory: &quot;N&quot;,
					fulfillmentCenterId: &quot;11576&quot;,
					forStoreId: &quot;10401&quot;,
					
					productDisplayURL: &quot;http://shop.coles.com.au/online/national/beacon-fizzer-faves&quot;				
			}">
	<form id="catEntryForm_64825" name="catEntryForm_64825" action="AjaxOrderChangeServiceItemAdd">
		
<div class=" " data-catentry="catEntry_64825" data-refresh="{
				addCalculationUsage: &quot;-1&quot;,
				langId: &quot;-1&quot;,
				storeId: &quot;10601&quot;, 
				catEntryId: &quot;64825&quot;, 
				catEntryName: &quot;Sherbert Fizzer Faves&quot;, 
				productView: &quot;list&quot;,
				productId: &quot;64825&quot;,
				itemId: &quot;128379&quot;,
				hideMultibuy: &quot;false&quot;,
                ticketType: &quot;&quot;,
                partNumber: &quot;7578406&quot;,
                offerCode: &quot;20141110&quot;
		}">
   	<div class="wrapper clearfix">   	
		

<h4 class="accessibility" id="heading_64825" tabindex="-1">
		Beacon&nbsp;Sherbert Fizzer Faves&nbsp;
		92g&nbsp;
		 
</h4> 

<div class="offer-icon"></div>
<a role="presentation" aria-hidden="true" class="product-url" href="http://shop.coles.com.au/online/national/beacon-fizzer-faves">
	    <img role="presentation" aria-hidden="true" class="photo" src="/wcsstore/Coles-CAS/images/7/5/7/7578406-th.jpg" onerror="this.src='/wcsstore/ColesStorefrontAssetStore/dist/e0a775baf05f/images/spacer.gif'" alt="Sherbert Fizzer Faves" width="110" height="110">
	</a>

<div class="detail">	
    <span role="presentation" aria-hidden="true" class="brand">Beacon</span>
    <span class="item" role="presentation" aria-hidden="true">
        <a role="presentation" aria-hidden="true" class="product-url" href="http://shop.coles.com.au/online/national/beacon-fizzer-faves">
        	Sherbert Fizzer Faves&nbsp;
        	92g
        </a>
    </span>
	<span class="size">
			
 	</span>
</div>


	<div class="purchasing">	    
	    <div class="saving">
	    	
	    </div>
	   	
	    		<div class="price"><span class="accessibility">Purchase price </span><small>$</small>2.59</div>
	    	
	    <div class="unit-price"><span class="accessibility">Unit price </span>$2.82 per 100G</div>
	    <div class="special-offer">	    	
	    	
	    </div> 
	    <div class="availability">Temporarily unavailable</div>
	    <div class="purchase">
		
			<input type="number" title="Add Quantity for Beacon Sherbert Fizzer Faves 92g" name="quantity" id="catEntry_64825_qty" value="1" maxlength="2" size="2" class="v-mandatory v-numeric v-minval-1">
	        <button role="button" type="submit" title="Add to trolley&nbsp;Beacon Sherbert Fizzer Faves 92g" class="btn-red action-addToTrolley"><span role="presentation" aria-hidden="true">Add to trolley</span></button>
		
		</div>
	</div>
	<div class="lists">
		
	</div>


	    <div class="actions">
	        			
			   <div class="MUItemForTrolleyDiv MUItemForTrolley_128379" data-catentry="128379">
		         <div class="MUul_128379"><div class="MUli_128379 hidden" aria-hidden="true"><span class="inTrolley"><span class="MUSpan_128379">0</span> in trolley</span></div></div>
		       </div>
		        <p class="clear"></p>
			 
			<div class="member-usuals-remove">
				<a href="#" class="action-removeFromUsuals usuals-remove">Remove from list <span class="accessibility">Beacon Sherbert Fizzer Faves 92g</span></a>			
			</div>
			
				<div class="list">
					<a href="#" class="action-addToList action-list-add">Add to list <span class="accessibility">Beacon Sherbert Fizzer Faves 92g</span></a> 
				</div>
				<div class="member-list-add">
					<a href="#" class="action-addToList action-list-add">Add to another list <span class="accessibility">Beacon Sherbert Fizzer Faves 92g</span></a>
				</div>
			
			<div class="member-list-remove">
				 <a href="#" class="action-removeFromList">Remove from list <span class="accessibility">Beacon Sherbert Fizzer Faves 92g</span></a> 
			</div>
			
				<div class="compareProd" role="presentation" aria-hidden="true">
					<a href="#" class="compare compare-add">Compare</a>
				</div>
			
				<a href="http://shop.coles.com.au/online/national/beacon-fizzer-faves" class="product-url accessibility">More details for Beacon&nbsp;Sherbert Fizzer Faves</a>
			
		</div>  
      

       	
		    <div role="presentation" aria-hidden="true" id="share" class="share" data-social="{productImgUrl:'http://shop.coles.com.au:27900/wcsstore/Coles-CAS/images/7/5/7/7578406-th.jpg'
	                                               ,productDisplayUrl:'http://shop.coles.com.au/online/national/beacon-fizzer-faves'
	                                               ,title:'Beacon Sherbert Fizzer Faves '
	                                               ,description:'They&amp;#039;re way surprising.'}">
		 	</div>
 		
	</div>
</div>


	</form>
</div>


<span class="available hidden"></span>


<div class="outer-prod prodtile" data-refresh="{
					catalogId: &quot;10576&quot;,
					doInventory: &quot;N&quot;,
					fulfillmentCenterId: &quot;11576&quot;,
					forStoreId: &quot;10401&quot;,
					
					productDisplayURL: &quot;http://shop.coles.com.au/online/national/bean-ground-drunk-organic-ground-decaffeinated-coffee&quot;				
			}">
	<form id="catEntryForm_406077" name="catEntryForm_406077" action="AjaxOrderChangeServiceItemAdd">
		
<div class=" " data-catentry="catEntry_406077" data-refresh="{
				addCalculationUsage: &quot;-1&quot;,
				langId: &quot;-1&quot;,
				storeId: &quot;10601&quot;, 
				catEntryId: &quot;406077&quot;, 
				catEntryName: &quot;Organic Ground Decaffeinated Coffee&quot;, 
				productView: &quot;list&quot;,
				productId: &quot;406077&quot;,
				itemId: &quot;406185&quot;,
				hideMultibuy: &quot;false&quot;,
                ticketType: &quot;&quot;,
                partNumber: &quot;2007099&quot;,
                offerCode: &quot;20130907&quot;
		}">
   	<div class="wrapper clearfix">   	
		

<h4 class="accessibility" id="heading_406077" tabindex="-1">
		Bean Ground &amp; Drunk&nbsp;Organic Ground Decaffeinated Coffee&nbsp;
		250g&nbsp;
		 
</h4> 

<div class="offer-icon"></div>
<a role="presentation" aria-hidden="true" class="product-url" href="http://shop.coles.com.au/online/national/bean-ground-drunk-organic-ground-decaffeinated-coffee">
	    <img role="presentation" aria-hidden="true" class="photo" src="/wcsstore/Coles-CAS/images/2/0/0/2007099-th.jpg" onerror="this.src='/wcsstore/ColesStorefrontAssetStore/dist/e0a775baf05f/images/spacer.gif'" alt="Organic Ground Decaffeinated Coffee" width="110" height="110">
	</a>

<div class="detail">	
    <span role="presentation" aria-hidden="true" class="brand">Bean Ground &amp; Drunk</span>
    <span class="item" role="presentation" aria-hidden="true">
        <a role="presentation" aria-hidden="true" class="product-url" href="http://shop.coles.com.au/online/national/bean-ground-drunk-organic-ground-decaffeinated-coffee">
        	Organic Ground Decaffeinated Coffee&nbsp;
        	250g
        </a>
    </span>
	<span class="size">
			
 	</span>
</div>


	<div class="purchasing">	    
	    <div class="saving">
	    	
	    </div>
	   	
	    		<div class="price"><span class="accessibility">Purchase price </span><small>$</small>10.44</div>
	    	
	    <div class="unit-price"><span class="accessibility">Unit price </span>$4.18 per 100G</div>
	    <div class="special-offer">	    	
	    	
	    </div> 
	    <div class="availability">Temporarily unavailable</div>
	    <div class="purchase">
		
			<input type="number" title="Add Quantity for Bean Ground &amp; Drunk Organic Ground Decaffeinated Coffee 250g" name="quantity" id="catEntry_406077_qty" value="1" maxlength="2" size="2" class="v-mandatory v-numeric v-minval-1">
	        <button role="button" type="submit" title="Add to trolley&nbsp;Bean Ground &amp; Drunk Organic Ground Decaffeinated Coffee 250g" class="btn-red action-addToTrolley"><span role="presentation" aria-hidden="true">Add to trolley</span></button>
		
		</div>
	</div>
	<div class="lists">
		
	</div>


	    <div class="actions">
	        			
			   <div class="MUItemForTrolleyDiv MUItemForTrolley_406185" data-catentry="406185">
		         <div class="MUul_406185"><div class="MUli_406185 hidden" aria-hidden="true"><span class="inTrolley"><span class="MUSpan_406185">0</span> in trolley</span></div></div>
		       </div>
		        <p class="clear"></p>
			 
			<div class="member-usuals-remove">
				<a href="#" class="action-removeFromUsuals usuals-remove">Remove from list <span class="accessibility">Bean Ground &amp; Drunk Organic Ground Decaffeinated Coffee 250g</span></a>			
			</div>
			
				<div class="list">
					<a href="#" class="action-addToList action-list-add">Add to list <span class="accessibility">Bean Ground &amp; Drunk Organic Ground Decaffeinated Coffee 250g</span></a> 
				</div>
				<div class="member-list-add">
					<a href="#" class="action-addToList action-list-add">Add to another list <span class="accessibility">Bean Ground &amp; Drunk Organic Ground Decaffeinated Coffee 250g</span></a>
				</div>
			
			<div class="member-list-remove">
				 <a href="#" class="action-removeFromList">Remove from list <span class="accessibility">Bean Ground &amp; Drunk Organic Ground Decaffeinated Coffee 250g</span></a> 
			</div>
			
				<div class="compareProd" role="presentation" aria-hidden="true">
					<a href="#" class="compare compare-add">Compare</a>
				</div>
			
				<a href="http://shop.coles.com.au/online/national/bean-ground-drunk-organic-ground-decaffeinated-coffee" class="product-url accessibility">More details for Bean Ground &amp; Drunk&nbsp;Organic Ground Decaffeinated Coffee</a>
			
		</div>  
      

       	
		    <div role="presentation" aria-hidden="true" id="share" class="share" data-social="{productImgUrl:'http://shop.coles.com.au:27900/wcsstore/Coles-CAS/images/2/0/0/2007099-th.jpg'
	                                               ,productDisplayUrl:'http://shop.coles.com.au/online/national/bean-ground-drunk-organic-ground-decaffeinated-coffee'
	                                               ,title:'Bean Ground &amp; Drunk Organic Ground Decaffeinated Coffee '
	                                               ,description:''}">
		 	</div>
 		
	</div>
</div>


	</form>
</div>


<span class="available hidden"></span>


<div class="outer-prod prodtile" data-refresh="{
					catalogId: &quot;10576&quot;,
					doInventory: &quot;N&quot;,
					fulfillmentCenterId: &quot;11576&quot;,
					forStoreId: &quot;10401&quot;,
					
					productDisplayURL: &quot;http://shop.coles.com.au/online/national/beechworth-honey-honeycomb&quot;				
			}">
	<form id="catEntryForm_69198" name="catEntryForm_69198" action="AjaxOrderChangeServiceItemAdd">
		
<div class=" " data-catentry="catEntry_69198" data-refresh="{
				addCalculationUsage: &quot;-1&quot;,
				langId: &quot;-1&quot;,
				storeId: &quot;10601&quot;, 
				catEntryId: &quot;69198&quot;, 
				catEntryName: &quot;Honey &amp; Honeycomb&quot;, 
				productView: &quot;list&quot;,
				productId: &quot;69198&quot;,
				itemId: &quot;133975&quot;,
				hideMultibuy: &quot;false&quot;,
                ticketType: &quot;&quot;,
                partNumber: &quot;7009740&quot;,
                offerCode: &quot;20150107&quot;
		}">
   	<div class="wrapper clearfix">   	
		

<h4 class="accessibility" id="heading_69198" tabindex="-1">
		Beechworth&nbsp;Honey &amp; Honeycomb&nbsp;
		400g&nbsp;
		 
</h4> 

<div class="offer-icon"></div>
<a role="presentation" aria-hidden="true" class="product-url" href="http://shop.coles.com.au/online/national/beechworth-honey-honeycomb">
	    <img role="presentation" aria-hidden="true" class="photo" src="/wcsstore/Coles-CAS/images/7/0/0/7009740-th.jpg" onerror="this.src='/wcsstore/ColesStorefrontAssetStore/dist/e0a775baf05f/images/spacer.gif'" alt="Honey &amp; Honeycomb" width="110" height="110">
	</a>

<div class="detail">	
    <span role="presentation" aria-hidden="true" class="brand">Beechworth</span>
    <span class="item" role="presentation" aria-hidden="true">
        <a role="presentation" aria-hidden="true" class="product-url" href="http://shop.coles.com.au/online/national/beechworth-honey-honeycomb">
        	Honey &amp; Honeycomb&nbsp;
        	400g
        </a>
    </span>
	<span class="size">
			
 	</span>
</div>


	<div class="purchasing">	    
	    <div class="saving">
	    	
	    </div>
	   	
	    		<div class="price"><span class="accessibility">Purchase price </span><small>$</small>7.69</div>
	    	
	    <div class="unit-price"><span class="accessibility">Unit price </span>$1.92 per 100G</div>
	    <div class="special-offer">	    	
	    	
	    </div> 
	    <div class="availability">Temporarily unavailable</div>
	    <div class="purchase">
		
			<input type="number" title="Add Quantity for Beechworth Honey &amp; Honeycomb 400g" name="quantity" id="catEntry_69198_qty" value="1" maxlength="2" size="2" class="v-mandatory v-numeric v-minval-1">
	        <button role="button" type="submit" title="Add to trolley&nbsp;Beechworth Honey &amp; Honeycomb 400g" class="btn-red action-addToTrolley"><span role="presentation" aria-hidden="true">Add to trolley</span></button>
		
		</div>
	</div>
	<div class="lists">
		
	</div>


	    <div class="actions">
	        			
			   <div class="MUItemForTrolleyDiv MUItemForTrolley_133975" data-catentry="133975">
		         <div class="MUul_133975"><div class="MUli_133975 hidden" aria-hidden="true"><span class="inTrolley"><span class="MUSpan_133975">0</span> in trolley</span></div></div>
		       </div>
		        <p class="clear"></p>
			 
			<div class="member-usuals-remove">
				<a href="#" class="action-removeFromUsuals usuals-remove">Remove from list <span class="accessibility">Beechworth Honey &amp; Honeycomb 400g</span></a>			
			</div>
			
				<div class="list">
					<a href="#" class="action-addToList action-list-add">Add to list <span class="accessibility">Beechworth Honey &amp; Honeycomb 400g</span></a> 
				</div>
				<div class="member-list-add">
					<a href="#" class="action-addToList action-list-add">Add to another list <span class="accessibility">Beechworth Honey &amp; Honeycomb 400g</span></a>
				</div>
			
			<div class="member-list-remove">
				 <a href="#" class="action-removeFromList">Remove from list <span class="accessibility">Beechworth Honey &amp; Honeycomb 400g</span></a> 
			</div>
			
				<div class="compareProd" role="presentation" aria-hidden="true">
					<a href="#" class="compare compare-add">Compare</a>
				</div>
			
				<a href="http://shop.coles.com.au/online/national/beechworth-honey-honeycomb" class="product-url accessibility">More details for Beechworth&nbsp;Honey &amp; Honeycomb</a>
			
		</div>  
      

       	
		    <div role="presentation" aria-hidden="true" id="share" class="share" data-social="{productImgUrl:'http://shop.coles.com.au:27900/wcsstore/Coles-CAS/images/7/0/0/7009740-th.jpg'
	                                               ,productDisplayUrl:'http://shop.coles.com.au/online/national/beechworth-honey-honeycomb'
	                                               ,title:'Beechworth Honey &amp; Honeycomb '
	                                               ,description:''}">
		 	</div>
 		
	</div>
</div>


	</form>
</div>


<span class="available hidden"></span>


<div class="outer-prod prodtile" data-refresh="{
					catalogId: &quot;10576&quot;,
					doInventory: &quot;N&quot;,
					fulfillmentCenterId: &quot;11576&quot;,
					forStoreId: &quot;10401&quot;,
					
					productDisplayURL: &quot;http://shop.coles.com.au/online/national/beerenberg-chutney-tomato-hot&quot;				
			}">
	<form id="catEntryForm_84611" name="catEntryForm_84611" action="AjaxOrderChangeServiceItemAdd">
		
<div class=" " data-catentry="catEntry_84611" data-refresh="{
				addCalculationUsage: &quot;-1&quot;,
				langId: &quot;-1&quot;,
				storeId: &quot;10601&quot;, 
				catEntryId: &quot;84611&quot;, 
				catEntryName: &quot;Tomato Hot Chutney&quot;, 
				productView: &quot;list&quot;,
				productId: &quot;84611&quot;,
				itemId: &quot;149626&quot;,
				hideMultibuy: &quot;false&quot;,
                ticketType: &quot;&quot;,
                partNumber: &quot;367457&quot;,
                offerCode: &quot;20140709&quot;
		}">
   	<div class="wrapper clearfix">   	
		

<h4 class="accessibility" id="heading_84611" tabindex="-1">
		Beerenberg&nbsp;Tomato Hot Chutney&nbsp;
		260g&nbsp;
		 
</h4> 

<div class="offer-icon"></div>
<a role="presentation" aria-hidden="true" class="product-url" href="http://shop.coles.com.au/online/national/beerenberg-chutney-tomato-hot">
	    <img role="presentation" aria-hidden="true" class="photo" src="/wcsstore/Coles-CAS/images/3/6/7/367457-th.jpg" onerror="this.src='/wcsstore/ColesStorefrontAssetStore/dist/e0a775baf05f/images/spacer.gif'" alt="Tomato Hot Chutney" width="110" height="110">
	</a>

<div class="detail">	
    <span role="presentation" aria-hidden="true" class="brand">Beerenberg</span>
    <span class="item" role="presentation" aria-hidden="true">
        <a role="presentation" aria-hidden="true" class="product-url" href="http://shop.coles.com.au/online/national/beerenberg-chutney-tomato-hot">
        	Tomato Hot Chutney&nbsp;
        	260g
        </a>
    </span>
	<span class="size">
			
 	</span>
</div>


	<div class="purchasing">	    
	    <div class="saving">
	    	
	    </div>
	   	
	    		<div class="price"><span class="accessibility">Purchase price </span><small>$</small>5.16</div>
	    	
	    <div class="unit-price"><span class="accessibility">Unit price </span>$1.98 per 100G</div>
	    <div class="special-offer">	    	
	    	
	    </div> 
	    <div class="availability">Temporarily unavailable</div>
	    <div class="purchase">
		
			<input type="number" title="Add Quantity for Beerenberg Tomato Hot Chutney 260g" name="quantity" id="catEntry_84611_qty" value="1" maxlength="2" size="2" class="v-mandatory v-numeric v-minval-1">
	        <button role="button" type="submit" title="Add to trolley&nbsp;Beerenberg Tomato Hot Chutney 260g" class="btn-red action-addToTrolley"><span role="presentation" aria-hidden="true">Add to trolley</span></button>
		
		</div>
	</div>
	<div class="lists">
		
	</div>


	    <div class="actions">
	        			
			   <div class="MUItemForTrolleyDiv MUItemForTrolley_149626" data-catentry="149626">
		         <div class="MUul_149626"><div class="MUli_149626 hidden" aria-hidden="true"><span class="inTrolley"><span class="MUSpan_149626">0</span> in trolley</span></div></div>
		       </div>
		        <p class="clear"></p>
			 
			<div class="member-usuals-remove">
				<a href="#" class="action-removeFromUsuals usuals-remove">Remove from list <span class="accessibility">Beerenberg Tomato Hot Chutney 260g</span></a>			
			</div>
			
				<div class="list">
					<a href="#" class="action-addToList action-list-add">Add to list <span class="accessibility">Beerenberg Tomato Hot Chutney 260g</span></a> 
				</div>
				<div class="member-list-add">
					<a href="#" class="action-addToList action-list-add">Add to another list <span class="accessibility">Beerenberg Tomato Hot Chutney 260g</span></a>
				</div>
			
			<div class="member-list-remove">
				 <a href="#" class="action-removeFromList">Remove from list <span class="accessibility">Beerenberg Tomato Hot Chutney 260g</span></a> 
			</div>
			
				<div class="compareProd" role="presentation" aria-hidden="true">
					<a href="#" class="compare compare-add">Compare</a>
				</div>
			
				<a href="http://shop.coles.com.au/online/national/beerenberg-chutney-tomato-hot" class="product-url accessibility">More details for Beerenberg&nbsp;Tomato Hot Chutney</a>
			
		</div>  
      

       	
		    <div role="presentation" aria-hidden="true" id="share" class="share" data-social="{productImgUrl:'http://shop.coles.com.au:27900/wcsstore/Coles-CAS/images/3/6/7/367457-th.jpg'
	                                               ,productDisplayUrl:'http://shop.coles.com.au/online/national/beerenberg-chutney-tomato-hot'
	                                               ,title:'Beerenberg Tomato Hot Chutney '
	                                               ,description:''}">
		 	</div>
 		
	</div>
</div>


	</form>
</div>


<span class="available hidden"></span>


<div class="outer-prod prodtile" data-refresh="{
					catalogId: &quot;10576&quot;,
					doInventory: &quot;N&quot;,
					fulfillmentCenterId: &quot;11576&quot;,
					forStoreId: &quot;10401&quot;,
					
					productDisplayURL: &quot;http://shop.coles.com.au/online/national/beerenberg-burger-relish&quot;				
			}">
	<form id="catEntryForm_362509" name="catEntryForm_362509" action="AjaxOrderChangeServiceItemAdd">
		
<div class=" " data-catentry="catEntry_362509" data-refresh="{
				addCalculationUsage: &quot;-1&quot;,
				langId: &quot;-1&quot;,
				storeId: &quot;10601&quot;, 
				catEntryId: &quot;362509&quot;, 
				catEntryName: &quot;Burger Relish&quot;, 
				productView: &quot;list&quot;,
				productId: &quot;362509&quot;,
				itemId: &quot;362517&quot;,
				hideMultibuy: &quot;false&quot;,
                ticketType: &quot;&quot;,
                partNumber: &quot;1849577&quot;,
                offerCode: &quot;20140709&quot;
		}">
   	<div class="wrapper clearfix">   	
		

<h4 class="accessibility" id="heading_362509" tabindex="-1">
		Beerenberg&nbsp;Burger Relish&nbsp;
		260g&nbsp;
		 
</h4> 

<div class="offer-icon"></div>
<a role="presentation" aria-hidden="true" class="product-url" href="http://shop.coles.com.au/online/national/beerenberg-burger-relish">
	    <img role="presentation" aria-hidden="true" class="photo" src="/wcsstore/Coles-CAS/images/1/8/4/1849577-th.jpg" onerror="this.src='/wcsstore/ColesStorefrontAssetStore/dist/e0a775baf05f/images/spacer.gif'" alt="Burger Relish" width="110" height="110">
	</a>

<div class="detail">	
    <span role="presentation" aria-hidden="true" class="brand">Beerenberg</span>
    <span class="item" role="presentation" aria-hidden="true">
        <a role="presentation" aria-hidden="true" class="product-url" href="http://shop.coles.com.au/online/national/beerenberg-burger-relish">
        	Burger Relish&nbsp;
        	260g
        </a>
    </span>
	<span class="size">
			
 	</span>
</div>


	<div class="purchasing">	    
	    <div class="saving">
	    	
	    </div>
	   	
	    		<div class="price"><span class="accessibility">Purchase price </span><small>$</small>5.16</div>
	    	
	    <div class="unit-price"><span class="accessibility">Unit price </span>$1.98 per 100G</div>
	    <div class="special-offer">	    	
	    	
	    </div> 
	    <div class="availability">Temporarily unavailable</div>
	    <div class="purchase">
		
			<input type="number" title="Add Quantity for Beerenberg Burger Relish 260g" name="quantity" id="catEntry_362509_qty" value="1" maxlength="2" size="2" class="v-mandatory v-numeric v-minval-1">
	        <button role="button" type="submit" title="Add to trolley&nbsp;Beerenberg Burger Relish 260g" class="btn-red action-addToTrolley"><span role="presentation" aria-hidden="true">Add to trolley</span></button>
		
		</div>
	</div>
	<div class="lists">
		
	</div>


	    <div class="actions">
	        			
			   <div class="MUItemForTrolleyDiv MUItemForTrolley_362517" data-catentry="362517">
		         <div class="MUul_362517"><div class="MUli_362517 hidden" aria-hidden="true"><span class="inTrolley"><span class="MUSpan_362517">0</span> in trolley</span></div></div>
		       </div>
		        <p class="clear"></p>
			 
			<div class="member-usuals-remove">
				<a href="#" class="action-removeFromUsuals usuals-remove">Remove from list <span class="accessibility">Beerenberg Burger Relish 260g</span></a>			
			</div>
			
				<div class="list">
					<a href="#" class="action-addToList action-list-add">Add to list <span class="accessibility">Beerenberg Burger Relish 260g</span></a> 
				</div>
				<div class="member-list-add">
					<a href="#" class="action-addToList action-list-add">Add to another list <span class="accessibility">Beerenberg Burger Relish 260g</span></a>
				</div>
			
			<div class="member-list-remove">
				 <a href="#" class="action-removeFromList">Remove from list <span class="accessibility">Beerenberg Burger Relish 260g</span></a> 
			</div>
			
				<div class="compareProd" role="presentation" aria-hidden="true">
					<a href="#" class="compare compare-add">Compare</a>
				</div>
			
				<a href="http://shop.coles.com.au/online/national/beerenberg-burger-relish" class="product-url accessibility">More details for Beerenberg&nbsp;Burger Relish</a>
			
		</div>  
      

       	
		    <div role="presentation" aria-hidden="true" id="share" class="share" data-social="{productImgUrl:'http://shop.coles.com.au:27900/wcsstore/Coles-CAS/images/1/8/4/1849577-th.jpg'
	                                               ,productDisplayUrl:'http://shop.coles.com.au/online/national/beerenberg-burger-relish'
	                                               ,title:'Beerenberg Burger Relish '
	                                               ,description:''}">
		 	</div>
 		
	</div>
</div>


	</form>
</div>


<span class="available hidden"></span>


<div class="outer-prod prodtile" data-refresh="{
					catalogId: &quot;10576&quot;,
					doInventory: &quot;N&quot;,
					fulfillmentCenterId: &quot;11576&quot;,
					forStoreId: &quot;10401&quot;,
					
					productDisplayURL: &quot;http://shop.coles.com.au/online/national/betty-crocker-cake-choc-fudge-with-vanilla-frosting&quot;				
			}">
	<form id="catEntryForm_68621" name="catEntryForm_68621" action="AjaxOrderChangeServiceItemAdd">
		
<div class=" " data-catentry="catEntry_68621" data-refresh="{
				addCalculationUsage: &quot;-1&quot;,
				langId: &quot;-1&quot;,
				storeId: &quot;10601&quot;, 
				catEntryId: &quot;68621&quot;, 
				catEntryName: &quot;Chocolate Fudge Vanilla Frosting Cake Mix&quot;, 
				productView: &quot;list&quot;,
				productId: &quot;68621&quot;,
				itemId: &quot;130182&quot;,
				hideMultibuy: &quot;false&quot;,
                ticketType: &quot;&quot;,
                partNumber: &quot;7566247&quot;,
                offerCode: &quot;20140319&quot;
		}">
   	<div class="wrapper clearfix">   	
		

<h4 class="accessibility" id="heading_68621" tabindex="-1">
		Betty Crocker&nbsp;Chocolate Fudge Vanilla Frosting Cake Mix&nbsp;
		550g&nbsp;
		 
</h4> 

<div class="offer-icon"></div>
<a role="presentation" aria-hidden="true" class="product-url" href="http://shop.coles.com.au/online/national/betty-crocker-cake-choc-fudge-with-vanilla-frosting">
	    <img role="presentation" aria-hidden="true" class="photo" src="/wcsstore/Coles-CAS/images/7/5/6/7566247-th.jpg" onerror="this.src='/wcsstore/ColesStorefrontAssetStore/dist/e0a775baf05f/images/spacer.gif'" alt="Chocolate Fudge Vanilla Frosting Cake Mix" width="110" height="110">
	</a>

<div class="detail">	
    <span role="presentation" aria-hidden="true" class="brand">Betty Crocker</span>
    <span class="item" role="presentation" aria-hidden="true">
        <a role="presentation" aria-hidden="true" class="product-url" href="http://shop.coles.com.au/online/national/betty-crocker-cake-choc-fudge-with-vanilla-frosting">
        	Chocolate Fudge Vanilla Frosting Cake Mix&nbsp;
        	550g
        </a>
    </span>
	<span class="size">
			
 	</span>
</div>


	<div class="purchasing">	    
	    <div class="saving">
	    	
	    </div>
	   	
	    		<div class="price"><span class="accessibility">Purchase price </span><small>$</small>5.63</div>
	    	
	    <div class="unit-price"><span class="accessibility">Unit price </span>$1.02 per 100G</div>
	    <div class="special-offer">	    	
	    	
	    </div> 
	    <div class="availability">Temporarily unavailable</div>
	    <div class="purchase">
		
			<input type="number" title="Add Quantity for Betty Crocker Chocolate Fudge Vanilla Frosting Cake Mix 550g" name="quantity" id="catEntry_68621_qty" value="1" maxlength="2" size="2" class="v-mandatory v-numeric v-minval-1">
	        <button role="button" type="submit" title="Add to trolley&nbsp;Betty Crocker Chocolate Fudge Vanilla Frosting Cake Mix 550g" class="btn-red action-addToTrolley"><span role="presentation" aria-hidden="true">Add to trolley</span></button>
		
		</div>
	</div>
	<div class="lists">
		
	</div>


	    <div class="actions">
	        			
			   <div class="MUItemForTrolleyDiv MUItemForTrolley_130182" data-catentry="130182">
		         <div class="MUul_130182"><div class="MUli_130182 hidden" aria-hidden="true"><span class="inTrolley"><span class="MUSpan_130182">0</span> in trolley</span></div></div>
		       </div>
		        <p class="clear"></p>
			 
			<div class="member-usuals-remove">
				<a href="#" class="action-removeFromUsuals usuals-remove">Remove from list <span class="accessibility">Betty Crocker Chocolate Fudge Vanilla Frosting Cake Mix 550g</span></a>			
			</div>
			
				<div class="list">
					<a href="#" class="action-addToList action-list-add">Add to list <span class="accessibility">Betty Crocker Chocolate Fudge Vanilla Frosting Cake Mix 550g</span></a> 
				</div>
				<div class="member-list-add">
					<a href="#" class="action-addToList action-list-add">Add to another list <span class="accessibility">Betty Crocker Chocolate Fudge Vanilla Frosting Cake Mix 550g</span></a>
				</div>
			
			<div class="member-list-remove">
				 <a href="#" class="action-removeFromList">Remove from list <span class="accessibility">Betty Crocker Chocolate Fudge Vanilla Frosting Cake Mix 550g</span></a> 
			</div>
			
				<div class="compareProd" role="presentation" aria-hidden="true">
					<a href="#" class="compare compare-add">Compare</a>
				</div>
			
				<a href="http://shop.coles.com.au/online/national/betty-crocker-cake-choc-fudge-with-vanilla-frosting" class="product-url accessibility">More details for Betty Crocker&nbsp;Chocolate Fudge Vanilla Frosting Cake Mix</a>
			
		</div>  
      

       	
		    <div role="presentation" aria-hidden="true" id="share" class="share" data-social="{productImgUrl:'http://shop.coles.com.au:27900/wcsstore/Coles-CAS/images/7/5/6/7566247-th.jpg'
	                                               ,productDisplayUrl:'http://shop.coles.com.au/online/national/betty-crocker-cake-choc-fudge-with-vanilla-frosting'
	                                               ,title:'Betty Crocker Chocolate Fudge Vanilla Frosting Cake Mix '
	                                               ,description:''}">
		 	</div>
 		
	</div>
</div>


	</form>
</div>


<span class="available hidden"></span>


<div class="outer-prod prodtile" data-refresh="{
					catalogId: &quot;10576&quot;,
					doInventory: &quot;N&quot;,
					fulfillmentCenterId: &quot;11576&quot;,
					forStoreId: &quot;10401&quot;,
					
					productDisplayURL: &quot;http://shop.coles.com.au/online/national/betty-crocker-cake-mix-chocolate-swirl&quot;				
			}">
	<form id="catEntryForm_74975" name="catEntryForm_74975" action="AjaxOrderChangeServiceItemAdd">
		
<div class=" " data-catentry="catEntry_74975" data-refresh="{
				addCalculationUsage: &quot;-1&quot;,
				langId: &quot;-1&quot;,
				storeId: &quot;10601&quot;, 
				catEntryId: &quot;74975&quot;, 
				catEntryName: &quot;Chocolate Swirl Cake Mix&quot;, 
				productView: &quot;list&quot;,
				productId: &quot;74975&quot;,
				itemId: &quot;136895&quot;,
				hideMultibuy: &quot;false&quot;,
                ticketType: &quot;&quot;,
                partNumber: &quot;6432303&quot;,
                offerCode: &quot;20140319&quot;
		}">
   	<div class="wrapper clearfix">   	
		

<h4 class="accessibility" id="heading_74975" tabindex="-1">
		Betty Crocker&nbsp;Chocolate Swirl Cake Mix&nbsp;
		600g&nbsp;
		 
</h4> 

<div class="offer-icon"></div>
<a role="presentation" aria-hidden="true" class="product-url" href="http://shop.coles.com.au/online/national/betty-crocker-cake-mix-chocolate-swirl">
	    <img role="presentation" aria-hidden="true" class="photo" src="/wcsstore/Coles-CAS/images/6/4/3/6432303-th.jpg" onerror="this.src='/wcsstore/ColesStorefrontAssetStore/dist/e0a775baf05f/images/spacer.gif'" alt="Chocolate Swirl Cake Mix" width="110" height="110">
	</a>

<div class="detail">	
    <span role="presentation" aria-hidden="true" class="brand">Betty Crocker</span>
    <span class="item" role="presentation" aria-hidden="true">
        <a role="presentation" aria-hidden="true" class="product-url" href="http://shop.coles.com.au/online/national/betty-crocker-cake-mix-chocolate-swirl">
        	Chocolate Swirl Cake Mix&nbsp;
        	600g
        </a>
    </span>
	<span class="size">
			
 	</span>
</div>


	<div class="purchasing">	    
	    <div class="saving">
	    	
	    </div>
	   	
	    		<div class="price"><span class="accessibility">Purchase price </span><small>$</small>5.63</div>
	    	
	    <div class="unit-price"><span class="accessibility">Unit price </span>$0.94 per 100G</div>
	    <div class="special-offer">	    	
	    	
	    </div> 
	    <div class="availability">Temporarily unavailable</div>
	    <div class="purchase">
		
			<input type="number" title="Add Quantity for Betty Crocker Chocolate Swirl Cake Mix 600g" name="quantity" id="catEntry_74975_qty" value="1" maxlength="2" size="2" class="v-mandatory v-numeric v-minval-1">
	        <button role="button" type="submit" title="Add to trolley&nbsp;Betty Crocker Chocolate Swirl Cake Mix 600g" class="btn-red action-addToTrolley"><span role="presentation" aria-hidden="true">Add to trolley</span></button>
		
		</div>
	</div>
	<div class="lists">
		
	</div>


	    <div class="actions">
	        			
			   <div class="MUItemForTrolleyDiv MUItemForTrolley_136895" data-catentry="136895">
		         <div class="MUul_136895"><div class="MUli_136895 hidden" aria-hidden="true"><span class="inTrolley"><span class="MUSpan_136895">0</span> in trolley</span></div></div>
		       </div>
		        <p class="clear"></p>
			 
			<div class="member-usuals-remove">
				<a href="#" class="action-removeFromUsuals usuals-remove">Remove from list <span class="accessibility">Betty Crocker Chocolate Swirl Cake Mix 600g</span></a>			
			</div>
			
				<div class="list">
					<a href="#" class="action-addToList action-list-add">Add to list <span class="accessibility">Betty Crocker Chocolate Swirl Cake Mix 600g</span></a> 
				</div>
				<div class="member-list-add">
					<a href="#" class="action-addToList action-list-add">Add to another list <span class="accessibility">Betty Crocker Chocolate Swirl Cake Mix 600g</span></a>
				</div>
			
			<div class="member-list-remove">
				 <a href="#" class="action-removeFromList">Remove from list <span class="accessibility">Betty Crocker Chocolate Swirl Cake Mix 600g</span></a> 
			</div>
			
				<div class="compareProd" role="presentation" aria-hidden="true">
					<a href="#" class="compare compare-add">Compare</a>
				</div>
			
				<a href="http://shop.coles.com.au/online/national/betty-crocker-cake-mix-chocolate-swirl" class="product-url accessibility">More details for Betty Crocker&nbsp;Chocolate Swirl Cake Mix</a>
			
		</div>  
      

       	
		    <div role="presentation" aria-hidden="true" id="share" class="share" data-social="{productImgUrl:'http://shop.coles.com.au:27900/wcsstore/Coles-CAS/images/6/4/3/6432303-th.jpg'
	                                               ,productDisplayUrl:'http://shop.coles.com.au/online/national/betty-crocker-cake-mix-chocolate-swirl'
	                                               ,title:'Betty Crocker Chocolate Swirl Cake Mix '
	                                               ,description:''}">
		 	</div>
 		
	</div>
</div>


	</form>
</div>


<span class="available hidden"></span>


<div class="outer-prod prodtile" data-refresh="{
					catalogId: &quot;10576&quot;,
					doInventory: &quot;N&quot;,
					fulfillmentCenterId: &quot;11576&quot;,
					forStoreId: &quot;10401&quot;,
					
					productDisplayURL: &quot;http://shop.coles.com.au/online/national/betty-crocker-frosting-milk-chocolate&quot;				
			}">
	<form id="catEntryForm_84066" name="catEntryForm_84066" action="AjaxOrderChangeServiceItemAdd">
		
<div class=" " data-catentry="catEntry_84066" data-refresh="{
				addCalculationUsage: &quot;-1&quot;,
				langId: &quot;-1&quot;,
				storeId: &quot;10601&quot;, 
				catEntryId: &quot;84066&quot;, 
				catEntryName: &quot;Milk Chocolate Frosting&quot;, 
				productView: &quot;list&quot;,
				productId: &quot;84066&quot;,
				itemId: &quot;138235&quot;,
				hideMultibuy: &quot;false&quot;,
                ticketType: &quot;&quot;,
                partNumber: &quot;5238462&quot;,
                offerCode: &quot;20141110&quot;
		}">
   	<div class="wrapper clearfix">   	
		

<h4 class="accessibility" id="heading_84066" tabindex="-1">
		Betty Crocker&nbsp;Milk Chocolate Frosting&nbsp;
		453g&nbsp;
		 
</h4> 

<div class="offer-icon"></div>
<a role="presentation" aria-hidden="true" class="product-url" href="http://shop.coles.com.au/online/national/betty-crocker-frosting-milk-chocolate">
	    <img role="presentation" aria-hidden="true" class="photo" src="/wcsstore/Coles-CAS/images/5/2/3/5238462-th.jpg" onerror="this.src='/wcsstore/ColesStorefrontAssetStore/dist/e0a775baf05f/images/spacer.gif'" alt="Milk Chocolate Frosting" width="110" height="110">
	</a>

<div class="detail">	
    <span role="presentation" aria-hidden="true" class="brand">Betty Crocker</span>
    <span class="item" role="presentation" aria-hidden="true">
        <a role="presentation" aria-hidden="true" class="product-url" href="http://shop.coles.com.au/online/national/betty-crocker-frosting-milk-chocolate">
        	Milk Chocolate Frosting&nbsp;
        	453g
        </a>
    </span>
	<span class="size">
			
 	</span>
</div>


	<div class="purchasing">	    
	    <div class="saving">
	    	
	    </div>
	   	
	    		<div class="price"><span class="accessibility">Purchase price </span><small>$</small>5.50</div>
	    	
	    <div class="unit-price"><span class="accessibility">Unit price </span>$1.21 per 100G</div>
	    <div class="special-offer">	    	
	    	
	    </div> 
	    <div class="availability">Temporarily unavailable</div>
	    <div class="purchase">
		
			<input type="number" title="Add Quantity for Betty Crocker Milk Chocolate Frosting 453g" name="quantity" id="catEntry_84066_qty" value="1" maxlength="2" size="2" class="v-mandatory v-numeric v-minval-1">
	        <button role="button" type="submit" title="Add to trolley&nbsp;Betty Crocker Milk Chocolate Frosting 453g" class="btn-red action-addToTrolley"><span role="presentation" aria-hidden="true">Add to trolley</span></button>
		
		</div>
	</div>
	<div class="lists">
		
	</div>


	    <div class="actions">
	        			
			   <div class="MUItemForTrolleyDiv MUItemForTrolley_138235" data-catentry="138235">
		         <div class="MUul_138235"><div class="MUli_138235 hidden" aria-hidden="true"><span class="inTrolley"><span class="MUSpan_138235">0</span> in trolley</span></div></div>
		       </div>
		        <p class="clear"></p>
			 
			<div class="member-usuals-remove">
				<a href="#" class="action-removeFromUsuals usuals-remove">Remove from list <span class="accessibility">Betty Crocker Milk Chocolate Frosting 453g</span></a>			
			</div>
			
				<div class="list">
					<a href="#" class="action-addToList action-list-add">Add to list <span class="accessibility">Betty Crocker Milk Chocolate Frosting 453g</span></a> 
				</div>
				<div class="member-list-add">
					<a href="#" class="action-addToList action-list-add">Add to another list <span class="accessibility">Betty Crocker Milk Chocolate Frosting 453g</span></a>
				</div>
			
			<div class="member-list-remove">
				 <a href="#" class="action-removeFromList">Remove from list <span class="accessibility">Betty Crocker Milk Chocolate Frosting 453g</span></a> 
			</div>
			
				<div class="compareProd" role="presentation" aria-hidden="true">
					<a href="#" class="compare compare-add">Compare</a>
				</div>
			
				<a href="http://shop.coles.com.au/online/national/betty-crocker-frosting-milk-chocolate" class="product-url accessibility">More details for Betty Crocker&nbsp;Milk Chocolate Frosting</a>
			
		</div>  
      

       	
		    <div role="presentation" aria-hidden="true" id="share" class="share" data-social="{productImgUrl:'http://shop.coles.com.au:27900/wcsstore/Coles-CAS/images/5/2/3/5238462-th.jpg'
	                                               ,productDisplayUrl:'http://shop.coles.com.au/online/national/betty-crocker-frosting-milk-chocolate'
	                                               ,title:'Betty Crocker Milk Chocolate Frosting '
	                                               ,description:''}">
		 	</div>
 		
	</div>
</div>


	</form>
</div>


<span class="available hidden"></span>


<div class="outer-prod prodtile" data-refresh="{
					catalogId: &quot;10576&quot;,
					doInventory: &quot;N&quot;,
					fulfillmentCenterId: &quot;11576&quot;,
					forStoreId: &quot;10401&quot;,
					
					productDisplayURL: &quot;http://shop.coles.com.au/online/national/betty-crocker-cake-mix-chocolate-molten-lava&quot;				
			}">
	<form id="catEntryForm_213053" name="catEntryForm_213053" action="AjaxOrderChangeServiceItemAdd">
		
<div class=" " data-catentry="catEntry_213053" data-refresh="{
				addCalculationUsage: &quot;-1&quot;,
				langId: &quot;-1&quot;,
				storeId: &quot;10601&quot;, 
				catEntryId: &quot;213053&quot;, 
				catEntryName: &quot;Chocolate Molten Lava Cake Mix&quot;, 
				productView: &quot;list&quot;,
				productId: &quot;213053&quot;,
				itemId: &quot;213180&quot;,
				hideMultibuy: &quot;false&quot;,
                ticketType: &quot;&quot;,
                partNumber: &quot;1250433&quot;,
                offerCode: &quot;20141001&quot;
		}">
   	<div class="wrapper clearfix">   	
		

<h4 class="accessibility" id="heading_213053" tabindex="-1">
		Betty Crocker&nbsp;Chocolate Molten Lava Cake Mix&nbsp;
		240g&nbsp;
		 
</h4> 

<div class="offer-icon"></div>
<a role="presentation" aria-hidden="true" class="product-url" href="http://shop.coles.com.au/online/national/betty-crocker-cake-mix-chocolate-molten-lava">
	    <img role="presentation" aria-hidden="true" class="photo" src="/wcsstore/Coles-CAS/images/1/2/5/1250433-th.jpg" onerror="this.src='/wcsstore/ColesStorefrontAssetStore/dist/e0a775baf05f/images/spacer.gif'" alt="Chocolate Molten Lava Cake Mix" width="110" height="110">
	</a>

<div class="detail">	
    <span role="presentation" aria-hidden="true" class="brand">Betty Crocker</span>
    <span class="item" role="presentation" aria-hidden="true">
        <a role="presentation" aria-hidden="true" class="product-url" href="http://shop.coles.com.au/online/national/betty-crocker-cake-mix-chocolate-molten-lava">
        	Chocolate Molten Lava Cake Mix&nbsp;
        	240g
        </a>
    </span>
	<span class="size">
			
 	</span>
</div>


	<div class="purchasing">	    
	    <div class="saving">
	    	
	    </div>
	   	
	    		<div class="price"><span class="accessibility">Purchase price </span><small>$</small>6.92</div>
	    	
	    <div class="unit-price"><span class="accessibility">Unit price </span>$1.28 per 100G</div>
	    <div class="special-offer">	    	
	    	
	    </div> 
	    <div class="availability">Temporarily unavailable</div>
	    <div class="purchase">
		
			<input type="number" title="Add Quantity for Betty Crocker Chocolate Molten Lava Cake Mix 240g" name="quantity" id="catEntry_213053_qty" value="1" maxlength="2" size="2" class="v-mandatory v-numeric v-minval-1">
	        <button role="button" type="submit" title="Add to trolley&nbsp;Betty Crocker Chocolate Molten Lava Cake Mix 240g" class="btn-red action-addToTrolley"><span role="presentation" aria-hidden="true">Add to trolley</span></button>
		
		</div>
	</div>
	<div class="lists">
		
	</div>


	    <div class="actions">
	        			
			   <div class="MUItemForTrolleyDiv MUItemForTrolley_213180" data-catentry="213180">
		         <div class="MUul_213180"><div class="MUli_213180 hidden" aria-hidden="true"><span class="inTrolley"><span class="MUSpan_213180">0</span> in trolley</span></div></div>
		       </div>
		        <p class="clear"></p>
			 
			<div class="member-usuals-remove">
				<a href="#" class="action-removeFromUsuals usuals-remove">Remove from list <span class="accessibility">Betty Crocker Chocolate Molten Lava Cake Mix 240g</span></a>			
			</div>
			
				<div class="list">
					<a href="#" class="action-addToList action-list-add">Add to list <span class="accessibility">Betty Crocker Chocolate Molten Lava Cake Mix 240g</span></a> 
				</div>
				<div class="member-list-add">
					<a href="#" class="action-addToList action-list-add">Add to another list <span class="accessibility">Betty Crocker Chocolate Molten Lava Cake Mix 240g</span></a>
				</div>
			
			<div class="member-list-remove">
				 <a href="#" class="action-removeFromList">Remove from list <span class="accessibility">Betty Crocker Chocolate Molten Lava Cake Mix 240g</span></a> 
			</div>
			
				<div class="compareProd" role="presentation" aria-hidden="true">
					<a href="#" class="compare compare-add">Compare</a>
				</div>
			
				<a href="http://shop.coles.com.au/online/national/betty-crocker-cake-mix-chocolate-molten-lava" class="product-url accessibility">More details for Betty Crocker&nbsp;Chocolate Molten Lava Cake Mix</a>
			
		</div>  
      

       	
		    <div role="presentation" aria-hidden="true" id="share" class="share" data-social="{productImgUrl:'http://shop.coles.com.au:27900/wcsstore/Coles-CAS/images/1/2/5/1250433-th.jpg'
	                                               ,productDisplayUrl:'http://shop.coles.com.au/online/national/betty-crocker-cake-mix-chocolate-molten-lava'
	                                               ,title:'Betty Crocker Chocolate Molten Lava Cake Mix '
	                                               ,description:''}">
		 	</div>
 		
	</div>
</div>


	</form>
</div>


<span class="available hidden"></span>


<div class="outer-prod prodtile" data-refresh="{
					catalogId: &quot;10576&quot;,
					doInventory: &quot;N&quot;,
					fulfillmentCenterId: &quot;11576&quot;,
					forStoreId: &quot;10401&quot;,
					
					productDisplayURL: &quot;http://shop.coles.com.au/online/national/betty-crocker-cake-mix-irresistables-chocolate-mud-cake&quot;				
			}">
	<form id="catEntryForm_213057" name="catEntryForm_213057" action="AjaxOrderChangeServiceItemAdd">
		
<div class=" " data-catentry="catEntry_213057" data-refresh="{
				addCalculationUsage: &quot;-1&quot;,
				langId: &quot;-1&quot;,
				storeId: &quot;10601&quot;, 
				catEntryId: &quot;213057&quot;, 
				catEntryName: &quot;Irresistables Chocolate Mud Cake Mix&quot;, 
				productView: &quot;list&quot;,
				productId: &quot;213057&quot;,
				itemId: &quot;213213&quot;,
				hideMultibuy: &quot;false&quot;,
                ticketType: &quot;&quot;,
                partNumber: &quot;1311185&quot;,
                offerCode: &quot;20141001&quot;
		}">
   	<div class="wrapper clearfix">   	
		

<h4 class="accessibility" id="heading_213057" tabindex="-1">
		Betty Crocker&nbsp;Irresistables Chocolate Mud Cake Mix&nbsp;
		600g&nbsp;
		 
</h4> 

<div class="offer-icon"></div>
<a role="presentation" aria-hidden="true" class="product-url" href="http://shop.coles.com.au/online/national/betty-crocker-cake-mix-irresistables-chocolate-mud-cake">
	    <img role="presentation" aria-hidden="true" class="photo" src="/wcsstore/Coles-CAS/images/1/3/1/1311185-th.jpg" onerror="this.src='/wcsstore/ColesStorefrontAssetStore/dist/e0a775baf05f/images/spacer.gif'" alt="Irresistables Chocolate Mud Cake Mix" width="110" height="110">
	</a>

<div class="detail">	
    <span role="presentation" aria-hidden="true" class="brand">Betty Crocker</span>
    <span class="item" role="presentation" aria-hidden="true">
        <a role="presentation" aria-hidden="true" class="product-url" href="http://shop.coles.com.au/online/national/betty-crocker-cake-mix-irresistables-chocolate-mud-cake">
        	Irresistables Chocolate Mud Cake Mix&nbsp;
        	600g
        </a>
    </span>
	<span class="size">
			
 	</span>
</div>


	<div class="purchasing">	    
	    <div class="saving">
	    	
	    </div>
	   	
	    		<div class="price"><span class="accessibility">Purchase price </span><small>$</small>6.92</div>
	    	
	    <div class="unit-price"><span class="accessibility">Unit price </span>$1.28 per 100G</div>
	    <div class="special-offer">	    	
	    	
	    </div> 
	    <div class="availability">Temporarily unavailable</div>
	    <div class="purchase">
		
			<input type="number" title="Add Quantity for Betty Crocker Irresistables Chocolate Mud Cake Mix 600g" name="quantity" id="catEntry_213057_qty" value="1" maxlength="2" size="2" class="v-mandatory v-numeric v-minval-1">
	        <button role="button" type="submit" title="Add to trolley&nbsp;Betty Crocker Irresistables Chocolate Mud Cake Mix 600g" class="btn-red action-addToTrolley"><span role="presentation" aria-hidden="true">Add to trolley</span></button>
		
		</div>
	</div>
	<div class="lists">
		
	</div>


	    <div class="actions">
	        			
			   <div class="MUItemForTrolleyDiv MUItemForTrolley_213213" data-catentry="213213">
		         <div class="MUul_213213"><div class="MUli_213213 hidden" aria-hidden="true"><span class="inTrolley"><span class="MUSpan_213213">0</span> in trolley</span></div></div>
		       </div>
		        <p class="clear"></p>
			 
			<div class="member-usuals-remove">
				<a href="#" class="action-removeFromUsuals usuals-remove">Remove from list <span class="accessibility">Betty Crocker Irresistables Chocolate Mud Cake Mix 600g</span></a>			
			</div>
			
				<div class="list">
					<a href="#" class="action-addToList action-list-add">Add to list <span class="accessibility">Betty Crocker Irresistables Chocolate Mud Cake Mix 600g</span></a> 
				</div>
				<div class="member-list-add">
					<a href="#" class="action-addToList action-list-add">Add to another list <span class="accessibility">Betty Crocker Irresistables Chocolate Mud Cake Mix 600g</span></a>
				</div>
			
			<div class="member-list-remove">
				 <a href="#" class="action-removeFromList">Remove from list <span class="accessibility">Betty Crocker Irresistables Chocolate Mud Cake Mix 600g</span></a> 
			</div>
			
				<div class="compareProd" role="presentation" aria-hidden="true">
					<a href="#" class="compare compare-add">Compare</a>
				</div>
			
				<a href="http://shop.coles.com.au/online/national/betty-crocker-cake-mix-irresistables-chocolate-mud-cake" class="product-url accessibility">More details for Betty Crocker&nbsp;Irresistables Chocolate Mud Cake Mix</a>
			
		</div>  
      

       	
		    <div role="presentation" aria-hidden="true" id="share" class="share" data-social="{productImgUrl:'http://shop.coles.com.au:27900/wcsstore/Coles-CAS/images/1/3/1/1311185-th.jpg'
	                                               ,productDisplayUrl:'http://shop.coles.com.au/online/national/betty-crocker-cake-mix-irresistables-chocolate-mud-cake'
	                                               ,title:'Betty Crocker Irresistables Chocolate Mud Cake Mix '
	                                               ,description:''}">
		 	</div>
 		
	</div>
</div>


	</form>
</div>


<span class="available hidden"></span>


<div class="outer-prod prodtile" data-refresh="{
					catalogId: &quot;10576&quot;,
					doInventory: &quot;N&quot;,
					fulfillmentCenterId: &quot;11576&quot;,
					forStoreId: &quot;10401&quot;,
					
					productDisplayURL: &quot;http://shop.coles.com.au/online/national/betty-crocker-cake-mix-irresistables-chocolate-mousse-cake&quot;				
			}">
	<form id="catEntryForm_213073" name="catEntryForm_213073" action="AjaxOrderChangeServiceItemAdd">
		
<div class=" " data-catentry="catEntry_213073" data-refresh="{
				addCalculationUsage: &quot;-1&quot;,
				langId: &quot;-1&quot;,
				storeId: &quot;10601&quot;, 
				catEntryId: &quot;213073&quot;, 
				catEntryName: &quot;Irresistables Chocolate Mousse Cake Mix&quot;, 
				productView: &quot;list&quot;,
				productId: &quot;213073&quot;,
				itemId: &quot;213256&quot;,
				hideMultibuy: &quot;false&quot;,
                ticketType: &quot;&quot;,
                partNumber: &quot;1250444&quot;,
                offerCode: &quot;20141001&quot;
		}">
   	<div class="wrapper clearfix">   	
		

<h4 class="accessibility" id="heading_213073" tabindex="-1">
		Betty Crocker&nbsp;Irresistables Chocolate Mousse Cake Mix&nbsp;
		540g&nbsp;
		 
</h4> 

<div class="offer-icon"></div>
<a role="presentation" aria-hidden="true" class="product-url" href="http://shop.coles.com.au/online/national/betty-crocker-cake-mix-irresistables-chocolate-mousse-cake">
	    <img role="presentation" aria-hidden="true" class="photo" src="/wcsstore/Coles-CAS/images/1/2/5/1250444-th.jpg" onerror="this.src='/wcsstore/ColesStorefrontAssetStore/dist/e0a775baf05f/images/spacer.gif'" alt="Irresistables Chocolate Mousse Cake Mix" width="110" height="110">
	</a>

<div class="detail">	
    <span role="presentation" aria-hidden="true" class="brand">Betty Crocker</span>
    <span class="item" role="presentation" aria-hidden="true">
        <a role="presentation" aria-hidden="true" class="product-url" href="http://shop.coles.com.au/online/national/betty-crocker-cake-mix-irresistables-chocolate-mousse-cake">
        	Irresistables Chocolate Mousse Cake Mix&nbsp;
        	540g
        </a>
    </span>
	<span class="size">
			
 	</span>
</div>


	<div class="purchasing">	    
	    <div class="saving">
	    	
	    </div>
	   	
	    		<div class="price"><span class="accessibility">Purchase price </span><small>$</small>6.92</div>
	    	
	    <div class="unit-price"><span class="accessibility">Unit price </span>$1.28 per 100G</div>
	    <div class="special-offer">	    	
	    	
	    </div> 
	    <div class="availability">Temporarily unavailable</div>
	    <div class="purchase">
		
			<input type="number" title="Add Quantity for Betty Crocker Irresistables Chocolate Mousse Cake Mix 540g" name="quantity" id="catEntry_213073_qty" value="1" maxlength="2" size="2" class="v-mandatory v-numeric v-minval-1">
	        <button role="button" type="submit" title="Add to trolley&nbsp;Betty Crocker Irresistables Chocolate Mousse Cake Mix 540g" class="btn-red action-addToTrolley"><span role="presentation" aria-hidden="true">Add to trolley</span></button>
		
		</div>
	</div>
	<div class="lists">
		
	</div>


	    <div class="actions">
	        			
			   <div class="MUItemForTrolleyDiv MUItemForTrolley_213256" data-catentry="213256">
		         <div class="MUul_213256"><div class="MUli_213256 hidden" aria-hidden="true"><span class="inTrolley"><span class="MUSpan_213256">0</span> in trolley</span></div></div>
		       </div>
		        <p class="clear"></p>
			 
			<div class="member-usuals-remove">
				<a href="#" class="action-removeFromUsuals usuals-remove">Remove from list <span class="accessibility">Betty Crocker Irresistables Chocolate Mousse Cake Mix 540g</span></a>			
			</div>
			
				<div class="list">
					<a href="#" class="action-addToList action-list-add">Add to list <span class="accessibility">Betty Crocker Irresistables Chocolate Mousse Cake Mix 540g</span></a> 
				</div>
				<div class="member-list-add">
					<a href="#" class="action-addToList action-list-add">Add to another list <span class="accessibility">Betty Crocker Irresistables Chocolate Mousse Cake Mix 540g</span></a>
				</div>
			
			<div class="member-list-remove">
				 <a href="#" class="action-removeFromList">Remove from list <span class="accessibility">Betty Crocker Irresistables Chocolate Mousse Cake Mix 540g</span></a> 
			</div>
			
				<div class="compareProd" role="presentation" aria-hidden="true">
					<a href="#" class="compare compare-add">Compare</a>
				</div>
			
				<a href="http://shop.coles.com.au/online/national/betty-crocker-cake-mix-irresistables-chocolate-mousse-cake" class="product-url accessibility">More details for Betty Crocker&nbsp;Irresistables Chocolate Mousse Cake Mix</a>
			
		</div>  
      

       	
		    <div role="presentation" aria-hidden="true" id="share" class="share" data-social="{productImgUrl:'http://shop.coles.com.au:27900/wcsstore/Coles-CAS/images/1/2/5/1250444-th.jpg'
	                                               ,productDisplayUrl:'http://shop.coles.com.au/online/national/betty-crocker-cake-mix-irresistables-chocolate-mousse-cake'
	                                               ,title:'Betty Crocker Irresistables Chocolate Mousse Cake Mix '
	                                               ,description:''}">
		 	</div>
 		
	</div>
</div>


	</form>
</div>


<span class="available hidden"></span>


<div class="outer-prod prodtile" data-refresh="{
					catalogId: &quot;10576&quot;,
					doInventory: &quot;N&quot;,
					fulfillmentCenterId: &quot;11576&quot;,
					forStoreId: &quot;10401&quot;,
					
					productDisplayURL: &quot;http://shop.coles.com.au/online/national/betty-crocker-dessert-mix-irresistibles-tiramisu-cake&quot;				
			}">
	<form id="catEntryForm_263043" name="catEntryForm_263043" action="AjaxOrderChangeServiceItemAdd">
		
<div class=" " data-catentry="catEntry_263043" data-refresh="{
				addCalculationUsage: &quot;-1&quot;,
				langId: &quot;-1&quot;,
				storeId: &quot;10601&quot;, 
				catEntryId: &quot;263043&quot;, 
				catEntryName: &quot;Irresistibles Tiramisu Cake Dessert Mix&quot;, 
				productView: &quot;list&quot;,
				productId: &quot;263043&quot;,
				itemId: &quot;263079&quot;,
				hideMultibuy: &quot;false&quot;,
                ticketType: &quot;&quot;,
                partNumber: &quot;1613479&quot;,
                offerCode: &quot;20141001&quot;
		}">
   	<div class="wrapper clearfix">   	
		

<h4 class="accessibility" id="heading_263043" tabindex="-1">
		Betty Crocker&nbsp;Irresistibles Tiramisu Cake Dessert Mix&nbsp;
		375g&nbsp;
		 
</h4> 

<div class="offer-icon"></div>
<a role="presentation" aria-hidden="true" class="product-url" href="http://shop.coles.com.au/online/national/betty-crocker-dessert-mix-irresistibles-tiramisu-cake">
	    <img role="presentation" aria-hidden="true" class="photo" src="/wcsstore/Coles-CAS/images/1/6/1/1613479-th.jpg" onerror="this.src='/wcsstore/ColesStorefrontAssetStore/dist/e0a775baf05f/images/spacer.gif'" alt="Irresistibles Tiramisu Cake Dessert Mix" width="110" height="110">
	</a>

<div class="detail">	
    <span role="presentation" aria-hidden="true" class="brand">Betty Crocker</span>
    <span class="item" role="presentation" aria-hidden="true">
        <a role="presentation" aria-hidden="true" class="product-url" href="http://shop.coles.com.au/online/national/betty-crocker-dessert-mix-irresistibles-tiramisu-cake">
        	Irresistibles Tiramisu Cake Dessert Mix&nbsp;
        	375g
        </a>
    </span>
	<span class="size">
			
 	</span>
</div>


	<div class="purchasing">	    
	    <div class="saving">
	    	
	    </div>
	   	
	    		<div class="price"><span class="accessibility">Purchase price </span><small>$</small>6.92</div>
	    	
	    <div class="unit-price"><span class="accessibility">Unit price </span>$1.87 per 100G</div>
	    <div class="special-offer">	    	
	    	
	    </div> 
	    <div class="availability">Temporarily unavailable</div>
	    <div class="purchase">
		
			<input type="number" title="Add Quantity for Betty Crocker Irresistibles Tiramisu Cake Dessert Mix 375g" name="quantity" id="catEntry_263043_qty" value="1" maxlength="2" size="2" class="v-mandatory v-numeric v-minval-1">
	        <button role="button" type="submit" title="Add to trolley&nbsp;Betty Crocker Irresistibles Tiramisu Cake Dessert Mix 375g" class="btn-red action-addToTrolley"><span role="presentation" aria-hidden="true">Add to trolley</span></button>
		
		</div>
	</div>
	<div class="lists">
		
	</div>


	    <div class="actions">
	        			
			   <div class="MUItemForTrolleyDiv MUItemForTrolley_263079" data-catentry="263079">
		         <div class="MUul_263079"><div class="MUli_263079 hidden" aria-hidden="true"><span class="inTrolley"><span class="MUSpan_263079">0</span> in trolley</span></div></div>
		       </div>
		        <p class="clear"></p>
			 
			<div class="member-usuals-remove">
				<a href="#" class="action-removeFromUsuals usuals-remove">Remove from list <span class="accessibility">Betty Crocker Irresistibles Tiramisu Cake Dessert Mix 375g</span></a>			
			</div>
			
				<div class="list">
					<a href="#" class="action-addToList action-list-add">Add to list <span class="accessibility">Betty Crocker Irresistibles Tiramisu Cake Dessert Mix 375g</span></a> 
				</div>
				<div class="member-list-add">
					<a href="#" class="action-addToList action-list-add">Add to another list <span class="accessibility">Betty Crocker Irresistibles Tiramisu Cake Dessert Mix 375g</span></a>
				</div>
			
			<div class="member-list-remove">
				 <a href="#" class="action-removeFromList">Remove from list <span class="accessibility">Betty Crocker Irresistibles Tiramisu Cake Dessert Mix 375g</span></a> 
			</div>
			
				<div class="compareProd" role="presentation" aria-hidden="true">
					<a href="#" class="compare compare-add">Compare</a>
				</div>
			
				<a href="http://shop.coles.com.au/online/national/betty-crocker-dessert-mix-irresistibles-tiramisu-cake" class="product-url accessibility">More details for Betty Crocker&nbsp;Irresistibles Tiramisu Cake Dessert Mix</a>
			
		</div>  
      

       	
		    <div role="presentation" aria-hidden="true" id="share" class="share" data-social="{productImgUrl:'http://shop.coles.com.au:27900/wcsstore/Coles-CAS/images/1/6/1/1613479-th.jpg'
	                                               ,productDisplayUrl:'http://shop.coles.com.au/online/national/betty-crocker-dessert-mix-irresistibles-tiramisu-cake'
	                                               ,title:'Betty Crocker Irresistibles Tiramisu Cake Dessert Mix '
	                                               ,description:''}">
		 	</div>
 		
	</div>
</div>


	</form>
</div>


<span class="available hidden"></span>


<div class="outer-prod prodtile" data-refresh="{
					catalogId: &quot;10576&quot;,
					doInventory: &quot;N&quot;,
					fulfillmentCenterId: &quot;11576&quot;,
					forStoreId: &quot;10401&quot;,
					
					productDisplayURL: &quot;http://shop.coles.com.au/online/national/betty-crocker-dessert-mix-irresistibles-salted-caramal-parfait&quot;				
			}">
	<form id="catEntryForm_263050" name="catEntryForm_263050" action="AjaxOrderChangeServiceItemAdd">
		
<div class=" " data-catentry="catEntry_263050" data-refresh="{
				addCalculationUsage: &quot;-1&quot;,
				langId: &quot;-1&quot;,
				storeId: &quot;10601&quot;, 
				catEntryId: &quot;263050&quot;, 
				catEntryName: &quot;Irresistibles Salted Caramel Parfait Dessert Mix&quot;, 
				productView: &quot;list&quot;,
				productId: &quot;263050&quot;,
				itemId: &quot;263076&quot;,
				hideMultibuy: &quot;false&quot;,
                ticketType: &quot;&quot;,
                partNumber: &quot;1613468&quot;,
                offerCode: &quot;20141001&quot;
		}">
   	<div class="wrapper clearfix">   	
		

<h4 class="accessibility" id="heading_263050" tabindex="-1">
		Betty Crocker&nbsp;Irresistibles Salted Caramel Parfait Dessert Mix&nbsp;
		250g&nbsp;
		 
</h4> 

<div class="offer-icon"></div>
<a role="presentation" aria-hidden="true" class="product-url" href="http://shop.coles.com.au/online/national/betty-crocker-dessert-mix-irresistibles-salted-caramal-parfait">
	    <img role="presentation" aria-hidden="true" class="photo" src="/wcsstore/Coles-CAS/images/1/6/1/1613468-th.jpg" onerror="this.src='/wcsstore/ColesStorefrontAssetStore/dist/e0a775baf05f/images/spacer.gif'" alt="Irresistibles Salted Caramel Parfait Dessert Mix" width="110" height="110">
	</a>

<div class="detail">	
    <span role="presentation" aria-hidden="true" class="brand">Betty Crocker</span>
    <span class="item" role="presentation" aria-hidden="true">
        <a role="presentation" aria-hidden="true" class="product-url" href="http://shop.coles.com.au/online/national/betty-crocker-dessert-mix-irresistibles-salted-caramal-parfait">
        	Irresistibles Salted Caramel Parfait Dessert Mix&nbsp;
        	250g
        </a>
    </span>
	<span class="size">
			
 	</span>
</div>


	<div class="purchasing">	    
	    <div class="saving">
	    	
	    </div>
	   	
	    		<div class="price"><span class="accessibility">Purchase price </span><small>$</small>6.92</div>
	    	
	    <div class="unit-price"><span class="accessibility">Unit price </span>$2.77 per 100G</div>
	    <div class="special-offer">	    	
	    	
	    </div> 
	    <div class="availability">Temporarily unavailable</div>
	    <div class="purchase">
		
			<input type="number" title="Add Quantity for Betty Crocker Irresistibles Salted Caramel Parfait Dessert Mix 250g" name="quantity" id="catEntry_263050_qty" value="1" maxlength="2" size="2" class="v-mandatory v-numeric v-minval-1">
	        <button role="button" type="submit" title="Add to trolley&nbsp;Betty Crocker Irresistibles Salted Caramel Parfait Dessert Mix 250g" class="btn-red action-addToTrolley"><span role="presentation" aria-hidden="true">Add to trolley</span></button>
		
		</div>
	</div>
	<div class="lists">
		
	</div>


	    <div class="actions">
	        			
			   <div class="MUItemForTrolleyDiv MUItemForTrolley_263076" data-catentry="263076">
		         <div class="MUul_263076"><div class="MUli_263076 hidden" aria-hidden="true"><span class="inTrolley"><span class="MUSpan_263076">0</span> in trolley</span></div></div>
		       </div>
		        <p class="clear"></p>
			 
			<div class="member-usuals-remove">
				<a href="#" class="action-removeFromUsuals usuals-remove">Remove from list <span class="accessibility">Betty Crocker Irresistibles Salted Caramel Parfait Dessert Mix 250g</span></a>			
			</div>
			
				<div class="list">
					<a href="#" class="action-addToList action-list-add">Add to list <span class="accessibility">Betty Crocker Irresistibles Salted Caramel Parfait Dessert Mix 250g</span></a> 
				</div>
				<div class="member-list-add">
					<a href="#" class="action-addToList action-list-add">Add to another list <span class="accessibility">Betty Crocker Irresistibles Salted Caramel Parfait Dessert Mix 250g</span></a>
				</div>
			
			<div class="member-list-remove">
				 <a href="#" class="action-removeFromList">Remove from list <span class="accessibility">Betty Crocker Irresistibles Salted Caramel Parfait Dessert Mix 250g</span></a> 
			</div>
			
				<div class="compareProd" role="presentation" aria-hidden="true">
					<a href="#" class="compare compare-add">Compare</a>
				</div>
			
				<a href="http://shop.coles.com.au/online/national/betty-crocker-dessert-mix-irresistibles-salted-caramal-parfait" class="product-url accessibility">More details for Betty Crocker&nbsp;Irresistibles Salted Caramel Parfait Dessert Mix</a>
			
		</div>  
      

       	
		    <div role="presentation" aria-hidden="true" id="share" class="share" data-social="{productImgUrl:'http://shop.coles.com.au:27900/wcsstore/Coles-CAS/images/1/6/1/1613468-th.jpg'
	                                               ,productDisplayUrl:'http://shop.coles.com.au/online/national/betty-crocker-dessert-mix-irresistibles-salted-caramal-parfait'
	                                               ,title:'Betty Crocker Irresistibles Salted Caramel Parfait Dessert Mix '
	                                               ,description:''}">
		 	</div>
 		
	</div>
</div>


	</form>
</div>


<span class="available hidden"></span>


<div class="outer-prod prodtile" data-refresh="{
					catalogId: &quot;10576&quot;,
					doInventory: &quot;N&quot;,
					fulfillmentCenterId: &quot;11576&quot;,
					forStoreId: &quot;10401&quot;,
					
					productDisplayURL: &quot;http://shop.coles.com.au/online/national/betty-crocker-strawberry-frosting&quot;				
			}">
	<form id="catEntryForm_309026" name="catEntryForm_309026" action="AjaxOrderChangeServiceItemAdd">
		
<div class=" " data-catentry="catEntry_309026" data-refresh="{
				addCalculationUsage: &quot;-1&quot;,
				langId: &quot;-1&quot;,
				storeId: &quot;10601&quot;, 
				catEntryId: &quot;309026&quot;, 
				catEntryName: &quot;Strawberry Frosting&quot;, 
				productView: &quot;list&quot;,
				productId: &quot;309026&quot;,
				itemId: &quot;309084&quot;,
				hideMultibuy: &quot;false&quot;,
                ticketType: &quot;&quot;,
                partNumber: &quot;1250400&quot;,
                offerCode: &quot;20140326&quot;
		}">
   	<div class="wrapper clearfix">   	
		

<h4 class="accessibility" id="heading_309026" tabindex="-1">
		Betty Crocker&nbsp;Strawberry Frosting&nbsp;
		450g&nbsp;
		 
</h4> 

<div class="offer-icon"></div>
<a role="presentation" aria-hidden="true" class="product-url" href="http://shop.coles.com.au/online/national/betty-crocker-strawberry-frosting">
	    <img role="presentation" aria-hidden="true" class="photo" src="/wcsstore/Coles-CAS/images/1/2/5/1250400-th.jpg" onerror="this.src='/wcsstore/ColesStorefrontAssetStore/dist/e0a775baf05f/images/spacer.gif'" alt="Strawberry Frosting" width="110" height="110">
	</a>

<div class="detail">	
    <span role="presentation" aria-hidden="true" class="brand">Betty Crocker</span>
    <span class="item" role="presentation" aria-hidden="true">
        <a role="presentation" aria-hidden="true" class="product-url" href="http://shop.coles.com.au/online/national/betty-crocker-strawberry-frosting">
        	Strawberry Frosting&nbsp;
        	450g
        </a>
    </span>
	<span class="size">
			
 	</span>
</div>


	<div class="purchasing">	    
	    <div class="saving">
	    	
	    </div>
	   	
	    		<div class="price"><span class="accessibility">Purchase price </span><small>$</small>5.39</div>
	    	
	    <div class="unit-price"><span class="accessibility">Unit price </span>$1.20 per 100G</div>
	    <div class="special-offer">	    	
	    	
	    </div> 
	    <div class="availability">Temporarily unavailable</div>
	    <div class="purchase">
		
			<input type="number" title="Add Quantity for Betty Crocker Strawberry Frosting 450g" name="quantity" id="catEntry_309026_qty" value="1" maxlength="2" size="2" class="v-mandatory v-numeric v-minval-1">
	        <button role="button" type="submit" title="Add to trolley&nbsp;Betty Crocker Strawberry Frosting 450g" class="btn-red action-addToTrolley"><span role="presentation" aria-hidden="true">Add to trolley</span></button>
		
		</div>
	</div>
	<div class="lists">
		
	</div>


	    <div class="actions">
	        			
			   <div class="MUItemForTrolleyDiv MUItemForTrolley_309084" data-catentry="309084">
		         <div class="MUul_309084"><div class="MUli_309084 hidden" aria-hidden="true"><span class="inTrolley"><span class="MUSpan_309084">0</span> in trolley</span></div></div>
		       </div>
		        <p class="clear"></p>
			 
			<div class="member-usuals-remove">
				<a href="#" class="action-removeFromUsuals usuals-remove">Remove from list <span class="accessibility">Betty Crocker Strawberry Frosting 450g</span></a>			
			</div>
			
				<div class="list">
					<a href="#" class="action-addToList action-list-add">Add to list <span class="accessibility">Betty Crocker Strawberry Frosting 450g</span></a> 
				</div>
				<div class="member-list-add">
					<a href="#" class="action-addToList action-list-add">Add to another list <span class="accessibility">Betty Crocker Strawberry Frosting 450g</span></a>
				</div>
			
			<div class="member-list-remove">
				 <a href="#" class="action-removeFromList">Remove from list <span class="accessibility">Betty Crocker Strawberry Frosting 450g</span></a> 
			</div>
			
				<div class="compareProd" role="presentation" aria-hidden="true">
					<a href="#" class="compare compare-add">Compare</a>
				</div>
			
				<a href="http://shop.coles.com.au/online/national/betty-crocker-strawberry-frosting" class="product-url accessibility">More details for Betty Crocker&nbsp;Strawberry Frosting</a>
			
		</div>  
      

       	
		    <div role="presentation" aria-hidden="true" id="share" class="share" data-social="{productImgUrl:'http://shop.coles.com.au:27900/wcsstore/Coles-CAS/images/1/2/5/1250400-th.jpg'
	                                               ,productDisplayUrl:'http://shop.coles.com.au/online/national/betty-crocker-strawberry-frosting'
	                                               ,title:'Betty Crocker Strawberry Frosting '
	                                               ,description:''}">
		 	</div>
 		
	</div>
</div>


	</form>
</div>


<span class="available hidden"></span>


<div class="outer-prod prodtile" data-refresh="{
					catalogId: &quot;10576&quot;,
					doInventory: &quot;N&quot;,
					fulfillmentCenterId: &quot;11576&quot;,
					forStoreId: &quot;10401&quot;,
					
					productDisplayURL: &quot;http://shop.coles.com.au/online/national/betty-crocker-cafe-style-berry-coconut-slice-mix&quot;				
			}">
	<form id="catEntryForm_346006" name="catEntryForm_346006" action="AjaxOrderChangeServiceItemAdd">
		
<div class=" " data-catentry="catEntry_346006" data-refresh="{
				addCalculationUsage: &quot;-1&quot;,
				langId: &quot;-1&quot;,
				storeId: &quot;10601&quot;, 
				catEntryId: &quot;346006&quot;, 
				catEntryName: &quot;Cafe Style Berry Coconut Slice Mix&quot;, 
				productView: &quot;list&quot;,
				productId: &quot;346006&quot;,
				itemId: &quot;346097&quot;,
				hideMultibuy: &quot;false&quot;,
                ticketType: &quot;&quot;,
                partNumber: &quot;1821567&quot;,
                offerCode: &quot;20150114&quot;
		}">
   	<div class="wrapper clearfix">   	
		

<h4 class="accessibility" id="heading_346006" tabindex="-1">
		Betty Crocker&nbsp;Cafe Style Berry Coconut Slice Mix&nbsp;
		350g&nbsp;
		 
</h4> 

<div class="offer-icon"></div>
<a role="presentation" aria-hidden="true" class="product-url" href="http://shop.coles.com.au/online/national/betty-crocker-cafe-style-berry-coconut-slice-mix">
	    <img role="presentation" aria-hidden="true" class="photo" src="/wcsstore/Coles-CAS/images/1/8/2/1821567-th.jpg" onerror="this.src='/wcsstore/ColesStorefrontAssetStore/dist/e0a775baf05f/images/spacer.gif'" alt="Cafe Style Berry Coconut Slice Mix" width="110" height="110">
	</a>

<div class="detail">	
    <span role="presentation" aria-hidden="true" class="brand">Betty Crocker</span>
    <span class="item" role="presentation" aria-hidden="true">
        <a role="presentation" aria-hidden="true" class="product-url" href="http://shop.coles.com.au/online/national/betty-crocker-cafe-style-berry-coconut-slice-mix">
        	Cafe Style Berry Coconut Slice Mix&nbsp;
        	350g
        </a>
    </span>
	<span class="size">
			
 	</span>
</div>


	<div class="purchasing">	    
	    <div class="saving">
	    	
	    </div>
	   	
	    		<div class="price"><span class="accessibility">Purchase price </span><small>$</small>5.50</div>
	    	
	    <div class="unit-price"><span class="accessibility">Unit price </span>$1.57 per 100G</div>
	    <div class="special-offer">	    	
	    	
	    </div> 
	    <div class="availability">Temporarily unavailable</div>
	    <div class="purchase">
		
			<input type="number" title="Add Quantity for Betty Crocker Cafe Style Berry Coconut Slice Mix 350g" name="quantity" id="catEntry_346006_qty" value="1" maxlength="2" size="2" class="v-mandatory v-numeric v-minval-1">
	        <button role="button" type="submit" title="Add to trolley&nbsp;Betty Crocker Cafe Style Berry Coconut Slice Mix 350g" class="btn-red action-addToTrolley"><span role="presentation" aria-hidden="true">Add to trolley</span></button>
		
		</div>
	</div>
	<div class="lists">
		
	</div>


	    <div class="actions">
	        			
			   <div class="MUItemForTrolleyDiv MUItemForTrolley_346097" data-catentry="346097">
		         <div class="MUul_346097"><div class="MUli_346097 hidden" aria-hidden="true"><span class="inTrolley"><span class="MUSpan_346097">0</span> in trolley</span></div></div>
		       </div>
		        <p class="clear"></p>
			 
			<div class="member-usuals-remove">
				<a href="#" class="action-removeFromUsuals usuals-remove">Remove from list <span class="accessibility">Betty Crocker Cafe Style Berry Coconut Slice Mix 350g</span></a>			
			</div>
			
				<div class="list">
					<a href="#" class="action-addToList action-list-add">Add to list <span class="accessibility">Betty Crocker Cafe Style Berry Coconut Slice Mix 350g</span></a> 
				</div>
				<div class="member-list-add">
					<a href="#" class="action-addToList action-list-add">Add to another list <span class="accessibility">Betty Crocker Cafe Style Berry Coconut Slice Mix 350g</span></a>
				</div>
			
			<div class="member-list-remove">
				 <a href="#" class="action-removeFromList">Remove from list <span class="accessibility">Betty Crocker Cafe Style Berry Coconut Slice Mix 350g</span></a> 
			</div>
			
				<div class="compareProd" role="presentation" aria-hidden="true">
					<a href="#" class="compare compare-add">Compare</a>
				</div>
			
				<a href="http://shop.coles.com.au/online/national/betty-crocker-cafe-style-berry-coconut-slice-mix" class="product-url accessibility">More details for Betty Crocker&nbsp;Cafe Style Berry Coconut Slice Mix</a>
			
		</div>  
      

       	
		    <div role="presentation" aria-hidden="true" id="share" class="share" data-social="{productImgUrl:'http://shop.coles.com.au:27900/wcsstore/Coles-CAS/images/1/8/2/1821567-th.jpg'
	                                               ,productDisplayUrl:'http://shop.coles.com.au/online/national/betty-crocker-cafe-style-berry-coconut-slice-mix'
	                                               ,title:'Betty Crocker Cafe Style Berry Coconut Slice Mix '
	                                               ,description:''}">
		 	</div>
 		
	</div>
</div>


	</form>
</div>


<span class="available hidden"></span>


<div class="outer-prod prodtile" data-refresh="{
					catalogId: &quot;10576&quot;,
					doInventory: &quot;N&quot;,
					fulfillmentCenterId: &quot;11576&quot;,
					forStoreId: &quot;10401&quot;,
					
					productDisplayURL: &quot;http://shop.coles.com.au/online/national/betty-crocker-white-chocolate-fudge-blondie-brownie-mix&quot;				
			}">
	<form id="catEntryForm_346027" name="catEntryForm_346027" action="AjaxOrderChangeServiceItemAdd">
		
<div class=" " data-catentry="catEntry_346027" data-refresh="{
				addCalculationUsage: &quot;-1&quot;,
				langId: &quot;-1&quot;,
				storeId: &quot;10601&quot;, 
				catEntryId: &quot;346027&quot;, 
				catEntryName: &quot;White Chocolate Fudge Blondie Brownie Mix&quot;, 
				productView: &quot;list&quot;,
				productId: &quot;346027&quot;,
				itemId: &quot;346151&quot;,
				hideMultibuy: &quot;false&quot;,
                ticketType: &quot;&quot;,
                partNumber: &quot;1822821&quot;,
                offerCode: &quot;20150128&quot;
		}">
   	<div class="wrapper clearfix">   	
		

<h4 class="accessibility" id="heading_346027" tabindex="-1">
		Betty Crocker&nbsp;White Chocolate Fudge Blondie Brownie Mix&nbsp;
		500g&nbsp;
		 
</h4> 

<div class="offer-icon"></div>
<a role="presentation" aria-hidden="true" class="product-url" href="http://shop.coles.com.au/online/national/betty-crocker-white-chocolate-fudge-blondie-brownie-mix">
	    <img role="presentation" aria-hidden="true" class="photo" src="/wcsstore/Coles-CAS/images/1/8/2/1822821-th.jpg" onerror="this.src='/wcsstore/ColesStorefrontAssetStore/dist/e0a775baf05f/images/spacer.gif'" alt="White Chocolate Fudge Blondie Brownie Mix" width="110" height="110">
	</a>

<div class="detail">	
    <span role="presentation" aria-hidden="true" class="brand">Betty Crocker</span>
    <span class="item" role="presentation" aria-hidden="true">
        <a role="presentation" aria-hidden="true" class="product-url" href="http://shop.coles.com.au/online/national/betty-crocker-white-chocolate-fudge-blondie-brownie-mix">
        	White Chocolate Fudge Blondie Brownie Mix&nbsp;
        	500g
        </a>
    </span>
	<span class="size">
			
 	</span>
</div>


	<div class="purchasing">	    
	    <div class="saving">
	    	
	    </div>
	   	
	    		<div class="price"><span class="accessibility">Purchase price </span><small>$</small>5.71</div>
	    	
	    <div class="unit-price"><span class="accessibility">Unit price </span>$1.14 per 100G</div>
	    <div class="special-offer">	    	
	    	
	    </div> 
	    <div class="availability">Temporarily unavailable</div>
	    <div class="purchase">
		
			<input type="number" title="Add Quantity for Betty Crocker White Chocolate Fudge Blondie Brownie Mix 500g" name="quantity" id="catEntry_346027_qty" value="1" maxlength="2" size="2" class="v-mandatory v-numeric v-minval-1">
	        <button role="button" type="submit" title="Add to trolley&nbsp;Betty Crocker White Chocolate Fudge Blondie Brownie Mix 500g" class="btn-red action-addToTrolley"><span role="presentation" aria-hidden="true">Add to trolley</span></button>
		
		</div>
	</div>
	<div class="lists">
		
	</div>


	    <div class="actions">
	        			
			   <div class="MUItemForTrolleyDiv MUItemForTrolley_346151" data-catentry="346151">
		         <div class="MUul_346151"><div class="MUli_346151 hidden" aria-hidden="true"><span class="inTrolley"><span class="MUSpan_346151">0</span> in trolley</span></div></div>
		       </div>
		        <p class="clear"></p>
			 
			<div class="member-usuals-remove">
				<a href="#" class="action-removeFromUsuals usuals-remove">Remove from list <span class="accessibility">Betty Crocker White Chocolate Fudge Blondie Brownie Mix 500g</span></a>			
			</div>
			
				<div class="list">
					<a href="#" class="action-addToList action-list-add">Add to list <span class="accessibility">Betty Crocker White Chocolate Fudge Blondie Brownie Mix 500g</span></a> 
				</div>
				<div class="member-list-add">
					<a href="#" class="action-addToList action-list-add">Add to another list <span class="accessibility">Betty Crocker White Chocolate Fudge Blondie Brownie Mix 500g</span></a>
				</div>
			
			<div class="member-list-remove">
				 <a href="#" class="action-removeFromList">Remove from list <span class="accessibility">Betty Crocker White Chocolate Fudge Blondie Brownie Mix 500g</span></a> 
			</div>
			
				<div class="compareProd" role="presentation" aria-hidden="true">
					<a href="#" class="compare compare-add">Compare</a>
				</div>
			
				<a href="http://shop.coles.com.au/online/national/betty-crocker-white-chocolate-fudge-blondie-brownie-mix" class="product-url accessibility">More details for Betty Crocker&nbsp;White Chocolate Fudge Blondie Brownie Mix</a>
			
		</div>  
      

       	
		    <div role="presentation" aria-hidden="true" id="share" class="share" data-social="{productImgUrl:'http://shop.coles.com.au:27900/wcsstore/Coles-CAS/images/1/8/2/1822821-th.jpg'
	                                               ,productDisplayUrl:'http://shop.coles.com.au/online/national/betty-crocker-white-chocolate-fudge-blondie-brownie-mix'
	                                               ,title:'Betty Crocker White Chocolate Fudge Blondie Brownie Mix '
	                                               ,description:''}">
		 	</div>
 		
	</div>
</div>


	</form>
</div>


<span class="available hidden"></span>


<div class="outer-prod prodtile" data-refresh="{
					catalogId: &quot;10576&quot;,
					doInventory: &quot;N&quot;,
					fulfillmentCenterId: &quot;11576&quot;,
					forStoreId: &quot;10401&quot;,
					
					productDisplayURL: &quot;http://shop.coles.com.au/online/national/betty-crocker-cafe-style-mini-lemon-tart-mix&quot;				
			}">
	<form id="catEntryForm_346042" name="catEntryForm_346042" action="AjaxOrderChangeServiceItemAdd">
		
<div class=" " data-catentry="catEntry_346042" data-refresh="{
				addCalculationUsage: &quot;-1&quot;,
				langId: &quot;-1&quot;,
				storeId: &quot;10601&quot;, 
				catEntryId: &quot;346042&quot;, 
				catEntryName: &quot;Cafe Style Mini Lemon Tart Mix&quot;, 
				productView: &quot;list&quot;,
				productId: &quot;346042&quot;,
				itemId: &quot;346152&quot;,
				hideMultibuy: &quot;false&quot;,
                ticketType: &quot;&quot;,
                partNumber: &quot;1821589&quot;,
                offerCode: &quot;20150114&quot;
		}">
   	<div class="wrapper clearfix">   	
		

<h4 class="accessibility" id="heading_346042" tabindex="-1">
		Betty Crocker&nbsp;Cafe Style Mini Lemon Tart Mix&nbsp;
		250g&nbsp;
		 
</h4> 

<div class="offer-icon"></div>
<a role="presentation" aria-hidden="true" class="product-url" href="http://shop.coles.com.au/online/national/betty-crocker-cafe-style-mini-lemon-tart-mix">
	    <img role="presentation" aria-hidden="true" class="photo" src="/wcsstore/Coles-CAS/images/1/8/2/1821589-th.jpg" onerror="this.src='/wcsstore/ColesStorefrontAssetStore/dist/e0a775baf05f/images/spacer.gif'" alt="Cafe Style Mini Lemon Tart Mix" width="110" height="110">
	</a>

<div class="detail">	
    <span role="presentation" aria-hidden="true" class="brand">Betty Crocker</span>
    <span class="item" role="presentation" aria-hidden="true">
        <a role="presentation" aria-hidden="true" class="product-url" href="http://shop.coles.com.au/online/national/betty-crocker-cafe-style-mini-lemon-tart-mix">
        	Cafe Style Mini Lemon Tart Mix&nbsp;
        	250g
        </a>
    </span>
	<span class="size">
			
 	</span>
</div>


	<div class="purchasing">	    
	    <div class="saving">
	    	
	    </div>
	   	
	    		<div class="price"><span class="accessibility">Purchase price </span><small>$</small>5.50</div>
	    	
	    <div class="unit-price"><span class="accessibility">Unit price </span>$2.20 per 100G</div>
	    <div class="special-offer">	    	
	    	
	    </div> 
	    <div class="availability">Temporarily unavailable</div>
	    <div class="purchase">
		
			<input type="number" title="Add Quantity for Betty Crocker Cafe Style Mini Lemon Tart Mix 250g" name="quantity" id="catEntry_346042_qty" value="1" maxlength="2" size="2" class="v-mandatory v-numeric v-minval-1">
	        <button role="button" type="submit" title="Add to trolley&nbsp;Betty Crocker Cafe Style Mini Lemon Tart Mix 250g" class="btn-red action-addToTrolley"><span role="presentation" aria-hidden="true">Add to trolley</span></button>
		
		</div>
	</div>
	<div class="lists">
		
	</div>


	    <div class="actions">
	        			
			   <div class="MUItemForTrolleyDiv MUItemForTrolley_346152" data-catentry="346152">
		         <div class="MUul_346152"><div class="MUli_346152 hidden" aria-hidden="true"><span class="inTrolley"><span class="MUSpan_346152">0</span> in trolley</span></div></div>
		       </div>
		        <p class="clear"></p>
			 
			<div class="member-usuals-remove">
				<a href="#" class="action-removeFromUsuals usuals-remove">Remove from list <span class="accessibility">Betty Crocker Cafe Style Mini Lemon Tart Mix 250g</span></a>			
			</div>
			
				<div class="list">
					<a href="#" class="action-addToList action-list-add">Add to list <span class="accessibility">Betty Crocker Cafe Style Mini Lemon Tart Mix 250g</span></a> 
				</div>
				<div class="member-list-add">
					<a href="#" class="action-addToList action-list-add">Add to another list <span class="accessibility">Betty Crocker Cafe Style Mini Lemon Tart Mix 250g</span></a>
				</div>
			
			<div class="member-list-remove">
				 <a href="#" class="action-removeFromList">Remove from list <span class="accessibility">Betty Crocker Cafe Style Mini Lemon Tart Mix 250g</span></a> 
			</div>
			
				<div class="compareProd" role="presentation" aria-hidden="true">
					<a href="#" class="compare compare-add">Compare</a>
				</div>
			
				<a href="http://shop.coles.com.au/online/national/betty-crocker-cafe-style-mini-lemon-tart-mix" class="product-url accessibility">More details for Betty Crocker&nbsp;Cafe Style Mini Lemon Tart Mix</a>
			
		</div>  
      

       	
		    <div role="presentation" aria-hidden="true" id="share" class="share" data-social="{productImgUrl:'http://shop.coles.com.au:27900/wcsstore/Coles-CAS/images/1/8/2/1821589-th.jpg'
	                                               ,productDisplayUrl:'http://shop.coles.com.au/online/national/betty-crocker-cafe-style-mini-lemon-tart-mix'
	                                               ,title:'Betty Crocker Cafe Style Mini Lemon Tart Mix '
	                                               ,description:''}">
		 	</div>
 		
	</div>
</div>


	</form>
</div>


<span class="available hidden"></span>


<div class="outer-prod prodtile" data-refresh="{
					catalogId: &quot;10576&quot;,
					doInventory: &quot;N&quot;,
					fulfillmentCenterId: &quot;11576&quot;,
					forStoreId: &quot;10401&quot;,
					
					productDisplayURL: &quot;http://shop.coles.com.au/online/national/betty-crocker-irresistibles-hot-salted-caramel-dessert-brownie-mix&quot;				
			}">
	<form id="catEntryForm_346058" name="catEntryForm_346058" action="AjaxOrderChangeServiceItemAdd">
		
<div class=" " data-catentry="catEntry_346058" data-refresh="{
				addCalculationUsage: &quot;-1&quot;,
				langId: &quot;-1&quot;,
				storeId: &quot;10601&quot;, 
				catEntryId: &quot;346058&quot;, 
				catEntryName: &quot;Irresistibles Hot Salted Caramel Dessert Brownie Mix&quot;, 
				productView: &quot;list&quot;,
				productId: &quot;346058&quot;,
				itemId: &quot;346126&quot;,
				hideMultibuy: &quot;false&quot;,
                ticketType: &quot;&quot;,
                partNumber: &quot;1821545&quot;,
                offerCode: &quot;20141001&quot;
		}">
   	<div class="wrapper clearfix">   	
		

<h4 class="accessibility" id="heading_346058" tabindex="-1">
		Betty Crocker&nbsp;Irresistibles Hot Salted Caramel Dessert Brownie Mix&nbsp;
		450g&nbsp;
		 
</h4> 

<div class="offer-icon"></div>
<a role="presentation" aria-hidden="true" class="product-url" href="http://shop.coles.com.au/online/national/betty-crocker-irresistibles-hot-salted-caramel-dessert-brownie-mix">
	    <img role="presentation" aria-hidden="true" class="photo" src="/wcsstore/Coles-CAS/images/1/8/2/1821545-th.jpg" onerror="this.src='/wcsstore/ColesStorefrontAssetStore/dist/e0a775baf05f/images/spacer.gif'" alt="Irresistibles Hot Salted Caramel Dessert Brownie Mix" width="110" height="110">
	</a>

<div class="detail">	
    <span role="presentation" aria-hidden="true" class="brand">Betty Crocker</span>
    <span class="item" role="presentation" aria-hidden="true">
        <a role="presentation" aria-hidden="true" class="product-url" href="http://shop.coles.com.au/online/national/betty-crocker-irresistibles-hot-salted-caramel-dessert-brownie-mix">
        	Irresistibles Hot Salted Caramel Dessert Brownie Mix&nbsp;
        	450g
        </a>
    </span>
	<span class="size">
			
 	</span>
</div>


	<div class="purchasing">	    
	    <div class="saving">
	    	
	    </div>
	   	
	    		<div class="price"><span class="accessibility">Purchase price </span><small>$</small>6.92</div>
	    	
	    <div class="unit-price"><span class="accessibility">Unit price </span>$1.54 per 100mL</div>
	    <div class="special-offer">	    	
	    	
	    </div> 
	    <div class="availability">Temporarily unavailable</div>
	    <div class="purchase">
		
			<input type="number" title="Add Quantity for Betty Crocker Irresistibles Hot Salted Caramel Dessert Brownie Mix 450g" name="quantity" id="catEntry_346058_qty" value="1" maxlength="2" size="2" class="v-mandatory v-numeric v-minval-1">
	        <button role="button" type="submit" title="Add to trolley&nbsp;Betty Crocker Irresistibles Hot Salted Caramel Dessert Brownie Mix 450g" class="btn-red action-addToTrolley"><span role="presentation" aria-hidden="true">Add to trolley</span></button>
		
		</div>
	</div>
	<div class="lists">
		
	</div>


	    <div class="actions">
	        			
			   <div class="MUItemForTrolleyDiv MUItemForTrolley_346126" data-catentry="346126">
		         <div class="MUul_346126"><div class="MUli_346126 hidden" aria-hidden="true"><span class="inTrolley"><span class="MUSpan_346126">0</span> in trolley</span></div></div>
		       </div>
		        <p class="clear"></p>
			 
			<div class="member-usuals-remove">
				<a href="#" class="action-removeFromUsuals usuals-remove">Remove from list <span class="accessibility">Betty Crocker Irresistibles Hot Salted Caramel Dessert Brownie Mix 450g</span></a>			
			</div>
			
				<div class="list">
					<a href="#" class="action-addToList action-list-add">Add to list <span class="accessibility">Betty Crocker Irresistibles Hot Salted Caramel Dessert Brownie Mix 450g</span></a> 
				</div>
				<div class="member-list-add">
					<a href="#" class="action-addToList action-list-add">Add to another list <span class="accessibility">Betty Crocker Irresistibles Hot Salted Caramel Dessert Brownie Mix 450g</span></a>
				</div>
			
			<div class="member-list-remove">
				 <a href="#" class="action-removeFromList">Remove from list <span class="accessibility">Betty Crocker Irresistibles Hot Salted Caramel Dessert Brownie Mix 450g</span></a> 
			</div>
			
				<div class="compareProd" role="presentation" aria-hidden="true">
					<a href="#" class="compare compare-add">Compare</a>
				</div>
			
				<a href="http://shop.coles.com.au/online/national/betty-crocker-irresistibles-hot-salted-caramel-dessert-brownie-mix" class="product-url accessibility">More details for Betty Crocker&nbsp;Irresistibles Hot Salted Caramel Dessert Brownie Mix</a>
			
		</div>  
      

       	
		    <div role="presentation" aria-hidden="true" id="share" class="share" data-social="{productImgUrl:'http://shop.coles.com.au:27900/wcsstore/Coles-CAS/images/1/8/2/1821545-th.jpg'
	                                               ,productDisplayUrl:'http://shop.coles.com.au/online/national/betty-crocker-irresistibles-hot-salted-caramel-dessert-brownie-mix'
	                                               ,title:'Betty Crocker Irresistibles Hot Salted Caramel Dessert Brownie Mix '
	                                               ,description:''}">
		 	</div>
 		
	</div>
</div>


	</form>
</div>


<span class="available hidden"></span>


<div class="outer-prod prodtile" data-refresh="{
					catalogId: &quot;10576&quot;,
					doInventory: &quot;N&quot;,
					fulfillmentCenterId: &quot;11576&quot;,
					forStoreId: &quot;10401&quot;,
					
					productDisplayURL: &quot;http://shop.coles.com.au/online/national/betty-crocker-cafe-style-mini-red-velvet-cake-mix&quot;				
			}">
	<form id="catEntryForm_346074" name="catEntryForm_346074" action="AjaxOrderChangeServiceItemAdd">
		
<div class=" " data-catentry="catEntry_346074" data-refresh="{
				addCalculationUsage: &quot;-1&quot;,
				langId: &quot;-1&quot;,
				storeId: &quot;10601&quot;, 
				catEntryId: &quot;346074&quot;, 
				catEntryName: &quot;Cafe Style Mini Red Velvet Cake Mix&quot;, 
				productView: &quot;list&quot;,
				productId: &quot;346074&quot;,
				itemId: &quot;346159&quot;,
				hideMultibuy: &quot;false&quot;,
                ticketType: &quot;&quot;,
                partNumber: &quot;1821590&quot;,
                offerCode: &quot;20150114&quot;
		}">
   	<div class="wrapper clearfix">   	
		

<h4 class="accessibility" id="heading_346074" tabindex="-1">
		Betty Crocker&nbsp;Cafe Style Mini Red Velvet Cake Mix&nbsp;
		305g&nbsp;
		 
</h4> 

<div class="offer-icon"></div>
<a role="presentation" aria-hidden="true" class="product-url" href="http://shop.coles.com.au/online/national/betty-crocker-cafe-style-mini-red-velvet-cake-mix">
	    <img role="presentation" aria-hidden="true" class="photo" src="/wcsstore/Coles-CAS/images/1/8/2/1821590-th.jpg" onerror="this.src='/wcsstore/ColesStorefrontAssetStore/dist/e0a775baf05f/images/spacer.gif'" alt="Cafe Style Mini Red Velvet Cake Mix" width="110" height="110">
	</a>

<div class="detail">	
    <span role="presentation" aria-hidden="true" class="brand">Betty Crocker</span>
    <span class="item" role="presentation" aria-hidden="true">
        <a role="presentation" aria-hidden="true" class="product-url" href="http://shop.coles.com.au/online/national/betty-crocker-cafe-style-mini-red-velvet-cake-mix">
        	Cafe Style Mini Red Velvet Cake Mix&nbsp;
        	305g
        </a>
    </span>
	<span class="size">
			
 	</span>
</div>


	<div class="purchasing">	    
	    <div class="saving">
	    	
	    </div>
	   	
	    		<div class="price"><span class="accessibility">Purchase price </span><small>$</small>5.50</div>
	    	
	    <div class="unit-price"><span class="accessibility">Unit price </span>$1.80 per 100G</div>
	    <div class="special-offer">	    	
	    	
	    </div> 
	    <div class="availability">Temporarily unavailable</div>
	    <div class="purchase">
		
			<input type="number" title="Add Quantity for Betty Crocker Cafe Style Mini Red Velvet Cake Mix 305g" name="quantity" id="catEntry_346074_qty" value="1" maxlength="2" size="2" class="v-mandatory v-numeric v-minval-1">
	        <button role="button" type="submit" title="Add to trolley&nbsp;Betty Crocker Cafe Style Mini Red Velvet Cake Mix 305g" class="btn-red action-addToTrolley"><span role="presentation" aria-hidden="true">Add to trolley</span></button>
		
		</div>
	</div>
	<div class="lists">
		
	</div>


	    <div class="actions">
	        			
			   <div class="MUItemForTrolleyDiv MUItemForTrolley_346159" data-catentry="346159">
		         <div class="MUul_346159"><div class="MUli_346159 hidden" aria-hidden="true"><span class="inTrolley"><span class="MUSpan_346159">0</span> in trolley</span></div></div>
		       </div>
		        <p class="clear"></p>
			 
			<div class="member-usuals-remove">
				<a href="#" class="action-removeFromUsuals usuals-remove">Remove from list <span class="accessibility">Betty Crocker Cafe Style Mini Red Velvet Cake Mix 305g</span></a>			
			</div>
			
				<div class="list">
					<a href="#" class="action-addToList action-list-add">Add to list <span class="accessibility">Betty Crocker Cafe Style Mini Red Velvet Cake Mix 305g</span></a> 
				</div>
				<div class="member-list-add">
					<a href="#" class="action-addToList action-list-add">Add to another list <span class="accessibility">Betty Crocker Cafe Style Mini Red Velvet Cake Mix 305g</span></a>
				</div>
			
			<div class="member-list-remove">
				 <a href="#" class="action-removeFromList">Remove from list <span class="accessibility">Betty Crocker Cafe Style Mini Red Velvet Cake Mix 305g</span></a> 
			</div>
			
				<div class="compareProd" role="presentation" aria-hidden="true">
					<a href="#" class="compare compare-add">Compare</a>
				</div>
			
				<a href="http://shop.coles.com.au/online/national/betty-crocker-cafe-style-mini-red-velvet-cake-mix" class="product-url accessibility">More details for Betty Crocker&nbsp;Cafe Style Mini Red Velvet Cake Mix</a>
			
		</div>  
      

       	
		    <div role="presentation" aria-hidden="true" id="share" class="share" data-social="{productImgUrl:'http://shop.coles.com.au:27900/wcsstore/Coles-CAS/images/1/8/2/1821590-th.jpg'
	                                               ,productDisplayUrl:'http://shop.coles.com.au/online/national/betty-crocker-cafe-style-mini-red-velvet-cake-mix'
	                                               ,title:'Betty Crocker Cafe Style Mini Red Velvet Cake Mix '
	                                               ,description:''}">
		 	</div>
 		
	</div>
</div>


	</form>
</div>


<span class="available hidden"></span>


<div class="outer-prod prodtile" data-refresh="{
					catalogId: &quot;10576&quot;,
					doInventory: &quot;N&quot;,
					fulfillmentCenterId: &quot;11576&quot;,
					forStoreId: &quot;10401&quot;,
					
					productDisplayURL: &quot;http://shop.coles.com.au/online/national/betty-crocker-cafe-style-mini-chocolate-salted-caramel-cake-mix&quot;				
			}">
	<form id="catEntryForm_346075" name="catEntryForm_346075" action="AjaxOrderChangeServiceItemAdd">
		
<div class=" " data-catentry="catEntry_346075" data-refresh="{
				addCalculationUsage: &quot;-1&quot;,
				langId: &quot;-1&quot;,
				storeId: &quot;10601&quot;, 
				catEntryId: &quot;346075&quot;, 
				catEntryName: &quot;Cafe Style Mini Chocolate Salted Caramel Cake Mix&quot;, 
				productView: &quot;list&quot;,
				productId: &quot;346075&quot;,
				itemId: &quot;346125&quot;,
				hideMultibuy: &quot;false&quot;,
                ticketType: &quot;&quot;,
                partNumber: &quot;1821578&quot;,
                offerCode: &quot;20150114&quot;
		}">
   	<div class="wrapper clearfix">   	
		

<h4 class="accessibility" id="heading_346075" tabindex="-1">
		Betty Crocker&nbsp;Cafe Style Mini Chocolate Salted Caramel Cake Mix&nbsp;
		320g&nbsp;
		 
</h4> 

<div class="offer-icon"></div>
<a role="presentation" aria-hidden="true" class="product-url" href="http://shop.coles.com.au/online/national/betty-crocker-cafe-style-mini-chocolate-salted-caramel-cake-mix">
	    <img role="presentation" aria-hidden="true" class="photo" src="/wcsstore/Coles-CAS/images/1/8/2/1821578-th.jpg" onerror="this.src='/wcsstore/ColesStorefrontAssetStore/dist/e0a775baf05f/images/spacer.gif'" alt="Cafe Style Mini Chocolate Salted Caramel Cake Mix" width="110" height="110">
	</a>

<div class="detail">	
    <span role="presentation" aria-hidden="true" class="brand">Betty Crocker</span>
    <span class="item" role="presentation" aria-hidden="true">
        <a role="presentation" aria-hidden="true" class="product-url" href="http://shop.coles.com.au/online/national/betty-crocker-cafe-style-mini-chocolate-salted-caramel-cake-mix">
        	Cafe Style Mini Chocolate Salted Caramel Cake Mix&nbsp;
        	320g
        </a>
    </span>
	<span class="size">
			
 	</span>
</div>


	<div class="purchasing">	    
	    <div class="saving">
	    	
	    </div>
	   	
	    		<div class="price"><span class="accessibility">Purchase price </span><small>$</small>5.50</div>
	    	
	    <div class="unit-price"><span class="accessibility">Unit price </span>$1.72 per 100G</div>
	    <div class="special-offer">	    	
	    	
	    </div> 
	    <div class="availability">Temporarily unavailable</div>
	    <div class="purchase">
		
			<input type="number" title="Add Quantity for Betty Crocker Cafe Style Mini Chocolate Salted Caramel Cake Mix 320g" name="quantity" id="catEntry_346075_qty" value="1" maxlength="2" size="2" class="v-mandatory v-numeric v-minval-1">
	        <button role="button" type="submit" title="Add to trolley&nbsp;Betty Crocker Cafe Style Mini Chocolate Salted Caramel Cake Mix 320g" class="btn-red action-addToTrolley"><span role="presentation" aria-hidden="true">Add to trolley</span></button>
		
		</div>
	</div>
	<div class="lists">
		
	</div>


	    <div class="actions">
	        			
			   <div class="MUItemForTrolleyDiv MUItemForTrolley_346125" data-catentry="346125">
		         <div class="MUul_346125"><div class="MUli_346125 hidden" aria-hidden="true"><span class="inTrolley"><span class="MUSpan_346125">0</span> in trolley</span></div></div>
		       </div>
		        <p class="clear"></p>
			 
			<div class="member-usuals-remove">
				<a href="#" class="action-removeFromUsuals usuals-remove">Remove from list <span class="accessibility">Betty Crocker Cafe Style Mini Chocolate Salted Caramel Cake Mix 320g</span></a>			
			</div>
			
				<div class="list">
					<a href="#" class="action-addToList action-list-add">Add to list <span class="accessibility">Betty Crocker Cafe Style Mini Chocolate Salted Caramel Cake Mix 320g</span></a> 
				</div>
				<div class="member-list-add">
					<a href="#" class="action-addToList action-list-add">Add to another list <span class="accessibility">Betty Crocker Cafe Style Mini Chocolate Salted Caramel Cake Mix 320g</span></a>
				</div>
			
			<div class="member-list-remove">
				 <a href="#" class="action-removeFromList">Remove from list <span class="accessibility">Betty Crocker Cafe Style Mini Chocolate Salted Caramel Cake Mix 320g</span></a> 
			</div>
			
				<div class="compareProd" role="presentation" aria-hidden="true">
					<a href="#" class="compare compare-add">Compare</a>
				</div>
			
				<a href="http://shop.coles.com.au/online/national/betty-crocker-cafe-style-mini-chocolate-salted-caramel-cake-mix" class="product-url accessibility">More details for Betty Crocker&nbsp;Cafe Style Mini Chocolate Salted Caramel Cake Mix</a>
			
		</div>  
      

       	
		    <div role="presentation" aria-hidden="true" id="share" class="share" data-social="{productImgUrl:'http://shop.coles.com.au:27900/wcsstore/Coles-CAS/images/1/8/2/1821578-th.jpg'
	                                               ,productDisplayUrl:'http://shop.coles.com.au/online/national/betty-crocker-cafe-style-mini-chocolate-salted-caramel-cake-mix'
	                                               ,title:'Betty Crocker Cafe Style Mini Chocolate Salted Caramel Cake Mix '
	                                               ,description:''}">
		 	</div>
 		
	</div>
</div>


	</form>
</div>


<span class="available hidden"></span>


<div class="outer-prod prodtile" data-refresh="{
					catalogId: &quot;10576&quot;,
					doInventory: &quot;N&quot;,
					fulfillmentCenterId: &quot;11576&quot;,
					forStoreId: &quot;10401&quot;,
					
					productDisplayURL: &quot;http://shop.coles.com.au/online/national/beyond-slimline-can-100%25-pure-coconut-water&quot;				
			}">
	<form id="catEntryForm_251075" name="catEntryForm_251075" action="AjaxOrderChangeServiceItemAdd">
		
<div class=" " data-catentry="catEntry_251075" data-refresh="{
				addCalculationUsage: &quot;-1&quot;,
				langId: &quot;-1&quot;,
				storeId: &quot;10601&quot;, 
				catEntryId: &quot;251075&quot;, 
				catEntryName: &quot;100% Pure Coconut Water&quot;, 
				productView: &quot;list&quot;,
				productId: &quot;251075&quot;,
				itemId: &quot;251197&quot;,
				hideMultibuy: &quot;false&quot;,
                ticketType: &quot;&quot;,
                partNumber: &quot;1479274&quot;,
                offerCode: &quot;20140322&quot;
		}">
   	<div class="wrapper clearfix">   	
		

<h4 class="accessibility" id="heading_251075" tabindex="-1">
		Beyond Slimline Can&nbsp;100% Pure Coconut Water&nbsp;
		250mL&nbsp;
		 
</h4> 

<div class="offer-icon"></div>
<a role="presentation" aria-hidden="true" class="product-url" href="http://shop.coles.com.au/online/national/beyond-slimline-can-100%25-pure-coconut-water">
	    <img role="presentation" aria-hidden="true" class="photo" src="/wcsstore/Coles-CAS/images/1/4/7/1479274-th.jpg" onerror="this.src='/wcsstore/ColesStorefrontAssetStore/dist/e0a775baf05f/images/spacer.gif'" alt="100% Pure Coconut Water" width="110" height="110">
	</a>

<div class="detail">	
    <span role="presentation" aria-hidden="true" class="brand">Beyond Slimline Can</span>
    <span class="item" role="presentation" aria-hidden="true">
        <a role="presentation" aria-hidden="true" class="product-url" href="http://shop.coles.com.au/online/national/beyond-slimline-can-100%25-pure-coconut-water">
        	100% Pure Coconut Water&nbsp;
        	250mL
        </a>
    </span>
	<span class="size">
			
 	</span>
</div>


	<div class="purchasing">	    
	    <div class="saving">
	    	
	    </div>
	   	
	    		<div class="price"><span class="accessibility">Purchase price </span><small>$</small>2.19</div>
	    	
	    <div class="unit-price"><span class="accessibility">Unit price </span>$0.88 per 100mL</div>
	    <div class="special-offer">	    	
	    	
	    </div> 
	    <div class="availability">Temporarily unavailable</div>
	    <div class="purchase">
		
			<input type="number" title="Add Quantity for Beyond Slimline Can 100% Pure Coconut Water 250mL" name="quantity" id="catEntry_251075_qty" value="1" maxlength="2" size="2" class="v-mandatory v-numeric v-minval-1">
	        <button role="button" type="submit" title="Add to trolley&nbsp;Beyond Slimline Can 100% Pure Coconut Water 250mL" class="btn-red action-addToTrolley"><span role="presentation" aria-hidden="true">Add to trolley</span></button>
		
		</div>
	</div>
	<div class="lists">
		
	</div>


	    <div class="actions">
	        			
			   <div class="MUItemForTrolleyDiv MUItemForTrolley_251197" data-catentry="251197">
		         <div class="MUul_251197"><div class="MUli_251197 hidden" aria-hidden="true"><span class="inTrolley"><span class="MUSpan_251197">0</span> in trolley</span></div></div>
		       </div>
		        <p class="clear"></p>
			 
			<div class="member-usuals-remove">
				<a href="#" class="action-removeFromUsuals usuals-remove">Remove from list <span class="accessibility">Beyond Slimline Can 100% Pure Coconut Water 250mL</span></a>			
			</div>
			
				<div class="list">
					<a href="#" class="action-addToList action-list-add">Add to list <span class="accessibility">Beyond Slimline Can 100% Pure Coconut Water 250mL</span></a> 
				</div>
				<div class="member-list-add">
					<a href="#" class="action-addToList action-list-add">Add to another list <span class="accessibility">Beyond Slimline Can 100% Pure Coconut Water 250mL</span></a>
				</div>
			
			<div class="member-list-remove">
				 <a href="#" class="action-removeFromList">Remove from list <span class="accessibility">Beyond Slimline Can 100% Pure Coconut Water 250mL</span></a> 
			</div>
			
				<div class="compareProd" role="presentation" aria-hidden="true">
					<a href="#" class="compare compare-add">Compare</a>
				</div>
			
				<a href="http://shop.coles.com.au/online/national/beyond-slimline-can-100%25-pure-coconut-water" class="product-url accessibility">More details for Beyond Slimline Can&nbsp;100% Pure Coconut Water</a>
			
		</div>  
      

       	
		    <div role="presentation" aria-hidden="true" id="share" class="share" data-social="{productImgUrl:'http://shop.coles.com.au:27900/wcsstore/Coles-CAS/images/1/4/7/1479274-th.jpg'
	                                               ,productDisplayUrl:'http://shop.coles.com.au/online/national/beyond-slimline-can-100%25-pure-coconut-water'
	                                               ,title:'Beyond Slimline Can 100% Pure Coconut Water '
	                                               ,description:''}">
		 	</div>
 		
	</div>
</div>


	</form>
</div>


<span class="available hidden"></span>


<div class="outer-prod prodtile" data-refresh="{
					catalogId: &quot;10576&quot;,
					doInventory: &quot;N&quot;,
					fulfillmentCenterId: &quot;11576&quot;,
					forStoreId: &quot;10401&quot;,
					
					productDisplayURL: &quot;http://shop.coles.com.au/online/national/bickfords-iced-coffee-mix&quot;				
			}">
	<form id="catEntryForm_78289" name="catEntryForm_78289" action="AjaxOrderChangeServiceItemAdd">
		
<div class=" " data-catentry="catEntry_78289" data-refresh="{
				addCalculationUsage: &quot;-1&quot;,
				langId: &quot;-1&quot;,
				storeId: &quot;10601&quot;, 
				catEntryId: &quot;78289&quot;, 
				catEntryName: &quot;Chicory Essence Iced Coffee Mix&quot;, 
				productView: &quot;list&quot;,
				productId: &quot;78289&quot;,
				itemId: &quot;138469&quot;,
				hideMultibuy: &quot;false&quot;,
                ticketType: &quot;&quot;,
                partNumber: &quot;5924448&quot;,
                offerCode: &quot;20140502&quot;
		}">
   	<div class="wrapper clearfix">   	
		

<h4 class="accessibility" id="heading_78289" tabindex="-1">
		Bickfords&nbsp;Chicory Essence Iced Coffee Mix&nbsp;
		600mL&nbsp;
		 
</h4> 

<div class="offer-icon"></div>
<a role="presentation" aria-hidden="true" class="product-url" href="http://shop.coles.com.au/online/national/bickfords-iced-coffee-mix">
	    <img role="presentation" aria-hidden="true" class="photo" src="/wcsstore/Coles-CAS/images/5/9/2/5924448-th.jpg" onerror="this.src='/wcsstore/ColesStorefrontAssetStore/dist/e0a775baf05f/images/spacer.gif'" alt="Chicory Essence Iced Coffee Mix" width="110" height="110">
	</a>

<div class="detail">	
    <span role="presentation" aria-hidden="true" class="brand">Bickfords</span>
    <span class="item" role="presentation" aria-hidden="true">
        <a role="presentation" aria-hidden="true" class="product-url" href="http://shop.coles.com.au/online/national/bickfords-iced-coffee-mix">
        	Chicory Essence Iced Coffee Mix&nbsp;
        	600mL
        </a>
    </span>
	<span class="size">
			
 	</span>
</div>


	<div class="purchasing">	    
	    <div class="saving">
	    	
	    </div>
	   	
	    		<div class="price"><span class="accessibility">Purchase price </span><small>$</small>8.14</div>
	    	
	    <div class="unit-price"><span class="accessibility">Unit price </span>$1.36 per 100mL</div>
	    <div class="special-offer">	    	
	    	
	    </div> 
	    <div class="availability">Temporarily unavailable</div>
	    <div class="purchase">
		
			<input type="number" title="Add Quantity for Bickfords Chicory Essence Iced Coffee Mix 600mL" name="quantity" id="catEntry_78289_qty" value="1" maxlength="2" size="2" class="v-mandatory v-numeric v-minval-1">
	        <button role="button" type="submit" title="Add to trolley&nbsp;Bickfords Chicory Essence Iced Coffee Mix 600mL" class="btn-red action-addToTrolley"><span role="presentation" aria-hidden="true">Add to trolley</span></button>
		
		</div>
	</div>
	<div class="lists">
		
	</div>


	    <div class="actions">
	        			
			   <div class="MUItemForTrolleyDiv MUItemForTrolley_138469" data-catentry="138469">
		         <div class="MUul_138469"><div class="MUli_138469 hidden" aria-hidden="true"><span class="inTrolley"><span class="MUSpan_138469">0</span> in trolley</span></div></div>
		       </div>
		        <p class="clear"></p>
			 
			<div class="member-usuals-remove">
				<a href="#" class="action-removeFromUsuals usuals-remove">Remove from list <span class="accessibility">Bickfords Chicory Essence Iced Coffee Mix 600mL</span></a>			
			</div>
			
				<div class="list">
					<a href="#" class="action-addToList action-list-add">Add to list <span class="accessibility">Bickfords Chicory Essence Iced Coffee Mix 600mL</span></a> 
				</div>
				<div class="member-list-add">
					<a href="#" class="action-addToList action-list-add">Add to another list <span class="accessibility">Bickfords Chicory Essence Iced Coffee Mix 600mL</span></a>
				</div>
			
			<div class="member-list-remove">
				 <a href="#" class="action-removeFromList">Remove from list <span class="accessibility">Bickfords Chicory Essence Iced Coffee Mix 600mL</span></a> 
			</div>
			
				<div class="compareProd" role="presentation" aria-hidden="true">
					<a href="#" class="compare compare-add">Compare</a>
				</div>
			
				<a href="http://shop.coles.com.au/online/national/bickfords-iced-coffee-mix" class="product-url accessibility">More details for Bickfords&nbsp;Chicory Essence Iced Coffee Mix</a>
			
		</div>  
      

       	
		    <div role="presentation" aria-hidden="true" id="share" class="share" data-social="{productImgUrl:'http://shop.coles.com.au:27900/wcsstore/Coles-CAS/images/5/9/2/5924448-th.jpg'
	                                               ,productDisplayUrl:'http://shop.coles.com.au/online/national/bickfords-iced-coffee-mix'
	                                               ,title:'Bickfords Chicory Essence Iced Coffee Mix '
	                                               ,description:'Essence of Coffee &amp;amp; Chicory.'}">
		 	</div>
 		
	</div>
</div>


	</form>
</div>


<span class="available hidden"></span>


<div class="outer-prod prodtile" data-refresh="{
					catalogId: &quot;10576&quot;,
					doInventory: &quot;N&quot;,
					fulfillmentCenterId: &quot;11576&quot;,
					forStoreId: &quot;10401&quot;,
					
					productDisplayURL: &quot;http://shop.coles.com.au/online/national/black-natural-sugar-free-energy-drink-with-acai&quot;				
			}">
	<form id="catEntryForm_365033" name="catEntryForm_365033" action="AjaxOrderChangeServiceItemAdd">
		
<div class="promo save " data-catentry="catEntry_365033" data-refresh="{
				addCalculationUsage: &quot;-1&quot;,
				langId: &quot;-1&quot;,
				storeId: &quot;10601&quot;, 
				catEntryId: &quot;365033&quot;, 
				catEntryName: &quot;Sugar Free Energy Drink with Acai&quot;, 
				productView: &quot;list&quot;,
				productId: &quot;365033&quot;,
				itemId: &quot;365122&quot;,
				hideMultibuy: &quot;false&quot;,
                ticketType: &quot;S&quot;,
                partNumber: &quot;1478362&quot;,
                offerCode: &quot;107392049&quot;
		}">
   	<div class="wrapper clearfix">   	
		

<h4 class="accessibility" id="heading_365033" tabindex="-1">
		Black Natural&nbsp;Sugar Free Energy Drink with Acai&nbsp;
		250mL&nbsp;
		On special 
</h4> 

<div class="offer-icon"></div>
<a role="presentation" aria-hidden="true" class="product-url" href="http://shop.coles.com.au/online/national/black-natural-sugar-free-energy-drink-with-acai">
	    <img role="presentation" aria-hidden="true" class="photo" src="/wcsstore/Coles-CAS/images/1/4/7/1478362-th.jpg" onerror="this.src='/wcsstore/ColesStorefrontAssetStore/dist/e0a775baf05f/images/spacer.gif'" alt="Sugar Free Energy Drink with Acai" width="110" height="110">
	</a>

<div class="detail">	
    <span role="presentation" aria-hidden="true" class="brand">Black Natural</span>
    <span class="item" role="presentation" aria-hidden="true">
        <a role="presentation" aria-hidden="true" class="product-url" href="http://shop.coles.com.au/online/national/black-natural-sugar-free-energy-drink-with-acai">
        	Sugar Free Energy Drink with Acai&nbsp;
        	250mL
        </a>
    </span>
	<span class="size">
			
 	</span>
</div>


	<div class="purchasing">	    
	    <div class="saving">
	    	
	    		<span class="accessibility">Original price</span> was $3.30 
	    		<span><span class="accessibility">You can</span> save $1.80</span>
	    	
	    </div>
	   	
	    		<div class="price"><span class="accessibility">Purchase price </span><small>$</small>1.50</div>
	    	
	    <div class="unit-price"><span class="accessibility">Unit price </span>$0.60 per 100mL</div>
	    <div class="special-offer">	    	
	    	
	    </div> 
	    <div class="availability">Temporarily unavailable</div>
	    <div class="purchase">
		
			<input type="number" title="Add Quantity for Black Natural Sugar Free Energy Drink with Acai 250mL" name="quantity" id="catEntry_365033_qty" value="1" maxlength="2" size="2" class="v-mandatory v-numeric v-minval-1">
	        <button role="button" type="submit" title="Add to trolley&nbsp;Black Natural Sugar Free Energy Drink with Acai 250mL" class="btn-red action-addToTrolley"><span role="presentation" aria-hidden="true">Add to trolley</span></button>
		
		</div>
	</div>
	<div class="lists">
		
	</div>


	    <div class="actions">
	        			
			   <div class="MUItemForTrolleyDiv MUItemForTrolley_365122" data-catentry="365122">
		         <div class="MUul_365122"><div class="MUli_365122 hidden" aria-hidden="true"><span class="inTrolley"><span class="MUSpan_365122">0</span> in trolley</span></div></div>
		       </div>
		        <p class="clear"></p>
			 
			<div class="member-usuals-remove">
				<a href="#" class="action-removeFromUsuals usuals-remove">Remove from list <span class="accessibility">Black Natural Sugar Free Energy Drink with Acai 250mL</span></a>			
			</div>
			
				<div class="list">
					<a href="#" class="action-addToList action-list-add">Add to list <span class="accessibility">Black Natural Sugar Free Energy Drink with Acai 250mL</span></a> 
				</div>
				<div class="member-list-add">
					<a href="#" class="action-addToList action-list-add">Add to another list <span class="accessibility">Black Natural Sugar Free Energy Drink with Acai 250mL</span></a>
				</div>
			
			<div class="member-list-remove">
				 <a href="#" class="action-removeFromList">Remove from list <span class="accessibility">Black Natural Sugar Free Energy Drink with Acai 250mL</span></a> 
			</div>
			
				<div class="compareProd" role="presentation" aria-hidden="true">
					<a href="#" class="compare compare-add">Compare</a>
				</div>
			
				<a href="http://shop.coles.com.au/online/national/black-natural-sugar-free-energy-drink-with-acai" class="product-url accessibility">More details for Black Natural&nbsp;Sugar Free Energy Drink with Acai</a>
			
		</div>  
      

       	
		    <div role="presentation" aria-hidden="true" id="share" class="share" data-social="{productImgUrl:'http://shop.coles.com.au:27900/wcsstore/Coles-CAS/images/1/4/7/1478362-th.jpg'
	                                               ,productDisplayUrl:'http://shop.coles.com.au/online/national/black-natural-sugar-free-energy-drink-with-acai'
	                                               ,title:'Black Natural Sugar Free Energy Drink with Acai '
	                                               ,description:''}">
		 	</div>
 		
	</div>
</div>


	</form>
</div>


<span class="available hidden"></span>


<div class="outer-prod prodtile" data-refresh="{
					catalogId: &quot;10576&quot;,
					doInventory: &quot;N&quot;,
					fulfillmentCenterId: &quot;11576&quot;,
					forStoreId: &quot;10401&quot;,
					
					productDisplayURL: &quot;http://shop.coles.com.au/online/national/black-natural-energy-drink-with-acai&quot;				
			}">
	<form id="catEntryForm_365040" name="catEntryForm_365040" action="AjaxOrderChangeServiceItemAdd">
		
<div class="promo save " data-catentry="catEntry_365040" data-refresh="{
				addCalculationUsage: &quot;-1&quot;,
				langId: &quot;-1&quot;,
				storeId: &quot;10601&quot;, 
				catEntryId: &quot;365040&quot;, 
				catEntryName: &quot;Energy Drink with Acai&quot;, 
				productView: &quot;list&quot;,
				productId: &quot;365040&quot;,
				itemId: &quot;365100&quot;,
				hideMultibuy: &quot;false&quot;,
                ticketType: &quot;S&quot;,
                partNumber: &quot;1478340&quot;,
                offerCode: &quot;107392023&quot;
		}">
   	<div class="wrapper clearfix">   	
		

<h4 class="accessibility" id="heading_365040" tabindex="-1">
		Black Natural&nbsp;Energy Drink with Acai&nbsp;
		250mL&nbsp;
		On special 
</h4> 

<div class="offer-icon"></div>
<a role="presentation" aria-hidden="true" class="product-url" href="http://shop.coles.com.au/online/national/black-natural-energy-drink-with-acai">
	    <img role="presentation" aria-hidden="true" class="photo" src="/wcsstore/Coles-CAS/images/1/4/7/1478340-th.jpg" onerror="this.src='/wcsstore/ColesStorefrontAssetStore/dist/e0a775baf05f/images/spacer.gif'" alt="Energy Drink with Acai" width="110" height="110">
	</a>

<div class="detail">	
    <span role="presentation" aria-hidden="true" class="brand">Black Natural</span>
    <span class="item" role="presentation" aria-hidden="true">
        <a role="presentation" aria-hidden="true" class="product-url" href="http://shop.coles.com.au/online/national/black-natural-energy-drink-with-acai">
        	Energy Drink with Acai&nbsp;
        	250mL
        </a>
    </span>
	<span class="size">
			
 	</span>
</div>


	<div class="purchasing">	    
	    <div class="saving">
	    	
	    		<span class="accessibility">Original price</span> was $3.30 
	    		<span><span class="accessibility">You can</span> save $1.80</span>
	    	
	    </div>
	   	
	    		<div class="price"><span class="accessibility">Purchase price </span><small>$</small>1.50</div>
	    	
	    <div class="unit-price"><span class="accessibility">Unit price </span>$0.60 per 100mL</div>
	    <div class="special-offer">	    	
	    	
	    </div> 
	    <div class="availability">Temporarily unavailable</div>
	    <div class="purchase">
		
			<input type="number" title="Add Quantity for Black Natural Energy Drink with Acai 250mL" name="quantity" id="catEntry_365040_qty" value="1" maxlength="2" size="2" class="v-mandatory v-numeric v-minval-1">
	        <button role="button" type="submit" title="Add to trolley&nbsp;Black Natural Energy Drink with Acai 250mL" class="btn-red action-addToTrolley"><span role="presentation" aria-hidden="true">Add to trolley</span></button>
		
		</div>
	</div>
	<div class="lists">
		
	</div>


	    <div class="actions">
	        			
			   <div class="MUItemForTrolleyDiv MUItemForTrolley_365100" data-catentry="365100">
		         <div class="MUul_365100"><div class="MUli_365100 hidden" aria-hidden="true"><span class="inTrolley"><span class="MUSpan_365100">0</span> in trolley</span></div></div>
		       </div>
		        <p class="clear"></p>
			 
			<div class="member-usuals-remove">
				<a href="#" class="action-removeFromUsuals usuals-remove">Remove from list <span class="accessibility">Black Natural Energy Drink with Acai 250mL</span></a>			
			</div>
			
				<div class="list">
					<a href="#" class="action-addToList action-list-add">Add to list <span class="accessibility">Black Natural Energy Drink with Acai 250mL</span></a> 
				</div>
				<div class="member-list-add">
					<a href="#" class="action-addToList action-list-add">Add to another list <span class="accessibility">Black Natural Energy Drink with Acai 250mL</span></a>
				</div>
			
			<div class="member-list-remove">
				 <a href="#" class="action-removeFromList">Remove from list <span class="accessibility">Black Natural Energy Drink with Acai 250mL</span></a> 
			</div>
			
				<div class="compareProd" role="presentation" aria-hidden="true">
					<a href="#" class="compare compare-add">Compare</a>
				</div>
			
				<a href="http://shop.coles.com.au/online/national/black-natural-energy-drink-with-acai" class="product-url accessibility">More details for Black Natural&nbsp;Energy Drink with Acai</a>
			
		</div>  
      

       	
		    <div role="presentation" aria-hidden="true" id="share" class="share" data-social="{productImgUrl:'http://shop.coles.com.au:27900/wcsstore/Coles-CAS/images/1/4/7/1478340-th.jpg'
	                                               ,productDisplayUrl:'http://shop.coles.com.au/online/national/black-natural-energy-drink-with-acai'
	                                               ,title:'Black Natural Energy Drink with Acai '
	                                               ,description:''}">
		 	</div>
 		
	</div>
</div>


	</form>
</div>


<span class="available hidden"></span>


<div class="outer-prod prodtile" data-refresh="{
					catalogId: &quot;10576&quot;,
					doInventory: &quot;N&quot;,
					fulfillmentCenterId: &quot;11576&quot;,
					forStoreId: &quot;10401&quot;,
					
					productDisplayURL: &quot;http://shop.coles.com.au/online/national/kraft-blessed-lucky-dressing-classic-caesar&quot;				
			}">
	<form id="catEntryForm_97973" name="catEntryForm_97973" action="AjaxOrderChangeServiceItemAdd">
		
<div class=" " data-catentry="catEntry_97973" data-refresh="{
				addCalculationUsage: &quot;-1&quot;,
				langId: &quot;-1&quot;,
				storeId: &quot;10601&quot;, 
				catEntryId: &quot;97973&quot;, 
				catEntryName: &quot;Classic Caesar Salad Dressing&quot;, 
				productView: &quot;list&quot;,
				productId: &quot;97973&quot;,
				itemId: &quot;152385&quot;,
				hideMultibuy: &quot;false&quot;,
                ticketType: &quot;&quot;,
                partNumber: &quot;9903552&quot;,
                offerCode: &quot;20140328&quot;
		}">
   	<div class="wrapper clearfix">   	
		

<h4 class="accessibility" id="heading_97973" tabindex="-1">
		Blessed &amp; Lucky&nbsp;Classic Caesar Salad Dressing&nbsp;
		240mL&nbsp;
		 
</h4> 

<div class="offer-icon"></div>
<a role="presentation" aria-hidden="true" class="product-url" href="http://shop.coles.com.au/online/national/kraft-blessed-lucky-dressing-classic-caesar">
	    <img role="presentation" aria-hidden="true" class="photo" src="/wcsstore/Coles-CAS/images/9/9/0/9903552-th.jpg" onerror="this.src='/wcsstore/ColesStorefrontAssetStore/dist/e0a775baf05f/images/spacer.gif'" alt="Classic Caesar Salad Dressing" width="110" height="110">
	</a>

<div class="detail">	
    <span role="presentation" aria-hidden="true" class="brand">Blessed &amp; Lucky</span>
    <span class="item" role="presentation" aria-hidden="true">
        <a role="presentation" aria-hidden="true" class="product-url" href="http://shop.coles.com.au/online/national/kraft-blessed-lucky-dressing-classic-caesar">
        	Classic Caesar Salad Dressing&nbsp;
        	240mL
        </a>
    </span>
	<span class="size">
			
 	</span>
</div>


	<div class="purchasing">	    
	    <div class="saving">
	    	
	    </div>
	   	
	    		<div class="price"><span class="accessibility">Purchase price </span><small>$</small>4.39</div>
	    	
	    <div class="unit-price"><span class="accessibility">Unit price </span>$1.83 per 100mL</div>
	    <div class="special-offer">	    	
	    	
	    </div> 
	    <div class="availability">Temporarily unavailable</div>
	    <div class="purchase">
		
			<input type="number" title="Add Quantity for Blessed &amp; Lucky Classic Caesar Salad Dressing 240mL" name="quantity" id="catEntry_97973_qty" value="1" maxlength="2" size="2" class="v-mandatory v-numeric v-minval-1">
	        <button role="button" type="submit" title="Add to trolley&nbsp;Blessed &amp; Lucky Classic Caesar Salad Dressing 240mL" class="btn-red action-addToTrolley"><span role="presentation" aria-hidden="true">Add to trolley</span></button>
		
		</div>
	</div>
	<div class="lists">
		
	</div>


	    <div class="actions">
	        			
			   <div class="MUItemForTrolleyDiv MUItemForTrolley_152385" data-catentry="152385">
		         <div class="MUul_152385"><div class="MUli_152385 hidden" aria-hidden="true"><span class="inTrolley"><span class="MUSpan_152385">0</span> in trolley</span></div></div>
		       </div>
		        <p class="clear"></p>
			 
			<div class="member-usuals-remove">
				<a href="#" class="action-removeFromUsuals usuals-remove">Remove from list <span class="accessibility">Blessed &amp; Lucky Classic Caesar Salad Dressing 240mL</span></a>			
			</div>
			
				<div class="list">
					<a href="#" class="action-addToList action-list-add">Add to list <span class="accessibility">Blessed &amp; Lucky Classic Caesar Salad Dressing 240mL</span></a> 
				</div>
				<div class="member-list-add">
					<a href="#" class="action-addToList action-list-add">Add to another list <span class="accessibility">Blessed &amp; Lucky Classic Caesar Salad Dressing 240mL</span></a>
				</div>
			
			<div class="member-list-remove">
				 <a href="#" class="action-removeFromList">Remove from list <span class="accessibility">Blessed &amp; Lucky Classic Caesar Salad Dressing 240mL</span></a> 
			</div>
			
				<div class="compareProd" role="presentation" aria-hidden="true">
					<a href="#" class="compare compare-add">Compare</a>
				</div>
			
				<a href="http://shop.coles.com.au/online/national/kraft-blessed-lucky-dressing-classic-caesar" class="product-url accessibility">More details for Blessed &amp; Lucky&nbsp;Classic Caesar Salad Dressing</a>
			
		</div>  
      

       	
		    <div role="presentation" aria-hidden="true" id="share" class="share" data-social="{productImgUrl:'http://shop.coles.com.au:27900/wcsstore/Coles-CAS/images/9/9/0/9903552-th.jpg'
	                                               ,productDisplayUrl:'http://shop.coles.com.au/online/national/kraft-blessed-lucky-dressing-classic-caesar'
	                                               ,title:'Blessed &amp; Lucky Classic Caesar Salad Dressing '
	                                               ,description:'Simple things done beautifully. Now that&amp;#039;s Blessed &amp;amp; Lucky. '}">
		 	</div>
 		
	</div>
</div>


	</form>
</div>


<span class="available hidden"></span>


<div class="outer-prod prodtile" data-refresh="{
					catalogId: &quot;10576&quot;,
					doInventory: &quot;N&quot;,
					fulfillmentCenterId: &quot;11576&quot;,
					forStoreId: &quot;10401&quot;,
					
					productDisplayURL: &quot;http://shop.coles.com.au/online/national/kraft-blessed-lucky-dressing-orange-honey-dijon&quot;				
			}">
	<form id="catEntryForm_101238" name="catEntryForm_101238" action="AjaxOrderChangeServiceItemAdd">
		
<div class=" " data-catentry="catEntry_101238" data-refresh="{
				addCalculationUsage: &quot;-1&quot;,
				langId: &quot;-1&quot;,
				storeId: &quot;10601&quot;, 
				catEntryId: &quot;101238&quot;, 
				catEntryName: &quot;Orange Honey Dijon Dressing&quot;, 
				productView: &quot;list&quot;,
				productId: &quot;101238&quot;,
				itemId: &quot;155090&quot;,
				hideMultibuy: &quot;false&quot;,
                ticketType: &quot;&quot;,
                partNumber: &quot;9903596&quot;,
                offerCode: &quot;20140328&quot;
		}">
   	<div class="wrapper clearfix">   	
		

<h4 class="accessibility" id="heading_101238" tabindex="-1">
		Blessed &amp; Lucky&nbsp;Orange Honey Dijon Dressing&nbsp;
		240mL&nbsp;
		 
</h4> 

<div class="offer-icon"></div>
<a role="presentation" aria-hidden="true" class="product-url" href="http://shop.coles.com.au/online/national/kraft-blessed-lucky-dressing-orange-honey-dijon">
	    <img role="presentation" aria-hidden="true" class="photo" src="/wcsstore/Coles-CAS/images/9/9/0/9903596-th.jpg" onerror="this.src='/wcsstore/ColesStorefrontAssetStore/dist/e0a775baf05f/images/spacer.gif'" alt="Orange Honey Dijon Dressing" width="110" height="110">
	</a>

<div class="detail">	
    <span role="presentation" aria-hidden="true" class="brand">Blessed &amp; Lucky</span>
    <span class="item" role="presentation" aria-hidden="true">
        <a role="presentation" aria-hidden="true" class="product-url" href="http://shop.coles.com.au/online/national/kraft-blessed-lucky-dressing-orange-honey-dijon">
        	Orange Honey Dijon Dressing&nbsp;
        	240mL
        </a>
    </span>
	<span class="size">
			
 	</span>
</div>


	<div class="purchasing">	    
	    <div class="saving">
	    	
	    </div>
	   	
	    		<div class="price"><span class="accessibility">Purchase price </span><small>$</small>4.39</div>
	    	
	    <div class="unit-price"><span class="accessibility">Unit price </span>$1.83 per 100mL</div>
	    <div class="special-offer">	    	
	    	
	    </div> 
	    <div class="availability">Temporarily unavailable</div>
	    <div class="purchase">
		
			<input type="number" title="Add Quantity for Blessed &amp; Lucky Orange Honey Dijon Dressing 240mL" name="quantity" id="catEntry_101238_qty" value="1" maxlength="2" size="2" class="v-mandatory v-numeric v-minval-1">
	        <button role="button" type="submit" title="Add to trolley&nbsp;Blessed &amp; Lucky Orange Honey Dijon Dressing 240mL" class="btn-red action-addToTrolley"><span role="presentation" aria-hidden="true">Add to trolley</span></button>
		
		</div>
	</div>
	<div class="lists">
		
	</div>


	    <div class="actions">
	        			
			   <div class="MUItemForTrolleyDiv MUItemForTrolley_155090" data-catentry="155090">
		         <div class="MUul_155090"><div class="MUli_155090 hidden" aria-hidden="true"><span class="inTrolley"><span class="MUSpan_155090">0</span> in trolley</span></div></div>
		       </div>
		        <p class="clear"></p>
			 
			<div class="member-usuals-remove">
				<a href="#" class="action-removeFromUsuals usuals-remove">Remove from list <span class="accessibility">Blessed &amp; Lucky Orange Honey Dijon Dressing 240mL</span></a>			
			</div>
			
				<div class="list">
					<a href="#" class="action-addToList action-list-add">Add to list <span class="accessibility">Blessed &amp; Lucky Orange Honey Dijon Dressing 240mL</span></a> 
				</div>
				<div class="member-list-add">
					<a href="#" class="action-addToList action-list-add">Add to another list <span class="accessibility">Blessed &amp; Lucky Orange Honey Dijon Dressing 240mL</span></a>
				</div>
			
			<div class="member-list-remove">
				 <a href="#" class="action-removeFromList">Remove from list <span class="accessibility">Blessed &amp; Lucky Orange Honey Dijon Dressing 240mL</span></a> 
			</div>
			
				<div class="compareProd" role="presentation" aria-hidden="true">
					<a href="#" class="compare compare-add">Compare</a>
				</div>
			
				<a href="http://shop.coles.com.au/online/national/kraft-blessed-lucky-dressing-orange-honey-dijon" class="product-url accessibility">More details for Blessed &amp; Lucky&nbsp;Orange Honey Dijon Dressing</a>
			
		</div>  
      

       	
		    <div role="presentation" aria-hidden="true" id="share" class="share" data-social="{productImgUrl:'http://shop.coles.com.au:27900/wcsstore/Coles-CAS/images/9/9/0/9903596-th.jpg'
	                                               ,productDisplayUrl:'http://shop.coles.com.au/online/national/kraft-blessed-lucky-dressing-orange-honey-dijon'
	                                               ,title:'Blessed &amp; Lucky Orange Honey Dijon Dressing '
	                                               ,description:'Sweet &amp;amp; zesty orange honey dijon.'}">
		 	</div>
 		
	</div>
</div>


	</form>
</div>


<span class="available hidden"></span>


<div class="outer-prod prodtile" data-refresh="{
					catalogId: &quot;10576&quot;,
					doInventory: &quot;N&quot;,
					fulfillmentCenterId: &quot;11576&quot;,
					forStoreId: &quot;10401&quot;,
					
					productDisplayURL: &quot;http://shop.coles.com.au/online/national/blue-banner-pickled-onions-chilli&quot;				
			}">
	<form id="catEntryForm_101879" name="catEntryForm_101879" action="AjaxOrderChangeServiceItemAdd">
		
<div class=" " data-catentry="catEntry_101879" data-refresh="{
				addCalculationUsage: &quot;-1&quot;,
				langId: &quot;-1&quot;,
				storeId: &quot;10601&quot;, 
				catEntryId: &quot;101879&quot;, 
				catEntryName: &quot;Chilli Pickled Onions&quot;, 
				productView: &quot;list&quot;,
				productId: &quot;101879&quot;,
				itemId: &quot;161802&quot;,
				hideMultibuy: &quot;false&quot;,
                ticketType: &quot;&quot;,
                partNumber: &quot;9442880&quot;,
                offerCode: &quot;20140328&quot;
		}">
   	<div class="wrapper clearfix">   	
		

<h4 class="accessibility" id="heading_101879" tabindex="-1">
		Blue Banner&nbsp;Chilli Pickled Onions&nbsp;
		525g&nbsp;
		 
</h4> 

<div class="offer-icon"></div>
<a role="presentation" aria-hidden="true" class="product-url" href="http://shop.coles.com.au/online/national/blue-banner-pickled-onions-chilli">
	    <img role="presentation" aria-hidden="true" class="photo" src="/wcsstore/Coles-CAS/images/9/4/4/9442880-th.jpg" onerror="this.src='/wcsstore/ColesStorefrontAssetStore/dist/e0a775baf05f/images/spacer.gif'" alt="Chilli Pickled Onions" width="110" height="110">
	</a>

<div class="detail">	
    <span role="presentation" aria-hidden="true" class="brand">Blue Banner</span>
    <span class="item" role="presentation" aria-hidden="true">
        <a role="presentation" aria-hidden="true" class="product-url" href="http://shop.coles.com.au/online/national/blue-banner-pickled-onions-chilli">
        	Chilli Pickled Onions&nbsp;
        	525g
        </a>
    </span>
	<span class="size">
			
 	</span>
</div>


	<div class="purchasing">	    
	    <div class="saving">
	    	
	    </div>
	   	
	    		<div class="price"><span class="accessibility">Purchase price </span><small>$</small>6.18</div>
	    	
	    <div class="unit-price"><span class="accessibility">Unit price </span>$11.77 per 1Kg</div>
	    <div class="special-offer">	    	
	    	
	    </div> 
	    <div class="availability">Temporarily unavailable</div>
	    <div class="purchase">
		
			<input type="number" title="Add Quantity for Blue Banner Chilli Pickled Onions 525g" name="quantity" id="catEntry_101879_qty" value="1" maxlength="2" size="2" class="v-mandatory v-numeric v-minval-1">
	        <button role="button" type="submit" title="Add to trolley&nbsp;Blue Banner Chilli Pickled Onions 525g" class="btn-red action-addToTrolley"><span role="presentation" aria-hidden="true">Add to trolley</span></button>
		
		</div>
	</div>
	<div class="lists">
		
	</div>


	    <div class="actions">
	        			
			   <div class="MUItemForTrolleyDiv MUItemForTrolley_161802" data-catentry="161802">
		         <div class="MUul_161802"><div class="MUli_161802 hidden" aria-hidden="true"><span class="inTrolley"><span class="MUSpan_161802">0</span> in trolley</span></div></div>
		       </div>
		        <p class="clear"></p>
			 
			<div class="member-usuals-remove">
				<a href="#" class="action-removeFromUsuals usuals-remove">Remove from list <span class="accessibility">Blue Banner Chilli Pickled Onions 525g</span></a>			
			</div>
			
				<div class="list">
					<a href="#" class="action-addToList action-list-add">Add to list <span class="accessibility">Blue Banner Chilli Pickled Onions 525g</span></a> 
				</div>
				<div class="member-list-add">
					<a href="#" class="action-addToList action-list-add">Add to another list <span class="accessibility">Blue Banner Chilli Pickled Onions 525g</span></a>
				</div>
			
			<div class="member-list-remove">
				 <a href="#" class="action-removeFromList">Remove from list <span class="accessibility">Blue Banner Chilli Pickled Onions 525g</span></a> 
			</div>
			
				<div class="compareProd" role="presentation" aria-hidden="true">
					<a href="#" class="compare compare-add">Compare</a>
				</div>
			
				<a href="http://shop.coles.com.au/online/national/blue-banner-pickled-onions-chilli" class="product-url accessibility">More details for Blue Banner&nbsp;Chilli Pickled Onions</a>
			
		</div>  
      

       	
		    <div role="presentation" aria-hidden="true" id="share" class="share" data-social="{productImgUrl:'http://shop.coles.com.au:27900/wcsstore/Coles-CAS/images/9/4/4/9442880-th.jpg'
	                                               ,productDisplayUrl:'http://shop.coles.com.au/online/national/blue-banner-pickled-onions-chilli'
	                                               ,title:'Blue Banner Chilli Pickled Onions '
	                                               ,description:''}">
		 	</div>
 		
	</div>
</div>


	</form>
</div>


<span class="available hidden"></span>


<div class="outer-prod prodtile" data-refresh="{
					catalogId: &quot;10576&quot;,
					doInventory: &quot;N&quot;,
					fulfillmentCenterId: &quot;11576&quot;,
					forStoreId: &quot;10401&quot;,
					
					productDisplayURL: &quot;http://shop.coles.com.au/online/national/blue-dragon-sauce-stirfry-thai-basil-lemongrass&quot;				
			}">
	<form id="catEntryForm_20399" name="catEntryForm_20399" action="AjaxOrderChangeServiceItemAdd">
		
<div class=" " data-catentry="catEntry_20399" data-refresh="{
				addCalculationUsage: &quot;-1&quot;,
				langId: &quot;-1&quot;,
				storeId: &quot;10601&quot;, 
				catEntryId: &quot;20399&quot;, 
				catEntryName: &quot;Thai Basil &amp; Lemongrass Stir Fry Sauce&quot;, 
				productView: &quot;list&quot;,
				productId: &quot;20399&quot;,
				itemId: &quot;36992&quot;,
				hideMultibuy: &quot;false&quot;,
                ticketType: &quot;&quot;,
                partNumber: &quot;1161038&quot;,
                offerCode: &quot;20140320&quot;
		}">
   	<div class="wrapper clearfix">   	
		

<h4 class="accessibility" id="heading_20399" tabindex="-1">
		Blue Dragon&nbsp;Thai Basil &amp; Lemongrass Stir Fry Sauce&nbsp;
		140g&nbsp;
		 
</h4> 

<div class="offer-icon"></div>
<a role="presentation" aria-hidden="true" class="product-url" href="http://shop.coles.com.au/online/national/blue-dragon-sauce-stirfry-thai-basil-lemongrass">
	    <img role="presentation" aria-hidden="true" class="photo" src="/wcsstore/Coles-CAS/images/1/1/6/1161038-th.jpg" onerror="this.src='/wcsstore/ColesStorefrontAssetStore/dist/e0a775baf05f/images/spacer.gif'" alt="Thai Basil &amp; Lemongrass Stir Fry Sauce" width="110" height="110">
	</a>

<div class="detail">	
    <span role="presentation" aria-hidden="true" class="brand">Blue Dragon</span>
    <span class="item" role="presentation" aria-hidden="true">
        <a role="presentation" aria-hidden="true" class="product-url" href="http://shop.coles.com.au/online/national/blue-dragon-sauce-stirfry-thai-basil-lemongrass">
        	Thai Basil &amp; Lemongrass Stir Fry Sauce&nbsp;
        	140g
        </a>
    </span>
	<span class="size">
			
 	</span>
</div>


	<div class="purchasing">	    
	    <div class="saving">
	    	
	    </div>
	   	
	    		<div class="price"><span class="accessibility">Purchase price </span><small>$</small>3.36</div>
	    	
	    <div class="unit-price"><span class="accessibility">Unit price </span>$3.36 per 100G</div>
	    <div class="special-offer">	    	
	    	
	    </div> 
	    <div class="availability">Temporarily unavailable</div>
	    <div class="purchase">
		
			<input type="number" title="Add Quantity for Blue Dragon Thai Basil &amp; Lemongrass Stir Fry Sauce 140g" name="quantity" id="catEntry_20399_qty" value="1" maxlength="2" size="2" class="v-mandatory v-numeric v-minval-1">
	        <button role="button" type="submit" title="Add to trolley&nbsp;Blue Dragon Thai Basil &amp; Lemongrass Stir Fry Sauce 140g" class="btn-red action-addToTrolley"><span role="presentation" aria-hidden="true">Add to trolley</span></button>
		
		</div>
	</div>
	<div class="lists">
		
	</div>


	    <div class="actions">
	        			
			   <div class="MUItemForTrolleyDiv MUItemForTrolley_36992" data-catentry="36992">
		         <div class="MUul_36992"><div class="MUli_36992 hidden" aria-hidden="true"><span class="inTrolley"><span class="MUSpan_36992">0</span> in trolley</span></div></div>
		       </div>
		        <p class="clear"></p>
			 
			<div class="member-usuals-remove">
				<a href="#" class="action-removeFromUsuals usuals-remove">Remove from list <span class="accessibility">Blue Dragon Thai Basil &amp; Lemongrass Stir Fry Sauce 140g</span></a>			
			</div>
			
				<div class="list">
					<a href="#" class="action-addToList action-list-add">Add to list <span class="accessibility">Blue Dragon Thai Basil &amp; Lemongrass Stir Fry Sauce 140g</span></a> 
				</div>
				<div class="member-list-add">
					<a href="#" class="action-addToList action-list-add">Add to another list <span class="accessibility">Blue Dragon Thai Basil &amp; Lemongrass Stir Fry Sauce 140g</span></a>
				</div>
			
			<div class="member-list-remove">
				 <a href="#" class="action-removeFromList">Remove from list <span class="accessibility">Blue Dragon Thai Basil &amp; Lemongrass Stir Fry Sauce 140g</span></a> 
			</div>
			
				<div class="compareProd" role="presentation" aria-hidden="true">
					<a href="#" class="compare compare-add">Compare</a>
				</div>
			
				<a href="http://shop.coles.com.au/online/national/blue-dragon-sauce-stirfry-thai-basil-lemongrass" class="product-url accessibility">More details for Blue Dragon&nbsp;Thai Basil &amp; Lemongrass Stir Fry Sauce</a>
			
		</div>  
      

       	
		    <div role="presentation" aria-hidden="true" id="share" class="share" data-social="{productImgUrl:'http://shop.coles.com.au:27900/wcsstore/Coles-CAS/images/1/1/6/1161038-th.jpg'
	                                               ,productDisplayUrl:'http://shop.coles.com.au/online/national/blue-dragon-sauce-stirfry-thai-basil-lemongrass'
	                                               ,title:'Blue Dragon Thai Basil &amp; Lemongrass Stir Fry Sauce '
	                                               ,description:'Goes well with Chicken '}">
		 	</div>
 		
	</div>
</div>


	</form>
</div>


<span class="available hidden"></span>


<div class="outer-prod prodtile" data-refresh="{
					catalogId: &quot;10576&quot;,
					doInventory: &quot;N&quot;,
					fulfillmentCenterId: &quot;11576&quot;,
					forStoreId: &quot;10401&quot;,
					
					productDisplayURL: &quot;http://shop.coles.com.au/online/national/blue-dragon-crispy-sweet-sour-sauce&quot;				
			}">
	<form id="catEntryForm_335011" name="catEntryForm_335011" action="AjaxOrderChangeServiceItemAdd">
		
<div class=" " data-catentry="catEntry_335011" data-refresh="{
				addCalculationUsage: &quot;-1&quot;,
				langId: &quot;-1&quot;,
				storeId: &quot;10601&quot;, 
				catEntryId: &quot;335011&quot;, 
				catEntryName: &quot;Crispy Sweet &amp; Sour Sauce&quot;, 
				productView: &quot;list&quot;,
				productId: &quot;335011&quot;,
				itemId: &quot;335030&quot;,
				hideMultibuy: &quot;false&quot;,
                ticketType: &quot;&quot;,
                partNumber: &quot;1730166&quot;,
                offerCode: &quot;20140512&quot;
		}">
   	<div class="wrapper clearfix">   	
		

<h4 class="accessibility" id="heading_335011" tabindex="-1">
		Blue Dragon&nbsp;Crispy Sweet &amp; Sour Sauce&nbsp;
		225g&nbsp;
		 
</h4> 

<div class="offer-icon"></div>
<a role="presentation" aria-hidden="true" class="product-url" href="http://shop.coles.com.au/online/national/blue-dragon-crispy-sweet-sour-sauce">
	    <img role="presentation" aria-hidden="true" class="photo" src="/wcsstore/Coles-CAS/images/1/7/3/1730166-th.jpg" onerror="this.src='/wcsstore/ColesStorefrontAssetStore/dist/e0a775baf05f/images/spacer.gif'" alt="Crispy Sweet &amp; Sour Sauce" width="110" height="110">
	</a>

<div class="detail">	
    <span role="presentation" aria-hidden="true" class="brand">Blue Dragon</span>
    <span class="item" role="presentation" aria-hidden="true">
        <a role="presentation" aria-hidden="true" class="product-url" href="http://shop.coles.com.au/online/national/blue-dragon-crispy-sweet-sour-sauce">
        	Crispy Sweet &amp; Sour Sauce&nbsp;
        	225g
        </a>
    </span>
	<span class="size">
			
 	</span>
</div>


	<div class="purchasing">	    
	    <div class="saving">
	    	
	    </div>
	   	
	    		<div class="price"><span class="accessibility">Purchase price </span><small>$</small>3.84</div>
	    	
	    <div class="unit-price"><span class="accessibility">Unit price </span>$1.71 per 100G</div>
	    <div class="special-offer">	    	
	    	
	    </div> 
	    <div class="availability">Temporarily unavailable</div>
	    <div class="purchase">
		
			<input type="number" title="Add Quantity for Blue Dragon Crispy Sweet &amp; Sour Sauce 225g" name="quantity" id="catEntry_335011_qty" value="1" maxlength="2" size="2" class="v-mandatory v-numeric v-minval-1">
	        <button role="button" type="submit" title="Add to trolley&nbsp;Blue Dragon Crispy Sweet &amp; Sour Sauce 225g" class="btn-red action-addToTrolley"><span role="presentation" aria-hidden="true">Add to trolley</span></button>
		
		</div>
	</div>
	<div class="lists">
		
	</div>


	    <div class="actions">
	        			
			   <div class="MUItemForTrolleyDiv MUItemForTrolley_335030" data-catentry="335030">
		         <div class="MUul_335030"><div class="MUli_335030 hidden" aria-hidden="true"><span class="inTrolley"><span class="MUSpan_335030">0</span> in trolley</span></div></div>
		       </div>
		        <p class="clear"></p>
			 
			<div class="member-usuals-remove">
				<a href="#" class="action-removeFromUsuals usuals-remove">Remove from list <span class="accessibility">Blue Dragon Crispy Sweet &amp; Sour Sauce 225g</span></a>			
			</div>
			
				<div class="list">
					<a href="#" class="action-addToList action-list-add">Add to list <span class="accessibility">Blue Dragon Crispy Sweet &amp; Sour Sauce 225g</span></a> 
				</div>
				<div class="member-list-add">
					<a href="#" class="action-addToList action-list-add">Add to another list <span class="accessibility">Blue Dragon Crispy Sweet &amp; Sour Sauce 225g</span></a>
				</div>
			
			<div class="member-list-remove">
				 <a href="#" class="action-removeFromList">Remove from list <span class="accessibility">Blue Dragon Crispy Sweet &amp; Sour Sauce 225g</span></a> 
			</div>
			
				<div class="compareProd" role="presentation" aria-hidden="true">
					<a href="#" class="compare compare-add">Compare</a>
				</div>
			
				<a href="http://shop.coles.com.au/online/national/blue-dragon-crispy-sweet-sour-sauce" class="product-url accessibility">More details for Blue Dragon&nbsp;Crispy Sweet &amp; Sour Sauce</a>
			
		</div>  
      

       	
		    <div role="presentation" aria-hidden="true" id="share" class="share" data-social="{productImgUrl:'http://shop.coles.com.au:27900/wcsstore/Coles-CAS/images/1/7/3/1730166-th.jpg'
	                                               ,productDisplayUrl:'http://shop.coles.com.au/online/national/blue-dragon-crispy-sweet-sour-sauce'
	                                               ,title:'Blue Dragon Crispy Sweet &amp; Sour Sauce '
	                                               ,description:'Goes well with Chicken or Pork'}">
		 	</div>
 		
	</div>
</div>


	</form>
</div>


<span class="available hidden"></span>


<div class="outer-prod prodtile" data-refresh="{
					catalogId: &quot;10576&quot;,
					doInventory: &quot;N&quot;,
					fulfillmentCenterId: &quot;11576&quot;,
					forStoreId: &quot;10401&quot;,
					
					productDisplayURL: &quot;http://shop.coles.com.au/online/national/blue-label-molasses&quot;				
			}">
	<form id="catEntryForm_101183" name="catEntryForm_101183" action="AjaxOrderChangeServiceItemAdd">
		
<div class=" " data-catentry="catEntry_101183" data-refresh="{
				addCalculationUsage: &quot;-1&quot;,
				langId: &quot;-1&quot;,
				storeId: &quot;10601&quot;, 
				catEntryId: &quot;101183&quot;, 
				catEntryName: &quot;Molasses&quot;, 
				productView: &quot;list&quot;,
				productId: &quot;101183&quot;,
				itemId: &quot;166764&quot;,
				hideMultibuy: &quot;false&quot;,
                ticketType: &quot;&quot;,
                partNumber: &quot;9054676&quot;,
                offerCode: &quot;20140825&quot;
		}">
   	<div class="wrapper clearfix">   	
		

<h4 class="accessibility" id="heading_101183" tabindex="-1">
		Blue Label&nbsp;Molasses&nbsp;
		550g&nbsp;
		 
</h4> 

<div class="offer-icon"></div>
<a role="presentation" aria-hidden="true" class="product-url" href="http://shop.coles.com.au/online/national/blue-label-molasses">
	    <img role="presentation" aria-hidden="true" class="photo" src="/wcsstore/Coles-CAS/images/9/0/5/9054676-th.jpg" onerror="this.src='/wcsstore/ColesStorefrontAssetStore/dist/e0a775baf05f/images/spacer.gif'" alt="Molasses" width="110" height="110">
	</a>

<div class="detail">	
    <span role="presentation" aria-hidden="true" class="brand">Blue Label</span>
    <span class="item" role="presentation" aria-hidden="true">
        <a role="presentation" aria-hidden="true" class="product-url" href="http://shop.coles.com.au/online/national/blue-label-molasses">
        	Molasses&nbsp;
        	550g
        </a>
    </span>
	<span class="size">
			
 	</span>
</div>


	<div class="purchasing">	    
	    <div class="saving">
	    	
	    </div>
	   	
	    		<div class="price"><span class="accessibility">Purchase price </span><small>$</small>4.36</div>
	    	
	    <div class="unit-price"><span class="accessibility">Unit price </span>$0.79 per 100G</div>
	    <div class="special-offer">	    	
	    	
	    </div> 
	    <div class="availability">Temporarily unavailable</div>
	    <div class="purchase">
		
			<input type="number" title="Add Quantity for Blue Label Molasses 550g" name="quantity" id="catEntry_101183_qty" value="1" maxlength="2" size="2" class="v-mandatory v-numeric v-minval-1">
	        <button role="button" type="submit" title="Add to trolley&nbsp;Blue Label Molasses 550g" class="btn-red action-addToTrolley"><span role="presentation" aria-hidden="true">Add to trolley</span></button>
		
		</div>
	</div>
	<div class="lists">
		
	</div>


	    <div class="actions">
	        			
			   <div class="MUItemForTrolleyDiv MUItemForTrolley_166764" data-catentry="166764">
		         <div class="MUul_166764"><div class="MUli_166764 hidden" aria-hidden="true"><span class="inTrolley"><span class="MUSpan_166764">0</span> in trolley</span></div></div>
		       </div>
		        <p class="clear"></p>
			 
			<div class="member-usuals-remove">
				<a href="#" class="action-removeFromUsuals usuals-remove">Remove from list <span class="accessibility">Blue Label Molasses 550g</span></a>			
			</div>
			
				<div class="list">
					<a href="#" class="action-addToList action-list-add">Add to list <span class="accessibility">Blue Label Molasses 550g</span></a> 
				</div>
				<div class="member-list-add">
					<a href="#" class="action-addToList action-list-add">Add to another list <span class="accessibility">Blue Label Molasses 550g</span></a>
				</div>
			
			<div class="member-list-remove">
				 <a href="#" class="action-removeFromList">Remove from list <span class="accessibility">Blue Label Molasses 550g</span></a> 
			</div>
			
				<div class="compareProd" role="presentation" aria-hidden="true">
					<a href="#" class="compare compare-add">Compare</a>
				</div>
			
				<a href="http://shop.coles.com.au/online/national/blue-label-molasses" class="product-url accessibility">More details for Blue Label&nbsp;Molasses</a>
			
		</div>  
      

       	
		    <div role="presentation" aria-hidden="true" id="share" class="share" data-social="{productImgUrl:'http://shop.coles.com.au:27900/wcsstore/Coles-CAS/images/9/0/5/9054676-th.jpg'
	                                               ,productDisplayUrl:'http://shop.coles.com.au/online/national/blue-label-molasses'
	                                               ,title:'Blue Label Molasses '
	                                               ,description:'Original milled Australian sugar cane.'}">
		 	</div>
 		
	</div>
</div>


	</form>
</div>


<span class="available hidden"></span>


<div class="outer-prod prodtile" data-refresh="{
					catalogId: &quot;10576&quot;,
					doInventory: &quot;N&quot;,
					fulfillmentCenterId: &quot;11576&quot;,
					forStoreId: &quot;10401&quot;,
					
					productDisplayURL: &quot;http://shop.coles.com.au/online/national/bobs-red-mill-gluten-free-sweet-white-sorghum-flour&quot;				
			}">
	<form id="catEntryForm_251046" name="catEntryForm_251046" action="AjaxOrderChangeServiceItemAdd">
		
<div class=" " data-catentry="catEntry_251046" data-refresh="{
				addCalculationUsage: &quot;-1&quot;,
				langId: &quot;-1&quot;,
				storeId: &quot;10601&quot;, 
				catEntryId: &quot;251046&quot;, 
				catEntryName: &quot;Gluten Free Sweet White Sorghum Flour&quot;, 
				productView: &quot;list&quot;,
				productId: &quot;251046&quot;,
				itemId: &quot;251304&quot;,
				hideMultibuy: &quot;false&quot;,
                ticketType: &quot;&quot;,
                partNumber: &quot;1465655&quot;,
                offerCode: &quot;20140320&quot;
		}">
   	<div class="wrapper clearfix">   	
		

<h4 class="accessibility" id="heading_251046" tabindex="-1">
		Bob's Red Mill&nbsp;Gluten Free Sweet White Sorghum Flour&nbsp;
		623g&nbsp;
		 
</h4> 

<div class="offer-icon"></div>
<a role="presentation" aria-hidden="true" class="product-url" href="http://shop.coles.com.au/online/national/bobs-red-mill-gluten-free-sweet-white-sorghum-flour">
	    <img role="presentation" aria-hidden="true" class="photo" src="/wcsstore/Coles-CAS/images/1/4/6/1465655-th.jpg" onerror="this.src='/wcsstore/ColesStorefrontAssetStore/dist/e0a775baf05f/images/spacer.gif'" alt="Gluten Free Sweet White Sorghum Flour" width="110" height="110">
	</a>

<div class="detail">	
    <span role="presentation" aria-hidden="true" class="brand">Bob's Red Mill</span>
    <span class="item" role="presentation" aria-hidden="true">
        <a role="presentation" aria-hidden="true" class="product-url" href="http://shop.coles.com.au/online/national/bobs-red-mill-gluten-free-sweet-white-sorghum-flour">
        	Gluten Free Sweet White Sorghum Flour&nbsp;
        	623g
        </a>
    </span>
	<span class="size">
			
 	</span>
</div>


	<div class="purchasing">	    
	    <div class="saving">
	    	
	    </div>
	   	
	    		<div class="price"><span class="accessibility">Purchase price </span><small>$</small>7.70</div>
	    	
	    <div class="unit-price"><span class="accessibility">Unit price </span>$1.24 per 100G</div>
	    <div class="special-offer">	    	
	    	
	    </div> 
	    <div class="availability">Temporarily unavailable</div>
	    <div class="purchase">
		
			<input type="number" title="Add Quantity for Bob's Red Mill Gluten Free Sweet White Sorghum Flour 623g" name="quantity" id="catEntry_251046_qty" value="1" maxlength="2" size="2" class="v-mandatory v-numeric v-minval-1">
	        <button role="button" type="submit" title="Add to trolley&nbsp;Bob's Red Mill Gluten Free Sweet White Sorghum Flour 623g" class="btn-red action-addToTrolley"><span role="presentation" aria-hidden="true">Add to trolley</span></button>
		
		</div>
	</div>
	<div class="lists">
		
	</div>


	    <div class="actions">
	        			
			   <div class="MUItemForTrolleyDiv MUItemForTrolley_251304" data-catentry="251304">
		         <div class="MUul_251304"><div class="MUli_251304 hidden" aria-hidden="true"><span class="inTrolley"><span class="MUSpan_251304">0</span> in trolley</span></div></div>
		       </div>
		        <p class="clear"></p>
			 
			<div class="member-usuals-remove">
				<a href="#" class="action-removeFromUsuals usuals-remove">Remove from list <span class="accessibility">Bob's Red Mill Gluten Free Sweet White Sorghum Flour 623g</span></a>			
			</div>
			
				<div class="list">
					<a href="#" class="action-addToList action-list-add">Add to list <span class="accessibility">Bob's Red Mill Gluten Free Sweet White Sorghum Flour 623g</span></a> 
				</div>
				<div class="member-list-add">
					<a href="#" class="action-addToList action-list-add">Add to another list <span class="accessibility">Bob's Red Mill Gluten Free Sweet White Sorghum Flour 623g</span></a>
				</div>
			
			<div class="member-list-remove">
				 <a href="#" class="action-removeFromList">Remove from list <span class="accessibility">Bob's Red Mill Gluten Free Sweet White Sorghum Flour 623g</span></a> 
			</div>
			
				<div class="compareProd" role="presentation" aria-hidden="true">
					<a href="#" class="compare compare-add">Compare</a>
				</div>
			
				<a href="http://shop.coles.com.au/online/national/bobs-red-mill-gluten-free-sweet-white-sorghum-flour" class="product-url accessibility">More details for Bob's Red Mill&nbsp;Gluten Free Sweet White Sorghum Flour</a>
			
		</div>  
      

       	
		    <div role="presentation" aria-hidden="true" id="share" class="share" data-social="{productImgUrl:'http://shop.coles.com.au:27900/wcsstore/Coles-CAS/images/1/4/6/1465655-th.jpg'
	                                               ,productDisplayUrl:'http://shop.coles.com.au/online/national/bobs-red-mill-gluten-free-sweet-white-sorghum-flour'
	                                               ,title:'Bob's Red Mill Gluten Free Sweet White Sorghum Flour '
	                                               ,description:''}">
		 	</div>
 		
	</div>
</div>


	</form>
</div>


<span class="available hidden"></span>


<div class="outer-prod prodtile" data-refresh="{
					catalogId: &quot;10576&quot;,
					doInventory: &quot;N&quot;,
					fulfillmentCenterId: &quot;11576&quot;,
					forStoreId: &quot;10401&quot;,
					
					productDisplayURL: &quot;http://shop.coles.com.au/online/national/bobs-red-mill-gluten-free-all-purpose-baking-flour&quot;				
			}">
	<form id="catEntryForm_251069" name="catEntryForm_251069" action="AjaxOrderChangeServiceItemAdd">
		
<div class=" " data-catentry="catEntry_251069" data-refresh="{
				addCalculationUsage: &quot;-1&quot;,
				langId: &quot;-1&quot;,
				storeId: &quot;10601&quot;, 
				catEntryId: &quot;251069&quot;, 
				catEntryName: &quot;Gluten Free All Purpose Baking Flour&quot;, 
				productView: &quot;list&quot;,
				productId: &quot;251069&quot;,
				itemId: &quot;251309&quot;,
				hideMultibuy: &quot;false&quot;,
                ticketType: &quot;&quot;,
                partNumber: &quot;1464947&quot;,
                offerCode: &quot;20140322&quot;
		}">
   	<div class="wrapper clearfix">   	
		

<h4 class="accessibility" id="heading_251069" tabindex="-1">
		Bob's Red Mill&nbsp;Gluten Free All Purpose Baking Flour&nbsp;
		595g&nbsp;
		 
</h4> 

<div class="offer-icon"></div>
<a role="presentation" aria-hidden="true" class="product-url" href="http://shop.coles.com.au/online/national/bobs-red-mill-gluten-free-all-purpose-baking-flour">
	    <img role="presentation" aria-hidden="true" class="photo" src="/wcsstore/Coles-CAS/images/1/4/6/1464947-th.jpg" onerror="this.src='/wcsstore/ColesStorefrontAssetStore/dist/e0a775baf05f/images/spacer.gif'" alt="Gluten Free All Purpose Baking Flour" width="110" height="110">
	</a>

<div class="detail">	
    <span role="presentation" aria-hidden="true" class="brand">Bob's Red Mill</span>
    <span class="item" role="presentation" aria-hidden="true">
        <a role="presentation" aria-hidden="true" class="product-url" href="http://shop.coles.com.au/online/national/bobs-red-mill-gluten-free-all-purpose-baking-flour">
        	Gluten Free All Purpose Baking Flour&nbsp;
        	595g
        </a>
    </span>
	<span class="size">
			
 	</span>
</div>


	<div class="purchasing">	    
	    <div class="saving">
	    	
	    </div>
	   	
	    		<div class="price"><span class="accessibility">Purchase price </span><small>$</small>8.25</div>
	    	
	    <div class="unit-price"><span class="accessibility">Unit price </span>$1.39 per 100G</div>
	    <div class="special-offer">	    	
	    	
	    </div> 
	    <div class="availability">Temporarily unavailable</div>
	    <div class="purchase">
		
			<input type="number" title="Add Quantity for Bob's Red Mill Gluten Free All Purpose Baking Flour 595g" name="quantity" id="catEntry_251069_qty" value="1" maxlength="2" size="2" class="v-mandatory v-numeric v-minval-1">
	        <button role="button" type="submit" title="Add to trolley&nbsp;Bob's Red Mill Gluten Free All Purpose Baking Flour 595g" class="btn-red action-addToTrolley"><span role="presentation" aria-hidden="true">Add to trolley</span></button>
		
		</div>
	</div>
	<div class="lists">
		
	</div>


	    <div class="actions">
	        			
			   <div class="MUItemForTrolleyDiv MUItemForTrolley_251309" data-catentry="251309">
		         <div class="MUul_251309"><div class="MUli_251309 hidden" aria-hidden="true"><span class="inTrolley"><span class="MUSpan_251309">0</span> in trolley</span></div></div>
		       </div>
		        <p class="clear"></p>
			 
			<div class="member-usuals-remove">
				<a href="#" class="action-removeFromUsuals usuals-remove">Remove from list <span class="accessibility">Bob's Red Mill Gluten Free All Purpose Baking Flour 595g</span></a>			
			</div>
			
				<div class="list">
					<a href="#" class="action-addToList action-list-add">Add to list <span class="accessibility">Bob's Red Mill Gluten Free All Purpose Baking Flour 595g</span></a> 
				</div>
				<div class="member-list-add">
					<a href="#" class="action-addToList action-list-add">Add to another list <span class="accessibility">Bob's Red Mill Gluten Free All Purpose Baking Flour 595g</span></a>
				</div>
			
			<div class="member-list-remove">
				 <a href="#" class="action-removeFromList">Remove from list <span class="accessibility">Bob's Red Mill Gluten Free All Purpose Baking Flour 595g</span></a> 
			</div>
			
				<div class="compareProd" role="presentation" aria-hidden="true">
					<a href="#" class="compare compare-add">Compare</a>
				</div>
			
				<a href="http://shop.coles.com.au/online/national/bobs-red-mill-gluten-free-all-purpose-baking-flour" class="product-url accessibility">More details for Bob's Red Mill&nbsp;Gluten Free All Purpose Baking Flour</a>
			
		</div>  
      

       	
		    <div role="presentation" aria-hidden="true" id="share" class="share" data-social="{productImgUrl:'http://shop.coles.com.au:27900/wcsstore/Coles-CAS/images/1/4/6/1464947-th.jpg'
	                                               ,productDisplayUrl:'http://shop.coles.com.au/online/national/bobs-red-mill-gluten-free-all-purpose-baking-flour'
	                                               ,title:'Bob's Red Mill Gluten Free All Purpose Baking Flour '
	                                               ,description:''}">
		 	</div>
 		
	</div>
</div>


	</form>
</div>


<span class="available hidden"></span>


<div class="outer-prod prodtile" data-refresh="{
					catalogId: &quot;10576&quot;,
					doInventory: &quot;N&quot;,
					fulfillmentCenterId: &quot;11576&quot;,
					forStoreId: &quot;10401&quot;,
					
					productDisplayURL: &quot;http://shop.coles.com.au/online/national/bobs-red-mill-gluten-free-pizza-crust-mix&quot;				
			}">
	<form id="catEntryForm_251147" name="catEntryForm_251147" action="AjaxOrderChangeServiceItemAdd">
		
<div class=" " data-catentry="catEntry_251147" data-refresh="{
				addCalculationUsage: &quot;-1&quot;,
				langId: &quot;-1&quot;,
				storeId: &quot;10601&quot;, 
				catEntryId: &quot;251147&quot;, 
				catEntryName: &quot;Gluten Free Pizza Crust Mix&quot;, 
				productView: &quot;list&quot;,
				productId: &quot;251147&quot;,
				itemId: &quot;251305&quot;,
				hideMultibuy: &quot;false&quot;,
                ticketType: &quot;&quot;,
                partNumber: &quot;1465542&quot;,
                offerCode: &quot;20140320&quot;
		}">
   	<div class="wrapper clearfix">   	
		

<h4 class="accessibility" id="heading_251147" tabindex="-1">
		Bob's Red Mill&nbsp;Gluten Free Pizza Crust Mix&nbsp;
		453g&nbsp;
		 
</h4> 

<div class="offer-icon"></div>
<a role="presentation" aria-hidden="true" class="product-url" href="http://shop.coles.com.au/online/national/bobs-red-mill-gluten-free-pizza-crust-mix">
	    <img role="presentation" aria-hidden="true" class="photo" src="/wcsstore/Coles-CAS/images/1/4/6/1465542-th.jpg" onerror="this.src='/wcsstore/ColesStorefrontAssetStore/dist/e0a775baf05f/images/spacer.gif'" alt="Gluten Free Pizza Crust Mix" width="110" height="110">
	</a>

<div class="detail">	
    <span role="presentation" aria-hidden="true" class="brand">Bob's Red Mill</span>
    <span class="item" role="presentation" aria-hidden="true">
        <a role="presentation" aria-hidden="true" class="product-url" href="http://shop.coles.com.au/online/national/bobs-red-mill-gluten-free-pizza-crust-mix">
        	Gluten Free Pizza Crust Mix&nbsp;
        	453g
        </a>
    </span>
	<span class="size">
			
 	</span>
</div>


	<div class="purchasing">	    
	    <div class="saving">
	    	
	    </div>
	   	
	    		<div class="price"><span class="accessibility">Purchase price </span><small>$</small>7.70</div>
	    	
	    <div class="unit-price"><span class="accessibility">Unit price </span>$1.70 per 100G</div>
	    <div class="special-offer">	    	
	    	
	    </div> 
	    <div class="availability">Temporarily unavailable</div>
	    <div class="purchase">
		
			<input type="number" title="Add Quantity for Bob's Red Mill Gluten Free Pizza Crust Mix 453g" name="quantity" id="catEntry_251147_qty" value="1" maxlength="2" size="2" class="v-mandatory v-numeric v-minval-1">
	        <button role="button" type="submit" title="Add to trolley&nbsp;Bob's Red Mill Gluten Free Pizza Crust Mix 453g" class="btn-red action-addToTrolley"><span role="presentation" aria-hidden="true">Add to trolley</span></button>
		
		</div>
	</div>
	<div class="lists">
		
	</div>


	    <div class="actions">
	        			
			   <div class="MUItemForTrolleyDiv MUItemForTrolley_251305" data-catentry="251305">
		         <div class="MUul_251305"><div class="MUli_251305 hidden" aria-hidden="true"><span class="inTrolley"><span class="MUSpan_251305">0</span> in trolley</span></div></div>
		       </div>
		        <p class="clear"></p>
			 
			<div class="member-usuals-remove">
				<a href="#" class="action-removeFromUsuals usuals-remove">Remove from list <span class="accessibility">Bob's Red Mill Gluten Free Pizza Crust Mix 453g</span></a>			
			</div>
			
				<div class="list">
					<a href="#" class="action-addToList action-list-add">Add to list <span class="accessibility">Bob's Red Mill Gluten Free Pizza Crust Mix 453g</span></a> 
				</div>
				<div class="member-list-add">
					<a href="#" class="action-addToList action-list-add">Add to another list <span class="accessibility">Bob's Red Mill Gluten Free Pizza Crust Mix 453g</span></a>
				</div>
			
			<div class="member-list-remove">
				 <a href="#" class="action-removeFromList">Remove from list <span class="accessibility">Bob's Red Mill Gluten Free Pizza Crust Mix 453g</span></a> 
			</div>
			
				<div class="compareProd" role="presentation" aria-hidden="true">
					<a href="#" class="compare compare-add">Compare</a>
				</div>
			
				<a href="http://shop.coles.com.au/online/national/bobs-red-mill-gluten-free-pizza-crust-mix" class="product-url accessibility">More details for Bob's Red Mill&nbsp;Gluten Free Pizza Crust Mix</a>
			
		</div>  
      

       	
		    <div role="presentation" aria-hidden="true" id="share" class="share" data-social="{productImgUrl:'http://shop.coles.com.au:27900/wcsstore/Coles-CAS/images/1/4/6/1465542-th.jpg'
	                                               ,productDisplayUrl:'http://shop.coles.com.au/online/national/bobs-red-mill-gluten-free-pizza-crust-mix'
	                                               ,title:'Bob's Red Mill Gluten Free Pizza Crust Mix '
	                                               ,description:''}">
		 	</div>
 		
	</div>
</div>


	</form>
</div>


<span class="available hidden"></span>


<div class="outer-prod prodtile" data-refresh="{
					catalogId: &quot;10576&quot;,
					doInventory: &quot;N&quot;,
					fulfillmentCenterId: &quot;11576&quot;,
					forStoreId: &quot;10401&quot;,
					
					productDisplayURL: &quot;http://shop.coles.com.au/online/national/bobs-red-mill-gluten-free-brownie-mix&quot;				
			}">
	<form id="catEntryForm_251149" name="catEntryForm_251149" action="AjaxOrderChangeServiceItemAdd">
		
<div class=" " data-catentry="catEntry_251149" data-refresh="{
				addCalculationUsage: &quot;-1&quot;,
				langId: &quot;-1&quot;,
				storeId: &quot;10601&quot;, 
				catEntryId: &quot;251149&quot;, 
				catEntryName: &quot;Gluten Free Brownie Mix&quot;, 
				productView: &quot;list&quot;,
				productId: &quot;251149&quot;,
				itemId: &quot;251244&quot;,
				hideMultibuy: &quot;false&quot;,
                ticketType: &quot;&quot;,
                partNumber: &quot;1464561&quot;,
                offerCode: &quot;20140322&quot;
		}">
   	<div class="wrapper clearfix">   	
		

<h4 class="accessibility" id="heading_251149" tabindex="-1">
		Bob's Red Mill&nbsp;Gluten Free Brownie Mix&nbsp;
		595g&nbsp;
		 
</h4> 

<div class="offer-icon"></div>
<a role="presentation" aria-hidden="true" class="product-url" href="http://shop.coles.com.au/online/national/bobs-red-mill-gluten-free-brownie-mix">
	    <img role="presentation" aria-hidden="true" class="photo" src="/wcsstore/Coles-CAS/images/1/4/6/1464561-th.jpg" onerror="this.src='/wcsstore/ColesStorefrontAssetStore/dist/e0a775baf05f/images/spacer.gif'" alt="Gluten Free Brownie Mix" width="110" height="110">
	</a>

<div class="detail">	
    <span role="presentation" aria-hidden="true" class="brand">Bob's Red Mill</span>
    <span class="item" role="presentation" aria-hidden="true">
        <a role="presentation" aria-hidden="true" class="product-url" href="http://shop.coles.com.au/online/national/bobs-red-mill-gluten-free-brownie-mix">
        	Gluten Free Brownie Mix&nbsp;
        	595g
        </a>
    </span>
	<span class="size">
			
 	</span>
</div>


	<div class="purchasing">	    
	    <div class="saving">
	    	
	    </div>
	   	
	    		<div class="price"><span class="accessibility">Purchase price </span><small>$</small>9.35</div>
	    	
	    <div class="unit-price"><span class="accessibility">Unit price </span>$1.57 per 100G</div>
	    <div class="special-offer">	    	
	    	
	    </div> 
	    <div class="availability">Temporarily unavailable</div>
	    <div class="purchase">
		
			<input type="number" title="Add Quantity for Bob's Red Mill Gluten Free Brownie Mix 595g" name="quantity" id="catEntry_251149_qty" value="1" maxlength="2" size="2" class="v-mandatory v-numeric v-minval-1">
	        <button role="button" type="submit" title="Add to trolley&nbsp;Bob's Red Mill Gluten Free Brownie Mix 595g" class="btn-red action-addToTrolley"><span role="presentation" aria-hidden="true">Add to trolley</span></button>
		
		</div>
	</div>
	<div class="lists">
		
	</div>


	    <div class="actions">
	        			
			   <div class="MUItemForTrolleyDiv MUItemForTrolley_251244" data-catentry="251244">
		         <div class="MUul_251244"><div class="MUli_251244 hidden" aria-hidden="true"><span class="inTrolley"><span class="MUSpan_251244">0</span> in trolley</span></div></div>
		       </div>
		        <p class="clear"></p>
			 
			<div class="member-usuals-remove">
				<a href="#" class="action-removeFromUsuals usuals-remove">Remove from list <span class="accessibility">Bob's Red Mill Gluten Free Brownie Mix 595g</span></a>			
			</div>
			
				<div class="list">
					<a href="#" class="action-addToList action-list-add">Add to list <span class="accessibility">Bob's Red Mill Gluten Free Brownie Mix 595g</span></a> 
				</div>
				<div class="member-list-add">
					<a href="#" class="action-addToList action-list-add">Add to another list <span class="accessibility">Bob's Red Mill Gluten Free Brownie Mix 595g</span></a>
				</div>
			
			<div class="member-list-remove">
				 <a href="#" class="action-removeFromList">Remove from list <span class="accessibility">Bob's Red Mill Gluten Free Brownie Mix 595g</span></a> 
			</div>
			
				<div class="compareProd" role="presentation" aria-hidden="true">
					<a href="#" class="compare compare-add">Compare</a>
				</div>
			
				<a href="http://shop.coles.com.au/online/national/bobs-red-mill-gluten-free-brownie-mix" class="product-url accessibility">More details for Bob's Red Mill&nbsp;Gluten Free Brownie Mix</a>
			
		</div>  
      

       	
		    <div role="presentation" aria-hidden="true" id="share" class="share" data-social="{productImgUrl:'http://shop.coles.com.au:27900/wcsstore/Coles-CAS/images/1/4/6/1464561-th.jpg'
	                                               ,productDisplayUrl:'http://shop.coles.com.au/online/national/bobs-red-mill-gluten-free-brownie-mix'
	                                               ,title:'Bob's Red Mill Gluten Free Brownie Mix '
	                                               ,description:''}">
		 	</div>
 		
	</div>
</div>


	</form>
</div>


<span class="available hidden"></span>


<div class="outer-prod prodtile" data-refresh="{
					catalogId: &quot;10576&quot;,
					doInventory: &quot;N&quot;,
					fulfillmentCenterId: &quot;11576&quot;,
					forStoreId: &quot;10401&quot;,
					
					productDisplayURL: &quot;http://shop.coles.com.au/online/national/bobs-red-mill-whole-tapioca-flour&quot;				
			}">
	<form id="catEntryForm_251168" name="catEntryForm_251168" action="AjaxOrderChangeServiceItemAdd">
		
<div class=" " data-catentry="catEntry_251168" data-refresh="{
				addCalculationUsage: &quot;-1&quot;,
				langId: &quot;-1&quot;,
				storeId: &quot;10601&quot;, 
				catEntryId: &quot;251168&quot;, 
				catEntryName: &quot;Whole Tapioca Flour&quot;, 
				productView: &quot;list&quot;,
				productId: &quot;251168&quot;,
				itemId: &quot;251189&quot;,
				hideMultibuy: &quot;false&quot;,
                ticketType: &quot;&quot;,
                partNumber: &quot;1465699&quot;,
                offerCode: &quot;20140320&quot;
		}">
   	<div class="wrapper clearfix">   	
		

<h4 class="accessibility" id="heading_251168" tabindex="-1">
		Bob's Red Mill&nbsp;Whole Tapioca Flour&nbsp;
		566g&nbsp;
		 
</h4> 

<div class="offer-icon"></div>
<a role="presentation" aria-hidden="true" class="product-url" href="http://shop.coles.com.au/online/national/bobs-red-mill-whole-tapioca-flour">
	    <img role="presentation" aria-hidden="true" class="photo" src="/wcsstore/Coles-CAS/images/1/4/6/1465699-th.jpg" onerror="this.src='/wcsstore/ColesStorefrontAssetStore/dist/e0a775baf05f/images/spacer.gif'" alt="Whole Tapioca Flour" width="110" height="110">
	</a>

<div class="detail">	
    <span role="presentation" aria-hidden="true" class="brand">Bob's Red Mill</span>
    <span class="item" role="presentation" aria-hidden="true">
        <a role="presentation" aria-hidden="true" class="product-url" href="http://shop.coles.com.au/online/national/bobs-red-mill-whole-tapioca-flour">
        	Whole Tapioca Flour&nbsp;
        	566g
        </a>
    </span>
	<span class="size">
			
 	</span>
</div>


	<div class="purchasing">	    
	    <div class="saving">
	    	
	    </div>
	   	
	    		<div class="price"><span class="accessibility">Purchase price </span><small>$</small>7.70</div>
	    	
	    <div class="unit-price"><span class="accessibility">Unit price </span>$1.36 per 100G</div>
	    <div class="special-offer">	    	
	    	
	    </div> 
	    <div class="availability">Temporarily unavailable</div>
	    <div class="purchase">
		
			<input type="number" title="Add Quantity for Bob's Red Mill Whole Tapioca Flour 566g" name="quantity" id="catEntry_251168_qty" value="1" maxlength="2" size="2" class="v-mandatory v-numeric v-minval-1">
	        <button role="button" type="submit" title="Add to trolley&nbsp;Bob's Red Mill Whole Tapioca Flour 566g" class="btn-red action-addToTrolley"><span role="presentation" aria-hidden="true">Add to trolley</span></button>
		
		</div>
	</div>
	<div class="lists">
		
	</div>


	    <div class="actions">
	        			
			   <div class="MUItemForTrolleyDiv MUItemForTrolley_251189" data-catentry="251189">
		         <div class="MUul_251189"><div class="MUli_251189 hidden" aria-hidden="true"><span class="inTrolley"><span class="MUSpan_251189">0</span> in trolley</span></div></div>
		       </div>
		        <p class="clear"></p>
			 
			<div class="member-usuals-remove">
				<a href="#" class="action-removeFromUsuals usuals-remove">Remove from list <span class="accessibility">Bob's Red Mill Whole Tapioca Flour 566g</span></a>			
			</div>
			
				<div class="list">
					<a href="#" class="action-addToList action-list-add">Add to list <span class="accessibility">Bob's Red Mill Whole Tapioca Flour 566g</span></a> 
				</div>
				<div class="member-list-add">
					<a href="#" class="action-addToList action-list-add">Add to another list <span class="accessibility">Bob's Red Mill Whole Tapioca Flour 566g</span></a>
				</div>
			
			<div class="member-list-remove">
				 <a href="#" class="action-removeFromList">Remove from list <span class="accessibility">Bob's Red Mill Whole Tapioca Flour 566g</span></a> 
			</div>
			
				<div class="compareProd" role="presentation" aria-hidden="true">
					<a href="#" class="compare compare-add">Compare</a>
				</div>
			
				<a href="http://shop.coles.com.au/online/national/bobs-red-mill-whole-tapioca-flour" class="product-url accessibility">More details for Bob's Red Mill&nbsp;Whole Tapioca Flour</a>
			
		</div>  
      

       	
		    <div role="presentation" aria-hidden="true" id="share" class="share" data-social="{productImgUrl:'http://shop.coles.com.au:27900/wcsstore/Coles-CAS/images/1/4/6/1465699-th.jpg'
	                                               ,productDisplayUrl:'http://shop.coles.com.au/online/national/bobs-red-mill-whole-tapioca-flour'
	                                               ,title:'Bob's Red Mill Whole Tapioca Flour '
	                                               ,description:''}">
		 	</div>
 		
	</div>
</div>


	</form>
</div>


<span class="available hidden"></span>


<div class="outer-prod prodtile" data-refresh="{
					catalogId: &quot;10576&quot;,
					doInventory: &quot;N&quot;,
					fulfillmentCenterId: &quot;11576&quot;,
					forStoreId: &quot;10401&quot;,
					
					productDisplayURL: &quot;http://shop.coles.com.au/online/national/bobs-red-mill-baking-aluminium-free-powder&quot;				
			}">
	<form id="catEntryForm_251174" name="catEntryForm_251174" action="AjaxOrderChangeServiceItemAdd">
		
<div class=" " data-catentry="catEntry_251174" data-refresh="{
				addCalculationUsage: &quot;-1&quot;,
				langId: &quot;-1&quot;,
				storeId: &quot;10601&quot;, 
				catEntryId: &quot;251174&quot;, 
				catEntryName: &quot;Aluminium Free Baking Powder&quot;, 
				productView: &quot;list&quot;,
				productId: &quot;251174&quot;,
				itemId: &quot;251263&quot;,
				hideMultibuy: &quot;false&quot;,
                ticketType: &quot;&quot;,
                partNumber: &quot;1464572&quot;,
                offerCode: &quot;20140322&quot;
		}">
   	<div class="wrapper clearfix">   	
		

<h4 class="accessibility" id="heading_251174" tabindex="-1">
		Bob's Red Mill&nbsp;Aluminium Free Baking Powder&nbsp;
		453g&nbsp;
		 
</h4> 

<div class="offer-icon"></div>
<a role="presentation" aria-hidden="true" class="product-url" href="http://shop.coles.com.au/online/national/bobs-red-mill-baking-aluminium-free-powder">
	    <img role="presentation" aria-hidden="true" class="photo" src="/wcsstore/Coles-CAS/images/1/4/6/1464572-th.jpg" onerror="this.src='/wcsstore/ColesStorefrontAssetStore/dist/e0a775baf05f/images/spacer.gif'" alt="Aluminium Free Baking Powder" width="110" height="110">
	</a>

<div class="detail">	
    <span role="presentation" aria-hidden="true" class="brand">Bob's Red Mill</span>
    <span class="item" role="presentation" aria-hidden="true">
        <a role="presentation" aria-hidden="true" class="product-url" href="http://shop.coles.com.au/online/national/bobs-red-mill-baking-aluminium-free-powder">
        	Aluminium Free Baking Powder&nbsp;
        	453g
        </a>
    </span>
	<span class="size">
			
 	</span>
</div>


	<div class="purchasing">	    
	    <div class="saving">
	    	
	    </div>
	   	
	    		<div class="price"><span class="accessibility">Purchase price </span><small>$</small>7.70</div>
	    	
	    <div class="unit-price"><span class="accessibility">Unit price </span>$1.70 per 100G</div>
	    <div class="special-offer">	    	
	    	
	    </div> 
	    <div class="availability">Temporarily unavailable</div>
	    <div class="purchase">
		
			<input type="number" title="Add Quantity for Bob's Red Mill Aluminium Free Baking Powder 453g" name="quantity" id="catEntry_251174_qty" value="1" maxlength="2" size="2" class="v-mandatory v-numeric v-minval-1">
	        <button role="button" type="submit" title="Add to trolley&nbsp;Bob's Red Mill Aluminium Free Baking Powder 453g" class="btn-red action-addToTrolley"><span role="presentation" aria-hidden="true">Add to trolley</span></button>
		
		</div>
	</div>
	<div class="lists">
		
	</div>


	    <div class="actions">
	        			
			   <div class="MUItemForTrolleyDiv MUItemForTrolley_251263" data-catentry="251263">
		         <div class="MUul_251263"><div class="MUli_251263 hidden" aria-hidden="true"><span class="inTrolley"><span class="MUSpan_251263">0</span> in trolley</span></div></div>
		       </div>
		        <p class="clear"></p>
			 
			<div class="member-usuals-remove">
				<a href="#" class="action-removeFromUsuals usuals-remove">Remove from list <span class="accessibility">Bob's Red Mill Aluminium Free Baking Powder 453g</span></a>			
			</div>
			
				<div class="list">
					<a href="#" class="action-addToList action-list-add">Add to list <span class="accessibility">Bob's Red Mill Aluminium Free Baking Powder 453g</span></a> 
				</div>
				<div class="member-list-add">
					<a href="#" class="action-addToList action-list-add">Add to another list <span class="accessibility">Bob's Red Mill Aluminium Free Baking Powder 453g</span></a>
				</div>
			
			<div class="member-list-remove">
				 <a href="#" class="action-removeFromList">Remove from list <span class="accessibility">Bob's Red Mill Aluminium Free Baking Powder 453g</span></a> 
			</div>
			
				<div class="compareProd" role="presentation" aria-hidden="true">
					<a href="#" class="compare compare-add">Compare</a>
				</div>
			
				<a href="http://shop.coles.com.au/online/national/bobs-red-mill-baking-aluminium-free-powder" class="product-url accessibility">More details for Bob's Red Mill&nbsp;Aluminium Free Baking Powder</a>
			
		</div>  
      

       	
		    <div role="presentation" aria-hidden="true" id="share" class="share" data-social="{productImgUrl:'http://shop.coles.com.au:27900/wcsstore/Coles-CAS/images/1/4/6/1464572-th.jpg'
	                                               ,productDisplayUrl:'http://shop.coles.com.au/online/national/bobs-red-mill-baking-aluminium-free-powder'
	                                               ,title:'Bob's Red Mill Aluminium Free Baking Powder '
	                                               ,description:''}">
		 	</div>
 		
	</div>
</div>


	</form>
</div>


<span class="available hidden"></span>


<div class="outer-prod prodtile" data-refresh="{
					catalogId: &quot;10576&quot;,
					doInventory: &quot;N&quot;,
					fulfillmentCenterId: &quot;11576&quot;,
					forStoreId: &quot;10401&quot;,
					
					productDisplayURL: &quot;http://shop.coles.com.au/online/national/body-trim-ultra-low-carb-bites-protein-chocolate-nut&quot;				
			}">
	<form id="catEntryForm_13262" name="catEntryForm_13262" action="AjaxOrderChangeServiceItemAdd">
		
<div class=" " data-catentry="catEntry_13262" data-refresh="{
				addCalculationUsage: &quot;-1&quot;,
				langId: &quot;-1&quot;,
				storeId: &quot;10601&quot;, 
				catEntryId: &quot;13262&quot;, 
				catEntryName: &quot;Ultra Low Carb Protein Chocolate Nut Bites&quot;, 
				productView: &quot;list&quot;,
				productId: &quot;13262&quot;,
				itemId: &quot;28463&quot;,
				hideMultibuy: &quot;false&quot;,
                ticketType: &quot;&quot;,
                partNumber: &quot;9909435&quot;,
                offerCode: &quot;20140320&quot;
		}">
   	<div class="wrapper clearfix">   	
		

<h4 class="accessibility" id="heading_13262" tabindex="-1">
		Body Trim &nbsp;Ultra Low Carb Protein Chocolate Nut Bites&nbsp;
		50g&nbsp;
		 
</h4> 

<div class="offer-icon"></div>
<a role="presentation" aria-hidden="true" class="product-url" href="http://shop.coles.com.au/online/national/body-trim-ultra-low-carb-bites-protein-chocolate-nut">
	    <img role="presentation" aria-hidden="true" class="photo" src="/wcsstore/Coles-CAS/images/9/9/0/9909435-th.jpg" onerror="this.src='/wcsstore/ColesStorefrontAssetStore/dist/e0a775baf05f/images/spacer.gif'" alt="Ultra Low Carb Protein Chocolate Nut Bites" width="110" height="110">
	</a>

<div class="detail">	
    <span role="presentation" aria-hidden="true" class="brand">Body Trim </span>
    <span class="item" role="presentation" aria-hidden="true">
        <a role="presentation" aria-hidden="true" class="product-url" href="http://shop.coles.com.au/online/national/body-trim-ultra-low-carb-bites-protein-chocolate-nut">
        	Ultra Low Carb Protein Chocolate Nut Bites&nbsp;
        	50g
        </a>
    </span>
	<span class="size">
			
 	</span>
</div>


	<div class="purchasing">	    
	    <div class="saving">
	    	
	    </div>
	   	
	    		<div class="price"><span class="accessibility">Purchase price </span><small>$</small>4.35</div>
	    	
	    <div class="unit-price"><span class="accessibility">Unit price </span>$8.70 per 100G</div>
	    <div class="special-offer">	    	
	    	
	    </div> 
	    <div class="availability">Temporarily unavailable</div>
	    <div class="purchase">
		
			<input type="number" title="Add Quantity for Body Trim  Ultra Low Carb Protein Chocolate Nut Bites 50g" name="quantity" id="catEntry_13262_qty" value="1" maxlength="2" size="2" class="v-mandatory v-numeric v-minval-1">
	        <button role="button" type="submit" title="Add to trolley&nbsp;Body Trim  Ultra Low Carb Protein Chocolate Nut Bites 50g" class="btn-red action-addToTrolley"><span role="presentation" aria-hidden="true">Add to trolley</span></button>
		
		</div>
	</div>
	<div class="lists">
		
	</div>


	    <div class="actions">
	        			
			   <div class="MUItemForTrolleyDiv MUItemForTrolley_28463" data-catentry="28463">
		         <div class="MUul_28463"><div class="MUli_28463 hidden" aria-hidden="true"><span class="inTrolley"><span class="MUSpan_28463">0</span> in trolley</span></div></div>
		       </div>
		        <p class="clear"></p>
			 
			<div class="member-usuals-remove">
				<a href="#" class="action-removeFromUsuals usuals-remove">Remove from list <span class="accessibility">Body Trim  Ultra Low Carb Protein Chocolate Nut Bites 50g</span></a>			
			</div>
			
				<div class="list">
					<a href="#" class="action-addToList action-list-add">Add to list <span class="accessibility">Body Trim  Ultra Low Carb Protein Chocolate Nut Bites 50g</span></a> 
				</div>
				<div class="member-list-add">
					<a href="#" class="action-addToList action-list-add">Add to another list <span class="accessibility">Body Trim  Ultra Low Carb Protein Chocolate Nut Bites 50g</span></a>
				</div>
			
			<div class="member-list-remove">
				 <a href="#" class="action-removeFromList">Remove from list <span class="accessibility">Body Trim  Ultra Low Carb Protein Chocolate Nut Bites 50g</span></a> 
			</div>
			
				<div class="compareProd" role="presentation" aria-hidden="true">
					<a href="#" class="compare compare-add">Compare</a>
				</div>
			
				<a href="http://shop.coles.com.au/online/national/body-trim-ultra-low-carb-bites-protein-chocolate-nut" class="product-url accessibility">More details for Body Trim &nbsp;Ultra Low Carb Protein Chocolate Nut Bites</a>
			
		</div>  
      

       	
		    <div role="presentation" aria-hidden="true" id="share" class="share" data-social="{productImgUrl:'http://shop.coles.com.au:27900/wcsstore/Coles-CAS/images/9/9/0/9909435-th.jpg'
	                                               ,productDisplayUrl:'http://shop.coles.com.au/online/national/body-trim-ultra-low-carb-bites-protein-chocolate-nut'
	                                               ,title:'Body Trim  Ultra Low Carb Protein Chocolate Nut Bites '
	                                               ,description:''}">
		 	</div>
 		
	</div>
</div>


	</form>
</div>


<span class="available hidden"></span>


<div class="outer-prod prodtile" data-refresh="{
					catalogId: &quot;10576&quot;,
					doInventory: &quot;N&quot;,
					fulfillmentCenterId: &quot;11576&quot;,
					forStoreId: &quot;10401&quot;,
					
					productDisplayURL: &quot;http://shop.coles.com.au/online/national/body-trim-ultra-low-carb-bar-caramel&quot;				
			}">
	<form id="catEntryForm_14527" name="catEntryForm_14527" action="AjaxOrderChangeServiceItemAdd">
		
<div class=" " data-catentry="catEntry_14527" data-refresh="{
				addCalculationUsage: &quot;-1&quot;,
				langId: &quot;-1&quot;,
				storeId: &quot;10601&quot;, 
				catEntryId: &quot;14527&quot;, 
				catEntryName: &quot;Ultra Low Carb Caramel Bar&quot;, 
				productView: &quot;list&quot;,
				productId: &quot;14527&quot;,
				itemId: &quot;28239&quot;,
				hideMultibuy: &quot;false&quot;,
                ticketType: &quot;&quot;,
                partNumber: &quot;8658442&quot;,
                offerCode: &quot;20150202&quot;
		}">
   	<div class="wrapper clearfix">   	
		

<h4 class="accessibility" id="heading_14527" tabindex="-1">
		Body Trim &nbsp;Ultra Low Carb Caramel Bar&nbsp;
		50g&nbsp;
		 
</h4> 

<div class="offer-icon"></div>
<a role="presentation" aria-hidden="true" class="product-url" href="http://shop.coles.com.au/online/national/body-trim-ultra-low-carb-bar-caramel">
	    <img role="presentation" aria-hidden="true" class="photo" src="/wcsstore/Coles-CAS/images/8/6/5/8658442-th.jpg" onerror="this.src='/wcsstore/ColesStorefrontAssetStore/dist/e0a775baf05f/images/spacer.gif'" alt="Ultra Low Carb Caramel Bar" width="110" height="110">
	</a>

<div class="detail">	
    <span role="presentation" aria-hidden="true" class="brand">Body Trim </span>
    <span class="item" role="presentation" aria-hidden="true">
        <a role="presentation" aria-hidden="true" class="product-url" href="http://shop.coles.com.au/online/national/body-trim-ultra-low-carb-bar-caramel">
        	Ultra Low Carb Caramel Bar&nbsp;
        	50g
        </a>
    </span>
	<span class="size">
			
 	</span>
</div>


	<div class="purchasing">	    
	    <div class="saving">
	    	
	    </div>
	   	
	    		<div class="price"><span class="accessibility">Purchase price </span><small>$</small>5.06</div>
	    	
	    <div class="unit-price"><span class="accessibility">Unit price </span>$10.12 per 100G</div>
	    <div class="special-offer">	    	
	    	
	    </div> 
	    <div class="availability">Temporarily unavailable</div>
	    <div class="purchase">
		
			<input type="number" title="Add Quantity for Body Trim  Ultra Low Carb Caramel Bar 50g" name="quantity" id="catEntry_14527_qty" value="1" maxlength="2" size="2" class="v-mandatory v-numeric v-minval-1">
	        <button role="button" type="submit" title="Add to trolley&nbsp;Body Trim  Ultra Low Carb Caramel Bar 50g" class="btn-red action-addToTrolley"><span role="presentation" aria-hidden="true">Add to trolley</span></button>
		
		</div>
	</div>
	<div class="lists">
		
	</div>


	    <div class="actions">
	        			
			   <div class="MUItemForTrolleyDiv MUItemForTrolley_28239" data-catentry="28239">
		         <div class="MUul_28239"><div class="MUli_28239 hidden" aria-hidden="true"><span class="inTrolley"><span class="MUSpan_28239">0</span> in trolley</span></div></div>
		       </div>
		        <p class="clear"></p>
			 
			<div class="member-usuals-remove">
				<a href="#" class="action-removeFromUsuals usuals-remove">Remove from list <span class="accessibility">Body Trim  Ultra Low Carb Caramel Bar 50g</span></a>			
			</div>
			
				<div class="list">
					<a href="#" class="action-addToList action-list-add">Add to list <span class="accessibility">Body Trim  Ultra Low Carb Caramel Bar 50g</span></a> 
				</div>
				<div class="member-list-add">
					<a href="#" class="action-addToList action-list-add">Add to another list <span class="accessibility">Body Trim  Ultra Low Carb Caramel Bar 50g</span></a>
				</div>
			
			<div class="member-list-remove">
				 <a href="#" class="action-removeFromList">Remove from list <span class="accessibility">Body Trim  Ultra Low Carb Caramel Bar 50g</span></a> 
			</div>
			
				<div class="compareProd" role="presentation" aria-hidden="true">
					<a href="#" class="compare compare-add">Compare</a>
				</div>
			
				<a href="http://shop.coles.com.au/online/national/body-trim-ultra-low-carb-bar-caramel" class="product-url accessibility">More details for Body Trim &nbsp;Ultra Low Carb Caramel Bar</a>
			
		</div>  
      

       	
		    <div role="presentation" aria-hidden="true" id="share" class="share" data-social="{productImgUrl:'http://shop.coles.com.au:27900/wcsstore/Coles-CAS/images/8/6/5/8658442-th.jpg'
	                                               ,productDisplayUrl:'http://shop.coles.com.au/online/national/body-trim-ultra-low-carb-bar-caramel'
	                                               ,title:'Body Trim  Ultra Low Carb Caramel Bar '
	                                               ,description:'Choc caramel crunch.'}">
		 	</div>
 		
	</div>
</div>


	</form>
</div>


<span class="available hidden"></span>


<div class="outer-prod prodtile" data-refresh="{
					catalogId: &quot;10576&quot;,
					doInventory: &quot;N&quot;,
					fulfillmentCenterId: &quot;11576&quot;,
					forStoreId: &quot;10401&quot;,
					
					productDisplayURL: &quot;http://shop.coles.com.au/online/national/body-trim-cookie-double-choc&quot;				
			}">
	<form id="catEntryForm_250523" name="catEntryForm_250523" action="AjaxOrderChangeServiceItemAdd">
		
<div class=" " data-catentry="catEntry_250523" data-refresh="{
				addCalculationUsage: &quot;-1&quot;,
				langId: &quot;-1&quot;,
				storeId: &quot;10601&quot;, 
				catEntryId: &quot;250523&quot;, 
				catEntryName: &quot;Double Chocolate Cookie&quot;, 
				productView: &quot;list&quot;,
				productId: &quot;250523&quot;,
				itemId: &quot;250530&quot;,
				hideMultibuy: &quot;false&quot;,
                ticketType: &quot;&quot;,
                partNumber: &quot;9909617&quot;,
                offerCode: &quot;20140430&quot;
		}">
   	<div class="wrapper clearfix">   	
		

<h4 class="accessibility" id="heading_250523" tabindex="-1">
		Body Trim&nbsp;Double Chocolate Cookie&nbsp;
		100g&nbsp;
		 
</h4> 

<div class="offer-icon"></div>
<a role="presentation" aria-hidden="true" class="product-url" href="http://shop.coles.com.au/online/national/body-trim-cookie-double-choc">
	    <img role="presentation" aria-hidden="true" class="photo" src="/wcsstore/Coles-CAS/images/9/9/0/9909617-th.jpg" onerror="this.src='/wcsstore/ColesStorefrontAssetStore/dist/e0a775baf05f/images/spacer.gif'" alt="Double Chocolate Cookie" width="110" height="110">
	</a>

<div class="detail">	
    <span role="presentation" aria-hidden="true" class="brand">Body Trim</span>
    <span class="item" role="presentation" aria-hidden="true">
        <a role="presentation" aria-hidden="true" class="product-url" href="http://shop.coles.com.au/online/national/body-trim-cookie-double-choc">
        	Double Chocolate Cookie&nbsp;
        	100g
        </a>
    </span>
	<span class="size">
			
 	</span>
</div>


	<div class="purchasing">	    
	    <div class="saving">
	    	
	    </div>
	   	
	    		<div class="price"><span class="accessibility">Purchase price </span><small>$</small>4.39</div>
	    	
	    <div class="unit-price"><span class="accessibility">Unit price </span>$4.39 per 100G</div>
	    <div class="special-offer">	    	
	    	
	    </div> 
	    <div class="availability">Temporarily unavailable</div>
	    <div class="purchase">
		
			<input type="number" title="Add Quantity for Body Trim Double Chocolate Cookie 100g" name="quantity" id="catEntry_250523_qty" value="1" maxlength="2" size="2" class="v-mandatory v-numeric v-minval-1">
	        <button role="button" type="submit" title="Add to trolley&nbsp;Body Trim Double Chocolate Cookie 100g" class="btn-red action-addToTrolley"><span role="presentation" aria-hidden="true">Add to trolley</span></button>
		
		</div>
	</div>
	<div class="lists">
		
	</div>


	    <div class="actions">
	        			
			   <div class="MUItemForTrolleyDiv MUItemForTrolley_250530" data-catentry="250530">
		         <div class="MUul_250530"><div class="MUli_250530 hidden" aria-hidden="true"><span class="inTrolley"><span class="MUSpan_250530">0</span> in trolley</span></div></div>
		       </div>
		        <p class="clear"></p>
			 
			<div class="member-usuals-remove">
				<a href="#" class="action-removeFromUsuals usuals-remove">Remove from list <span class="accessibility">Body Trim Double Chocolate Cookie 100g</span></a>			
			</div>
			
				<div class="list">
					<a href="#" class="action-addToList action-list-add">Add to list <span class="accessibility">Body Trim Double Chocolate Cookie 100g</span></a> 
				</div>
				<div class="member-list-add">
					<a href="#" class="action-addToList action-list-add">Add to another list <span class="accessibility">Body Trim Double Chocolate Cookie 100g</span></a>
				</div>
			
			<div class="member-list-remove">
				 <a href="#" class="action-removeFromList">Remove from list <span class="accessibility">Body Trim Double Chocolate Cookie 100g</span></a> 
			</div>
			
				<div class="compareProd" role="presentation" aria-hidden="true">
					<a href="#" class="compare compare-add">Compare</a>
				</div>
			
				<a href="http://shop.coles.com.au/online/national/body-trim-cookie-double-choc" class="product-url accessibility">More details for Body Trim&nbsp;Double Chocolate Cookie</a>
			
		</div>  
      

       	
		    <div role="presentation" aria-hidden="true" id="share" class="share" data-social="{productImgUrl:'http://shop.coles.com.au:27900/wcsstore/Coles-CAS/images/9/9/0/9909617-th.jpg'
	                                               ,productDisplayUrl:'http://shop.coles.com.au/online/national/body-trim-cookie-double-choc'
	                                               ,title:'Body Trim Double Chocolate Cookie '
	                                               ,description:''}">
		 	</div>
 		
	</div>
</div>


	</form>
</div>


<span class="available hidden"></span>


<div class="outer-prod prodtile" data-refresh="{
					catalogId: &quot;10576&quot;,
					doInventory: &quot;N&quot;,
					fulfillmentCenterId: &quot;11576&quot;,
					forStoreId: &quot;10401&quot;,
					
					productDisplayURL: &quot;http://shop.coles.com.au/online/national/body-trim-ultra-low-carb-cookie-protein-chocolate-chip&quot;				
			}">
	<form id="catEntryForm_14775" name="catEntryForm_14775" action="AjaxOrderChangeServiceItemAdd">
		
<div class=" " data-catentry="catEntry_14775" data-refresh="{
				addCalculationUsage: &quot;-1&quot;,
				langId: &quot;-1&quot;,
				storeId: &quot;10601&quot;, 
				catEntryId: &quot;14775&quot;, 
				catEntryName: &quot;Ultra Low Carb Chocolate Chip Protein Cookie&quot;, 
				productView: &quot;list&quot;,
				productId: &quot;14775&quot;,
				itemId: &quot;31525&quot;,
				hideMultibuy: &quot;false&quot;,
                ticketType: &quot;&quot;,
                partNumber: &quot;9909606&quot;,
                offerCode: &quot;20140430&quot;
		}">
   	<div class="wrapper clearfix">   	
		

<h4 class="accessibility" id="heading_14775" tabindex="-1">
		Bodytrim&nbsp;Ultra Low Carb Chocolate Chip Protein Cookie&nbsp;
		50g&nbsp;
		 
</h4> 

<div class="offer-icon"></div>
<a role="presentation" aria-hidden="true" class="product-url" href="http://shop.coles.com.au/online/national/body-trim-ultra-low-carb-cookie-protein-chocolate-chip">
	    <img role="presentation" aria-hidden="true" class="photo" src="/wcsstore/Coles-CAS/images/9/9/0/9909606-th.jpg" onerror="this.src='/wcsstore/ColesStorefrontAssetStore/dist/e0a775baf05f/images/spacer.gif'" alt="Ultra Low Carb Chocolate Chip Protein Cookie" width="110" height="110">
	</a>

<div class="detail">	
    <span role="presentation" aria-hidden="true" class="brand">Bodytrim</span>
    <span class="item" role="presentation" aria-hidden="true">
        <a role="presentation" aria-hidden="true" class="product-url" href="http://shop.coles.com.au/online/national/body-trim-ultra-low-carb-cookie-protein-chocolate-chip">
        	Ultra Low Carb Chocolate Chip Protein Cookie&nbsp;
        	50g
        </a>
    </span>
	<span class="size">
			
 	</span>
</div>


	<div class="purchasing">	    
	    <div class="saving">
	    	
	    </div>
	   	
	    		<div class="price"><span class="accessibility">Purchase price </span><small>$</small>4.39</div>
	    	
	    <div class="unit-price"><span class="accessibility">Unit price </span>$8.78 per 100G</div>
	    <div class="special-offer">	    	
	    	
	    </div> 
	    <div class="availability">Temporarily unavailable</div>
	    <div class="purchase">
		
			<input type="number" title="Add Quantity for Bodytrim Ultra Low Carb Chocolate Chip Protein Cookie 50g" name="quantity" id="catEntry_14775_qty" value="1" maxlength="2" size="2" class="v-mandatory v-numeric v-minval-1">
	        <button role="button" type="submit" title="Add to trolley&nbsp;Bodytrim Ultra Low Carb Chocolate Chip Protein Cookie 50g" class="btn-red action-addToTrolley"><span role="presentation" aria-hidden="true">Add to trolley</span></button>
		
		</div>
	</div>
	<div class="lists">
		
	</div>


	    <div class="actions">
	        			
			   <div class="MUItemForTrolleyDiv MUItemForTrolley_31525" data-catentry="31525">
		         <div class="MUul_31525"><div class="MUli_31525 hidden" aria-hidden="true"><span class="inTrolley"><span class="MUSpan_31525">0</span> in trolley</span></div></div>
		       </div>
		        <p class="clear"></p>
			 
			<div class="member-usuals-remove">
				<a href="#" class="action-removeFromUsuals usuals-remove">Remove from list <span class="accessibility">Bodytrim Ultra Low Carb Chocolate Chip Protein Cookie 50g</span></a>			
			</div>
			
				<div class="list">
					<a href="#" class="action-addToList action-list-add">Add to list <span class="accessibility">Bodytrim Ultra Low Carb Chocolate Chip Protein Cookie 50g</span></a> 
				</div>
				<div class="member-list-add">
					<a href="#" class="action-addToList action-list-add">Add to another list <span class="accessibility">Bodytrim Ultra Low Carb Chocolate Chip Protein Cookie 50g</span></a>
				</div>
			
			<div class="member-list-remove">
				 <a href="#" class="action-removeFromList">Remove from list <span class="accessibility">Bodytrim Ultra Low Carb Chocolate Chip Protein Cookie 50g</span></a> 
			</div>
			
				<div class="compareProd" role="presentation" aria-hidden="true">
					<a href="#" class="compare compare-add">Compare</a>
				</div>
			
				<a href="http://shop.coles.com.au/online/national/body-trim-ultra-low-carb-cookie-protein-chocolate-chip" class="product-url accessibility">More details for Bodytrim&nbsp;Ultra Low Carb Chocolate Chip Protein Cookie</a>
			
		</div>  
      

       	
		    <div role="presentation" aria-hidden="true" id="share" class="share" data-social="{productImgUrl:'http://shop.coles.com.au:27900/wcsstore/Coles-CAS/images/9/9/0/9909606-th.jpg'
	                                               ,productDisplayUrl:'http://shop.coles.com.au/online/national/body-trim-ultra-low-carb-cookie-protein-chocolate-chip'
	                                               ,title:'Bodytrim Ultra Low Carb Chocolate Chip Protein Cookie '
	                                               ,description:''}">
		 	</div>
 		
	</div>
</div>


	</form>
</div>


<span class="available hidden"></span>


<div class="outer-prod prodtile" data-refresh="{
					catalogId: &quot;10576&quot;,
					doInventory: &quot;N&quot;,
					fulfillmentCenterId: &quot;11576&quot;,
					forStoreId: &quot;10401&quot;,
					
					productDisplayURL: &quot;http://shop.coles.com.au/online/national/bogazici-cotton-candy-pismaniye-plain&quot;				
			}">
	<form id="catEntryForm_290013" name="catEntryForm_290013" action="AjaxOrderChangeServiceItemAdd">
		
<div class=" " data-catentry="catEntry_290013" data-refresh="{
				addCalculationUsage: &quot;-1&quot;,
				langId: &quot;-1&quot;,
				storeId: &quot;10601&quot;, 
				catEntryId: &quot;290013&quot;, 
				catEntryName: &quot;Pismaniye Plain Cotton Candy&quot;, 
				productView: &quot;list&quot;,
				productId: &quot;290013&quot;,
				itemId: &quot;290070&quot;,
				hideMultibuy: &quot;false&quot;,
                ticketType: &quot;&quot;,
                partNumber: &quot;1519153&quot;,
                offerCode: &quot;20140514&quot;
		}">
   	<div class="wrapper clearfix">   	
		

<h4 class="accessibility" id="heading_290013" tabindex="-1">
		Bogazici&nbsp;Pismaniye Plain Cotton Candy&nbsp;
		400g&nbsp;
		 
</h4> 

<div class="offer-icon"></div>
<a role="presentation" aria-hidden="true" class="product-url" href="http://shop.coles.com.au/online/national/bogazici-cotton-candy-pismaniye-plain">
	    <img role="presentation" aria-hidden="true" class="photo" src="/wcsstore/Coles-CAS/images/1/5/1/1519153-th.jpg" onerror="this.src='/wcsstore/ColesStorefrontAssetStore/dist/e0a775baf05f/images/spacer.gif'" alt="Pismaniye Plain Cotton Candy" width="110" height="110">
	</a>

<div class="detail">	
    <span role="presentation" aria-hidden="true" class="brand">Bogazici</span>
    <span class="item" role="presentation" aria-hidden="true">
        <a role="presentation" aria-hidden="true" class="product-url" href="http://shop.coles.com.au/online/national/bogazici-cotton-candy-pismaniye-plain">
        	Pismaniye Plain Cotton Candy&nbsp;
        	400g
        </a>
    </span>
	<span class="size">
			
 	</span>
</div>


	<div class="purchasing">	    
	    <div class="saving">
	    	
	    </div>
	   	
	    		<div class="price"><span class="accessibility">Purchase price </span><small>$</small>11.94</div>
	    	
	    <div class="unit-price"><span class="accessibility">Unit price </span>$2.99 per 100G</div>
	    <div class="special-offer">	    	
	    	
	    </div> 
	    <div class="availability">Temporarily unavailable</div>
	    <div class="purchase">
		
			<input type="number" title="Add Quantity for Bogazici Pismaniye Plain Cotton Candy 400g" name="quantity" id="catEntry_290013_qty" value="1" maxlength="2" size="2" class="v-mandatory v-numeric v-minval-1">
	        <button role="button" type="submit" title="Add to trolley&nbsp;Bogazici Pismaniye Plain Cotton Candy 400g" class="btn-red action-addToTrolley"><span role="presentation" aria-hidden="true">Add to trolley</span></button>
		
		</div>
	</div>
	<div class="lists">
		
	</div>


	    <div class="actions">
	        			
			   <div class="MUItemForTrolleyDiv MUItemForTrolley_290070" data-catentry="290070">
		         <div class="MUul_290070"><div class="MUli_290070 hidden" aria-hidden="true"><span class="inTrolley"><span class="MUSpan_290070">0</span> in trolley</span></div></div>
		       </div>
		        <p class="clear"></p>
			 
			<div class="member-usuals-remove">
				<a href="#" class="action-removeFromUsuals usuals-remove">Remove from list <span class="accessibility">Bogazici Pismaniye Plain Cotton Candy 400g</span></a>			
			</div>
			
				<div class="list">
					<a href="#" class="action-addToList action-list-add">Add to list <span class="accessibility">Bogazici Pismaniye Plain Cotton Candy 400g</span></a> 
				</div>
				<div class="member-list-add">
					<a href="#" class="action-addToList action-list-add">Add to another list <span class="accessibility">Bogazici Pismaniye Plain Cotton Candy 400g</span></a>
				</div>
			
			<div class="member-list-remove">
				 <a href="#" class="action-removeFromList">Remove from list <span class="accessibility">Bogazici Pismaniye Plain Cotton Candy 400g</span></a> 
			</div>
			
				<div class="compareProd" role="presentation" aria-hidden="true">
					<a href="#" class="compare compare-add">Compare</a>
				</div>
			
				<a href="http://shop.coles.com.au/online/national/bogazici-cotton-candy-pismaniye-plain" class="product-url accessibility">More details for Bogazici&nbsp;Pismaniye Plain Cotton Candy</a>
			
		</div>  
      

       	
		    <div role="presentation" aria-hidden="true" id="share" class="share" data-social="{productImgUrl:'http://shop.coles.com.au:27900/wcsstore/Coles-CAS/images/1/5/1/1519153-th.jpg'
	                                               ,productDisplayUrl:'http://shop.coles.com.au/online/national/bogazici-cotton-candy-pismaniye-plain'
	                                               ,title:'Bogazici Pismaniye Plain Cotton Candy '
	                                               ,description:''}">
		 	</div>
 		
	</div>
</div>


	</form>
</div>


<span class="available hidden"></span>


<div class="outer-prod prodtile" data-refresh="{
					catalogId: &quot;10576&quot;,
					doInventory: &quot;N&quot;,
					fulfillmentCenterId: &quot;11576&quot;,
					forStoreId: &quot;10401&quot;,
					
					productDisplayURL: &quot;http://shop.coles.com.au/online/national/bondi-chai-tea-club-cinnamon-sachets&quot;				
			}">
	<form id="catEntryForm_224013" name="catEntryForm_224013" action="AjaxOrderChangeServiceItemAdd">
		
<div class=" " data-catentry="catEntry_224013" data-refresh="{
				addCalculationUsage: &quot;-1&quot;,
				langId: &quot;-1&quot;,
				storeId: &quot;10601&quot;, 
				catEntryId: &quot;224013&quot;, 
				catEntryName: &quot;Club Cinnamon Chai Latte Sachets&quot;, 
				productView: &quot;list&quot;,
				productId: &quot;224013&quot;,
				itemId: &quot;224063&quot;,
				hideMultibuy: &quot;false&quot;,
                ticketType: &quot;&quot;,
                partNumber: &quot;1440290&quot;,
                offerCode: &quot;20131002&quot;
		}">
   	<div class="wrapper clearfix">   	
		

<h4 class="accessibility" id="heading_224013" tabindex="-1">
		Bondi Chai&nbsp;Club Cinnamon Chai Latte Sachets&nbsp;
		8 pack&nbsp;
		 
</h4> 

<div class="offer-icon"></div>
<a role="presentation" aria-hidden="true" class="product-url" href="http://shop.coles.com.au/online/national/bondi-chai-tea-club-cinnamon-sachets">
	    <img role="presentation" aria-hidden="true" class="photo" src="/wcsstore/Coles-CAS/images/1/4/4/1440290-th.jpg" onerror="this.src='/wcsstore/ColesStorefrontAssetStore/dist/e0a775baf05f/images/spacer.gif'" alt="Club Cinnamon Chai Latte Sachets" width="110" height="110">
	</a>

<div class="detail">	
    <span role="presentation" aria-hidden="true" class="brand">Bondi Chai</span>
    <span class="item" role="presentation" aria-hidden="true">
        <a role="presentation" aria-hidden="true" class="product-url" href="http://shop.coles.com.au/online/national/bondi-chai-tea-club-cinnamon-sachets">
        	Club Cinnamon Chai Latte Sachets&nbsp;
        	8 pack
        </a>
    </span>
	<span class="size">
			
 	</span>
</div>


	<div class="purchasing">	    
	    <div class="saving">
	    	
	    </div>
	   	
	    		<div class="price"><span class="accessibility">Purchase price </span><small>$</small>7.60</div>
	    	
	    <div class="unit-price"><span class="accessibility">Unit price </span>$7.60 per 100G</div>
	    <div class="special-offer">	    	
	    	
	    </div> 
	    <div class="availability">Temporarily unavailable</div>
	    <div class="purchase">
		
			<input type="number" title="Add Quantity for Bondi Chai Club Cinnamon Chai Latte Sachets 8 pack" name="quantity" id="catEntry_224013_qty" value="1" maxlength="2" size="2" class="v-mandatory v-numeric v-minval-1">
	        <button role="button" type="submit" title="Add to trolley&nbsp;Bondi Chai Club Cinnamon Chai Latte Sachets 8 pack" class="btn-red action-addToTrolley"><span role="presentation" aria-hidden="true">Add to trolley</span></button>
		
		</div>
	</div>
	<div class="lists">
		
	</div>


	    <div class="actions">
	        			
			   <div class="MUItemForTrolleyDiv MUItemForTrolley_224063" data-catentry="224063">
		         <div class="MUul_224063"><div class="MUli_224063 hidden" aria-hidden="true"><span class="inTrolley"><span class="MUSpan_224063">0</span> in trolley</span></div></div>
		       </div>
		        <p class="clear"></p>
			 
			<div class="member-usuals-remove">
				<a href="#" class="action-removeFromUsuals usuals-remove">Remove from list <span class="accessibility">Bondi Chai Club Cinnamon Chai Latte Sachets 8 pack</span></a>			
			</div>
			
				<div class="list">
					<a href="#" class="action-addToList action-list-add">Add to list <span class="accessibility">Bondi Chai Club Cinnamon Chai Latte Sachets 8 pack</span></a> 
				</div>
				<div class="member-list-add">
					<a href="#" class="action-addToList action-list-add">Add to another list <span class="accessibility">Bondi Chai Club Cinnamon Chai Latte Sachets 8 pack</span></a>
				</div>
			
			<div class="member-list-remove">
				 <a href="#" class="action-removeFromList">Remove from list <span class="accessibility">Bondi Chai Club Cinnamon Chai Latte Sachets 8 pack</span></a> 
			</div>
			
				<div class="compareProd" role="presentation" aria-hidden="true">
					<a href="#" class="compare compare-add">Compare</a>
				</div>
			
				<a href="http://shop.coles.com.au/online/national/bondi-chai-tea-club-cinnamon-sachets" class="product-url accessibility">More details for Bondi Chai&nbsp;Club Cinnamon Chai Latte Sachets</a>
			
		</div>  
      

       	
		    <div role="presentation" aria-hidden="true" id="share" class="share" data-social="{productImgUrl:'http://shop.coles.com.au:27900/wcsstore/Coles-CAS/images/1/4/4/1440290-th.jpg'
	                                               ,productDisplayUrl:'http://shop.coles.com.au/online/national/bondi-chai-tea-club-cinnamon-sachets'
	                                               ,title:'Bondi Chai Club Cinnamon Chai Latte Sachets '
	                                               ,description:'Australia&amp;#039;s most awarded chai latte is now also one Australia&amp;#039;s four healthiest milk drinks*. A unique mix-with-milk pre-mix that&amp;#039;s silky-smooth and tastes superb.&nbsp; (*Healthy Food Guide Magazine Awards 2013).'}">
		 	</div>
 		
	</div>
</div>


	</form>
</div>


<span class="available hidden"></span>


<div class="outer-prod prodtile" data-refresh="{
					catalogId: &quot;10576&quot;,
					doInventory: &quot;N&quot;,
					fulfillmentCenterId: &quot;11576&quot;,
					forStoreId: &quot;10401&quot;,
					
					productDisplayURL: &quot;http://shop.coles.com.au/online/national/bonne-maman-jam-cherry&quot;				
			}">
	<form id="catEntryForm_50394" name="catEntryForm_50394" action="AjaxOrderChangeServiceItemAdd">
		
<div class=" " data-catentry="catEntry_50394" data-refresh="{
				addCalculationUsage: &quot;-1&quot;,
				langId: &quot;-1&quot;,
				storeId: &quot;10601&quot;, 
				catEntryId: &quot;50394&quot;, 
				catEntryName: &quot;Cherry Jam&quot;, 
				productView: &quot;list&quot;,
				productId: &quot;50394&quot;,
				itemId: &quot;115712&quot;,
				hideMultibuy: &quot;false&quot;,
                ticketType: &quot;&quot;,
                partNumber: &quot;8558200&quot;,
                offerCode: &quot;20150107&quot;
		}">
   	<div class="wrapper clearfix">   	
		

<h4 class="accessibility" id="heading_50394" tabindex="-1">
		Bonne Maman&nbsp;Cherry Jam&nbsp;
		370g&nbsp;
		 
</h4> 

<div class="offer-icon"></div>
<a role="presentation" aria-hidden="true" class="product-url" href="http://shop.coles.com.au/online/national/bonne-maman-jam-cherry">
	    <img role="presentation" aria-hidden="true" class="photo" src="/wcsstore/Coles-CAS/images/8/5/5/8558200-th.jpg" onerror="this.src='/wcsstore/ColesStorefrontAssetStore/dist/e0a775baf05f/images/spacer.gif'" alt="Cherry Jam" width="110" height="110">
	</a>

<div class="detail">	
    <span role="presentation" aria-hidden="true" class="brand">Bonne Maman</span>
    <span class="item" role="presentation" aria-hidden="true">
        <a role="presentation" aria-hidden="true" class="product-url" href="http://shop.coles.com.au/online/national/bonne-maman-jam-cherry">
        	Cherry Jam&nbsp;
        	370g
        </a>
    </span>
	<span class="size">
			
 	</span>
</div>


	<div class="purchasing">	    
	    <div class="saving">
	    	
	    </div>
	   	
	    		<div class="price"><span class="accessibility">Purchase price </span><small>$</small>5.50</div>
	    	
	    <div class="unit-price"><span class="accessibility">Unit price </span>$1.49 per 100G</div>
	    <div class="special-offer">	    	
	    	
	    </div> 
	    <div class="availability">Temporarily unavailable</div>
	    <div class="purchase">
		
			<input type="number" title="Add Quantity for Bonne Maman Cherry Jam 370g" name="quantity" id="catEntry_50394_qty" value="1" maxlength="2" size="2" class="v-mandatory v-numeric v-minval-1">
	        <button role="button" type="submit" title="Add to trolley&nbsp;Bonne Maman Cherry Jam 370g" class="btn-red action-addToTrolley"><span role="presentation" aria-hidden="true">Add to trolley</span></button>
		
		</div>
	</div>
	<div class="lists">
		
	</div>


	    <div class="actions">
	        			
			   <div class="MUItemForTrolleyDiv MUItemForTrolley_115712" data-catentry="115712">
		         <div class="MUul_115712"><div class="MUli_115712 hidden" aria-hidden="true"><span class="inTrolley"><span class="MUSpan_115712">0</span> in trolley</span></div></div>
		       </div>
		        <p class="clear"></p>
			 
			<div class="member-usuals-remove">
				<a href="#" class="action-removeFromUsuals usuals-remove">Remove from list <span class="accessibility">Bonne Maman Cherry Jam 370g</span></a>			
			</div>
			
				<div class="list">
					<a href="#" class="action-addToList action-list-add">Add to list <span class="accessibility">Bonne Maman Cherry Jam 370g</span></a> 
				</div>
				<div class="member-list-add">
					<a href="#" class="action-addToList action-list-add">Add to another list <span class="accessibility">Bonne Maman Cherry Jam 370g</span></a>
				</div>
			
			<div class="member-list-remove">
				 <a href="#" class="action-removeFromList">Remove from list <span class="accessibility">Bonne Maman Cherry Jam 370g</span></a> 
			</div>
			
				<div class="compareProd" role="presentation" aria-hidden="true">
					<a href="#" class="compare compare-add">Compare</a>
				</div>
			
				<a href="http://shop.coles.com.au/online/national/bonne-maman-jam-cherry" class="product-url accessibility">More details for Bonne Maman&nbsp;Cherry Jam</a>
			
		</div>  
      

       	
		    <div role="presentation" aria-hidden="true" id="share" class="share" data-social="{productImgUrl:'http://shop.coles.com.au:27900/wcsstore/Coles-CAS/images/8/5/5/8558200-th.jpg'
	                                               ,productDisplayUrl:'http://shop.coles.com.au/online/national/bonne-maman-jam-cherry'
	                                               ,title:'Bonne Maman Cherry Jam '
	                                               ,description:''}">
		 	</div>
 		
	</div>
</div>


	</form>
</div>


<span class="available hidden"></span>


<div class="outer-prod prodtile" data-refresh="{
					catalogId: &quot;10576&quot;,
					doInventory: &quot;N&quot;,
					fulfillmentCenterId: &quot;11576&quot;,
					forStoreId: &quot;10401&quot;,
					
					productDisplayURL: &quot;http://shop.coles.com.au/online/national/bonne-maman-jam-blackberry&quot;				
			}">
	<form id="catEntryForm_57335" name="catEntryForm_57335" action="AjaxOrderChangeServiceItemAdd">
		
<div class=" " data-catentry="catEntry_57335" data-refresh="{
				addCalculationUsage: &quot;-1&quot;,
				langId: &quot;-1&quot;,
				storeId: &quot;10601&quot;, 
				catEntryId: &quot;57335&quot;, 
				catEntryName: &quot;Blackberry Jam&quot;, 
				productView: &quot;list&quot;,
				productId: &quot;57335&quot;,
				itemId: &quot;125760&quot;,
				hideMultibuy: &quot;false&quot;,
                ticketType: &quot;&quot;,
                partNumber: &quot;7797385&quot;,
                offerCode: &quot;20150107&quot;
		}">
   	<div class="wrapper clearfix">   	
		

<h4 class="accessibility" id="heading_57335" tabindex="-1">
		Bonne Maman&nbsp;Blackberry Jam&nbsp;
		370g&nbsp;
		 
</h4> 

<div class="offer-icon"></div>
<a role="presentation" aria-hidden="true" class="product-url" href="http://shop.coles.com.au/online/national/bonne-maman-jam-blackberry">
	    <img role="presentation" aria-hidden="true" class="photo" src="/wcsstore/Coles-CAS/images/7/7/9/7797385-th.jpg" onerror="this.src='/wcsstore/ColesStorefrontAssetStore/dist/e0a775baf05f/images/spacer.gif'" alt="Blackberry Jam" width="110" height="110">
	</a>

<div class="detail">	
    <span role="presentation" aria-hidden="true" class="brand">Bonne Maman</span>
    <span class="item" role="presentation" aria-hidden="true">
        <a role="presentation" aria-hidden="true" class="product-url" href="http://shop.coles.com.au/online/national/bonne-maman-jam-blackberry">
        	Blackberry Jam&nbsp;
        	370g
        </a>
    </span>
	<span class="size">
			
 	</span>
</div>


	<div class="purchasing">	    
	    <div class="saving">
	    	
	    </div>
	   	
	    		<div class="price"><span class="accessibility">Purchase price </span><small>$</small>5.50</div>
	    	
	    <div class="unit-price"><span class="accessibility">Unit price </span>$1.49 per 100G</div>
	    <div class="special-offer">	    	
	    	
	    </div> 
	    <div class="availability">Temporarily unavailable</div>
	    <div class="purchase">
		
			<input type="number" title="Add Quantity for Bonne Maman Blackberry Jam 370g" name="quantity" id="catEntry_57335_qty" value="1" maxlength="2" size="2" class="v-mandatory v-numeric v-minval-1">
	        <button role="button" type="submit" title="Add to trolley&nbsp;Bonne Maman Blackberry Jam 370g" class="btn-red action-addToTrolley"><span role="presentation" aria-hidden="true">Add to trolley</span></button>
		
		</div>
	</div>
	<div class="lists">
		
	</div>


	    <div class="actions">
	        			
			   <div class="MUItemForTrolleyDiv MUItemForTrolley_125760" data-catentry="125760">
		         <div class="MUul_125760"><div class="MUli_125760 hidden" aria-hidden="true"><span class="inTrolley"><span class="MUSpan_125760">0</span> in trolley</span></div></div>
		       </div>
		        <p class="clear"></p>
			 
			<div class="member-usuals-remove">
				<a href="#" class="action-removeFromUsuals usuals-remove">Remove from list <span class="accessibility">Bonne Maman Blackberry Jam 370g</span></a>			
			</div>
			
				<div class="list">
					<a href="#" class="action-addToList action-list-add">Add to list <span class="accessibility">Bonne Maman Blackberry Jam 370g</span></a> 
				</div>
				<div class="member-list-add">
					<a href="#" class="action-addToList action-list-add">Add to another list <span class="accessibility">Bonne Maman Blackberry Jam 370g</span></a>
				</div>
			
			<div class="member-list-remove">
				 <a href="#" class="action-removeFromList">Remove from list <span class="accessibility">Bonne Maman Blackberry Jam 370g</span></a> 
			</div>
			
				<div class="compareProd" role="presentation" aria-hidden="true">
					<a href="#" class="compare compare-add">Compare</a>
				</div>
			
				<a href="http://shop.coles.com.au/online/national/bonne-maman-jam-blackberry" class="product-url accessibility">More details for Bonne Maman&nbsp;Blackberry Jam</a>
			
		</div>  
      

       	
		    <div role="presentation" aria-hidden="true" id="share" class="share" data-social="{productImgUrl:'http://shop.coles.com.au:27900/wcsstore/Coles-CAS/images/7/7/9/7797385-th.jpg'
	                                               ,productDisplayUrl:'http://shop.coles.com.au/online/national/bonne-maman-jam-blackberry'
	                                               ,title:'Bonne Maman Blackberry Jam '
	                                               ,description:''}">
		 	</div>
 		
	</div>
</div>


	</form>
</div>


<span class="available hidden"></span>


<div class="outer-prod prodtile" data-refresh="{
					catalogId: &quot;10576&quot;,
					doInventory: &quot;N&quot;,
					fulfillmentCenterId: &quot;11576&quot;,
					forStoreId: &quot;10401&quot;,
					
					productDisplayURL: &quot;http://shop.coles.com.au/online/national/bonne-maman-jam-fig&quot;				
			}">
	<form id="catEntryForm_69908" name="catEntryForm_69908" action="AjaxOrderChangeServiceItemAdd">
		
<div class=" " data-catentry="catEntry_69908" data-refresh="{
				addCalculationUsage: &quot;-1&quot;,
				langId: &quot;-1&quot;,
				storeId: &quot;10601&quot;, 
				catEntryId: &quot;69908&quot;, 
				catEntryName: &quot;Fig Jam&quot;, 
				productView: &quot;list&quot;,
				productId: &quot;69908&quot;,
				itemId: &quot;132666&quot;,
				hideMultibuy: &quot;false&quot;,
                ticketType: &quot;&quot;,
                partNumber: &quot;7011800&quot;,
                offerCode: &quot;20150107&quot;
		}">
   	<div class="wrapper clearfix">   	
		

<h4 class="accessibility" id="heading_69908" tabindex="-1">
		Bonne Maman&nbsp;Fig Jam&nbsp;
		370g&nbsp;
		 
</h4> 

<div class="offer-icon"></div>
<a role="presentation" aria-hidden="true" class="product-url" href="http://shop.coles.com.au/online/national/bonne-maman-jam-fig">
	    <img role="presentation" aria-hidden="true" class="photo" src="/wcsstore/Coles-CAS/images/7/0/1/7011800-th.jpg" onerror="this.src='/wcsstore/ColesStorefrontAssetStore/dist/e0a775baf05f/images/spacer.gif'" alt="Fig Jam" width="110" height="110">
	</a>

<div class="detail">	
    <span role="presentation" aria-hidden="true" class="brand">Bonne Maman</span>
    <span class="item" role="presentation" aria-hidden="true">
        <a role="presentation" aria-hidden="true" class="product-url" href="http://shop.coles.com.au/online/national/bonne-maman-jam-fig">
        	Fig Jam&nbsp;
        	370g
        </a>
    </span>
	<span class="size">
			
 	</span>
</div>


	<div class="purchasing">	    
	    <div class="saving">
	    	
	    </div>
	   	
	    		<div class="price"><span class="accessibility">Purchase price </span><small>$</small>5.50</div>
	    	
	    <div class="unit-price"><span class="accessibility">Unit price </span>$1.49 per 100G</div>
	    <div class="special-offer">	    	
	    	
	    </div> 
	    <div class="availability">Temporarily unavailable</div>
	    <div class="purchase">
		
			<input type="number" title="Add Quantity for Bonne Maman Fig Jam 370g" name="quantity" id="catEntry_69908_qty" value="1" maxlength="2" size="2" class="v-mandatory v-numeric v-minval-1">
	        <button role="button" type="submit" title="Add to trolley&nbsp;Bonne Maman Fig Jam 370g" class="btn-red action-addToTrolley"><span role="presentation" aria-hidden="true">Add to trolley</span></button>
		
		</div>
	</div>
	<div class="lists">
		
	</div>


	    <div class="actions">
	        			
			   <div class="MUItemForTrolleyDiv MUItemForTrolley_132666" data-catentry="132666">
		         <div class="MUul_132666"><div class="MUli_132666 hidden" aria-hidden="true"><span class="inTrolley"><span class="MUSpan_132666">0</span> in trolley</span></div></div>
		       </div>
		        <p class="clear"></p>
			 
			<div class="member-usuals-remove">
				<a href="#" class="action-removeFromUsuals usuals-remove">Remove from list <span class="accessibility">Bonne Maman Fig Jam 370g</span></a>			
			</div>
			
				<div class="list">
					<a href="#" class="action-addToList action-list-add">Add to list <span class="accessibility">Bonne Maman Fig Jam 370g</span></a> 
				</div>
				<div class="member-list-add">
					<a href="#" class="action-addToList action-list-add">Add to another list <span class="accessibility">Bonne Maman Fig Jam 370g</span></a>
				</div>
			
			<div class="member-list-remove">
				 <a href="#" class="action-removeFromList">Remove from list <span class="accessibility">Bonne Maman Fig Jam 370g</span></a> 
			</div>
			
				<div class="compareProd" role="presentation" aria-hidden="true">
					<a href="#" class="compare compare-add">Compare</a>
				</div>
			
				<a href="http://shop.coles.com.au/online/national/bonne-maman-jam-fig" class="product-url accessibility">More details for Bonne Maman&nbsp;Fig Jam</a>
			
		</div>  
      

       	
		    <div role="presentation" aria-hidden="true" id="share" class="share" data-social="{productImgUrl:'http://shop.coles.com.au:27900/wcsstore/Coles-CAS/images/7/0/1/7011800-th.jpg'
	                                               ,productDisplayUrl:'http://shop.coles.com.au/online/national/bonne-maman-jam-fig'
	                                               ,title:'Bonne Maman Fig Jam '
	                                               ,description:''}">
		 	</div>
 		
	</div>
</div>


	</form>
</div>


<span class="available hidden"></span>


<div class="outer-prod prodtile" data-refresh="{
					catalogId: &quot;10576&quot;,
					doInventory: &quot;N&quot;,
					fulfillmentCenterId: &quot;11576&quot;,
					forStoreId: &quot;10401&quot;,
					
					productDisplayURL: &quot;http://shop.coles.com.au/online/national/bonne-maman-jam-orange-marmalade&quot;				
			}">
	<form id="catEntryForm_83564" name="catEntryForm_83564" action="AjaxOrderChangeServiceItemAdd">
		
<div class=" " data-catentry="catEntry_83564" data-refresh="{
				addCalculationUsage: &quot;-1&quot;,
				langId: &quot;-1&quot;,
				storeId: &quot;10601&quot;, 
				catEntryId: &quot;83564&quot;, 
				catEntryName: &quot;Orange Marmalade&quot;, 
				productView: &quot;list&quot;,
				productId: &quot;83564&quot;,
				itemId: &quot;145635&quot;,
				hideMultibuy: &quot;false&quot;,
                ticketType: &quot;&quot;,
                partNumber: &quot;5034236&quot;,
                offerCode: &quot;20150107&quot;
		}">
   	<div class="wrapper clearfix">   	
		

<h4 class="accessibility" id="heading_83564" tabindex="-1">
		Bonne Maman&nbsp;Orange Marmalade&nbsp;
		370g&nbsp;
		 
</h4> 

<div class="offer-icon"></div>
<a role="presentation" aria-hidden="true" class="product-url" href="http://shop.coles.com.au/online/national/bonne-maman-jam-orange-marmalade">
	    <img role="presentation" aria-hidden="true" class="photo" src="/wcsstore/Coles-CAS/images/5/0/3/5034236-th.jpg" onerror="this.src='/wcsstore/ColesStorefrontAssetStore/dist/e0a775baf05f/images/spacer.gif'" alt="Orange Marmalade" width="110" height="110">
	</a>

<div class="detail">	
    <span role="presentation" aria-hidden="true" class="brand">Bonne Maman</span>
    <span class="item" role="presentation" aria-hidden="true">
        <a role="presentation" aria-hidden="true" class="product-url" href="http://shop.coles.com.au/online/national/bonne-maman-jam-orange-marmalade">
        	Orange Marmalade&nbsp;
        	370g
        </a>
    </span>
	<span class="size">
			
 	</span>
</div>


	<div class="purchasing">	    
	    <div class="saving">
	    	
	    </div>
	   	
	    		<div class="price"><span class="accessibility">Purchase price </span><small>$</small>5.50</div>
	    	
	    <div class="unit-price"><span class="accessibility">Unit price </span>$1.49 per 100G</div>
	    <div class="special-offer">	    	
	    	
	    </div> 
	    <div class="availability">Temporarily unavailable</div>
	    <div class="purchase">
		
			<input type="number" title="Add Quantity for Bonne Maman Orange Marmalade 370g" name="quantity" id="catEntry_83564_qty" value="1" maxlength="2" size="2" class="v-mandatory v-numeric v-minval-1">
	        <button role="button" type="submit" title="Add to trolley&nbsp;Bonne Maman Orange Marmalade 370g" class="btn-red action-addToTrolley"><span role="presentation" aria-hidden="true">Add to trolley</span></button>
		
		</div>
	</div>
	<div class="lists">
		
	</div>


	    <div class="actions">
	        			
			   <div class="MUItemForTrolleyDiv MUItemForTrolley_145635" data-catentry="145635">
		         <div class="MUul_145635"><div class="MUli_145635 hidden" aria-hidden="true"><span class="inTrolley"><span class="MUSpan_145635">0</span> in trolley</span></div></div>
		       </div>
		        <p class="clear"></p>
			 
			<div class="member-usuals-remove">
				<a href="#" class="action-removeFromUsuals usuals-remove">Remove from list <span class="accessibility">Bonne Maman Orange Marmalade 370g</span></a>			
			</div>
			
				<div class="list">
					<a href="#" class="action-addToList action-list-add">Add to list <span class="accessibility">Bonne Maman Orange Marmalade 370g</span></a> 
				</div>
				<div class="member-list-add">
					<a href="#" class="action-addToList action-list-add">Add to another list <span class="accessibility">Bonne Maman Orange Marmalade 370g</span></a>
				</div>
			
			<div class="member-list-remove">
				 <a href="#" class="action-removeFromList">Remove from list <span class="accessibility">Bonne Maman Orange Marmalade 370g</span></a> 
			</div>
			
				<div class="compareProd" role="presentation" aria-hidden="true">
					<a href="#" class="compare compare-add">Compare</a>
				</div>
			
				<a href="http://shop.coles.com.au/online/national/bonne-maman-jam-orange-marmalade" class="product-url accessibility">More details for Bonne Maman&nbsp;Orange Marmalade</a>
			
		</div>  
      

       	
		    <div role="presentation" aria-hidden="true" id="share" class="share" data-social="{productImgUrl:'http://shop.coles.com.au:27900/wcsstore/Coles-CAS/images/5/0/3/5034236-th.jpg'
	                                               ,productDisplayUrl:'http://shop.coles.com.au/online/national/bonne-maman-jam-orange-marmalade'
	                                               ,title:'Bonne Maman Orange Marmalade '
	                                               ,description:''}">
		 	</div>
 		
	</div>
</div>


	</form>
</div>


<span class="available hidden"></span>


<div class="outer-prod prodtile" data-refresh="{
					catalogId: &quot;10576&quot;,
					doInventory: &quot;N&quot;,
					fulfillmentCenterId: &quot;11576&quot;,
					forStoreId: &quot;10401&quot;,
					
					productDisplayURL: &quot;http://shop.coles.com.au/online/national/bonvit-psyllium-husks&quot;				
			}">
	<form id="catEntryForm_93153" name="catEntryForm_93153" action="AjaxOrderChangeServiceItemAdd">
		
<div class=" " data-catentry="catEntry_93153" data-refresh="{
				addCalculationUsage: &quot;-1&quot;,
				langId: &quot;-1&quot;,
				storeId: &quot;10601&quot;, 
				catEntryId: &quot;93153&quot;, 
				catEntryName: &quot;Psyllium Husks&quot;, 
				productView: &quot;list&quot;,
				productId: &quot;93153&quot;,
				itemId: &quot;158398&quot;,
				hideMultibuy: &quot;false&quot;,
                ticketType: &quot;&quot;,
                partNumber: &quot;9778360&quot;,
                offerCode: &quot;20140320&quot;
		}">
   	<div class="wrapper clearfix">   	
		

<h4 class="accessibility" id="heading_93153" tabindex="-1">
		Bonvit&nbsp;Psyllium Husks&nbsp;
		500g&nbsp;
		 
</h4> 

<div class="offer-icon"></div>
<a role="presentation" aria-hidden="true" class="product-url" href="http://shop.coles.com.au/online/national/bonvit-psyllium-husks">
	    <img role="presentation" aria-hidden="true" class="photo" src="/wcsstore/Coles-CAS/images/9/7/7/9778360-th.jpg" onerror="this.src='/wcsstore/ColesStorefrontAssetStore/dist/e0a775baf05f/images/spacer.gif'" alt="Psyllium Husks" width="110" height="110">
	</a>

<div class="detail">	
    <span role="presentation" aria-hidden="true" class="brand">Bonvit</span>
    <span class="item" role="presentation" aria-hidden="true">
        <a role="presentation" aria-hidden="true" class="product-url" href="http://shop.coles.com.au/online/national/bonvit-psyllium-husks">
        	Psyllium Husks&nbsp;
        	500g
        </a>
    </span>
	<span class="size">
			
 	</span>
</div>


	<div class="purchasing">	    
	    <div class="saving">
	    	
	    </div>
	   	
	    		<div class="price"><span class="accessibility">Purchase price </span><small>$</small>11.17</div>
	    	
	    <div class="unit-price"><span class="accessibility">Unit price </span>$2.23 per 100G</div>
	    <div class="special-offer">	    	
	    	
	    </div> 
	    <div class="availability">Temporarily unavailable</div>
	    <div class="purchase">
		
			<input type="number" title="Add Quantity for Bonvit Psyllium Husks 500g" name="quantity" id="catEntry_93153_qty" value="1" maxlength="2" size="2" class="v-mandatory v-numeric v-minval-1">
	        <button role="button" type="submit" title="Add to trolley&nbsp;Bonvit Psyllium Husks 500g" class="btn-red action-addToTrolley"><span role="presentation" aria-hidden="true">Add to trolley</span></button>
		
		</div>
	</div>
	<div class="lists">
		
	</div>


	    <div class="actions">
	        			
			   <div class="MUItemForTrolleyDiv MUItemForTrolley_158398" data-catentry="158398">
		         <div class="MUul_158398"><div class="MUli_158398 hidden" aria-hidden="true"><span class="inTrolley"><span class="MUSpan_158398">0</span> in trolley</span></div></div>
		       </div>
		        <p class="clear"></p>
			 
			<div class="member-usuals-remove">
				<a href="#" class="action-removeFromUsuals usuals-remove">Remove from list <span class="accessibility">Bonvit Psyllium Husks 500g</span></a>			
			</div>
			
				<div class="list">
					<a href="#" class="action-addToList action-list-add">Add to list <span class="accessibility">Bonvit Psyllium Husks 500g</span></a> 
				</div>
				<div class="member-list-add">
					<a href="#" class="action-addToList action-list-add">Add to another list <span class="accessibility">Bonvit Psyllium Husks 500g</span></a>
				</div>
			
			<div class="member-list-remove">
				 <a href="#" class="action-removeFromList">Remove from list <span class="accessibility">Bonvit Psyllium Husks 500g</span></a> 
			</div>
			
				<div class="compareProd" role="presentation" aria-hidden="true">
					<a href="#" class="compare compare-add">Compare</a>
				</div>
			
				<a href="http://shop.coles.com.au/online/national/bonvit-psyllium-husks" class="product-url accessibility">More details for Bonvit&nbsp;Psyllium Husks</a>
			
		</div>  
      

       	
		    <div role="presentation" aria-hidden="true" id="share" class="share" data-social="{productImgUrl:'http://shop.coles.com.au:27900/wcsstore/Coles-CAS/images/9/7/7/9778360-th.jpg'
	                                               ,productDisplayUrl:'http://shop.coles.com.au/online/national/bonvit-psyllium-husks'
	                                               ,title:'Bonvit Psyllium Husks '
	                                               ,description:''}">
		 	</div>
 		
	</div>
</div>


	</form>
</div>


<span class="available hidden"></span>


<div class="outer-prod prodtile" data-refresh="{
					catalogId: &quot;10576&quot;,
					doInventory: &quot;N&quot;,
					fulfillmentCenterId: &quot;11576&quot;,
					forStoreId: &quot;10401&quot;,
					
					productDisplayURL: &quot;http://shop.coles.com.au/online/national/bounce-cacao-mint-protein-balls&quot;				
			}">
	<form id="catEntryForm_382124" name="catEntryForm_382124" action="AjaxOrderChangeServiceItemAdd">
		
<div class=" " data-catentry="catEntry_382124" data-refresh="{
				addCalculationUsage: &quot;-1&quot;,
				langId: &quot;-1&quot;,
				storeId: &quot;10601&quot;, 
				catEntryId: &quot;382124&quot;, 
				catEntryName: &quot;Cacao Mint Protein Balls&quot;, 
				productView: &quot;list&quot;,
				productId: &quot;382124&quot;,
				itemId: &quot;382291&quot;,
				hideMultibuy: &quot;false&quot;,
                ticketType: &quot;&quot;,
                partNumber: &quot;1838435&quot;,
                offerCode: &quot;20131002&quot;
		}">
   	<div class="wrapper clearfix">   	
		

<h4 class="accessibility" id="heading_382124" tabindex="-1">
		Bounce&nbsp;Cacao Mint Protein Balls&nbsp;
		40g&nbsp;
		 
</h4> 

<div class="offer-icon"></div>
<a role="presentation" aria-hidden="true" class="product-url" href="http://shop.coles.com.au/online/national/bounce-cacao-mint-protein-balls">
	    <img role="presentation" aria-hidden="true" class="photo" src="/wcsstore/Coles-CAS/images/1/8/3/1838435-th.jpg" onerror="this.src='/wcsstore/ColesStorefrontAssetStore/dist/e0a775baf05f/images/spacer.gif'" alt="Cacao Mint Protein Balls" width="110" height="110">
	</a>

<div class="detail">	
    <span role="presentation" aria-hidden="true" class="brand">Bounce</span>
    <span class="item" role="presentation" aria-hidden="true">
        <a role="presentation" aria-hidden="true" class="product-url" href="http://shop.coles.com.au/online/national/bounce-cacao-mint-protein-balls">
        	Cacao Mint Protein Balls&nbsp;
        	40g
        </a>
    </span>
	<span class="size">
			
 	</span>
</div>


	<div class="purchasing">	    
	    <div class="saving">
	    	
	    </div>
	   	
	    		<div class="price"><span class="accessibility">Purchase price </span><small>$</small>3.62</div>
	    	
	    <div class="unit-price"><span class="accessibility">Unit price </span>$9.05 per 100G</div>
	    <div class="special-offer">	    	
	    	
	    </div> 
	    <div class="availability">Temporarily unavailable</div>
	    <div class="purchase">
		
			<input type="number" title="Add Quantity for Bounce Cacao Mint Protein Balls 40g" name="quantity" id="catEntry_382124_qty" value="1" maxlength="2" size="2" class="v-mandatory v-numeric v-minval-1">
	        <button role="button" type="submit" title="Add to trolley&nbsp;Bounce Cacao Mint Protein Balls 40g" class="btn-red action-addToTrolley"><span role="presentation" aria-hidden="true">Add to trolley</span></button>
		
		</div>
	</div>
	<div class="lists">
		
	</div>


	    <div class="actions">
	        			
			   <div class="MUItemForTrolleyDiv MUItemForTrolley_382291" data-catentry="382291">
		         <div class="MUul_382291"><div class="MUli_382291 hidden" aria-hidden="true"><span class="inTrolley"><span class="MUSpan_382291">0</span> in trolley</span></div></div>
		       </div>
		        <p class="clear"></p>
			 
			<div class="member-usuals-remove">
				<a href="#" class="action-removeFromUsuals usuals-remove">Remove from list <span class="accessibility">Bounce Cacao Mint Protein Balls 40g</span></a>			
			</div>
			
				<div class="list">
					<a href="#" class="action-addToList action-list-add">Add to list <span class="accessibility">Bounce Cacao Mint Protein Balls 40g</span></a> 
				</div>
				<div class="member-list-add">
					<a href="#" class="action-addToList action-list-add">Add to another list <span class="accessibility">Bounce Cacao Mint Protein Balls 40g</span></a>
				</div>
			
			<div class="member-list-remove">
				 <a href="#" class="action-removeFromList">Remove from list <span class="accessibility">Bounce Cacao Mint Protein Balls 40g</span></a> 
			</div>
			
				<div class="compareProd" role="presentation" aria-hidden="true">
					<a href="#" class="compare compare-add">Compare</a>
				</div>
			
				<a href="http://shop.coles.com.au/online/national/bounce-cacao-mint-protein-balls" class="product-url accessibility">More details for Bounce&nbsp;Cacao Mint Protein Balls</a>
			
		</div>  
      

       	
		    <div role="presentation" aria-hidden="true" id="share" class="share" data-social="{productImgUrl:'http://shop.coles.com.au:27900/wcsstore/Coles-CAS/images/1/8/3/1838435-th.jpg'
	                                               ,productDisplayUrl:'http://shop.coles.com.au/online/national/bounce-cacao-mint-protein-balls'
	                                               ,title:'Bounce Cacao Mint Protein Balls '
	                                               ,description:''}">
		 	</div>
 		
	</div>
</div>


	</form>
</div>


<span class="available hidden"></span>


<div class="outer-prod prodtile" data-refresh="{
					catalogId: &quot;10576&quot;,
					doInventory: &quot;N&quot;,
					fulfillmentCenterId: &quot;11576&quot;,
					forStoreId: &quot;10401&quot;,
					
					productDisplayURL: &quot;http://shop.coles.com.au/online/national/bovril-vegetable-extract&quot;				
			}">
	<form id="catEntryForm_91136" name="catEntryForm_91136" action="AjaxOrderChangeServiceItemAdd">
		
<div class=" " data-catentry="catEntry_91136" data-refresh="{
				addCalculationUsage: &quot;-1&quot;,
				langId: &quot;-1&quot;,
				storeId: &quot;10601&quot;, 
				catEntryId: &quot;91136&quot;, 
				catEntryName: &quot;Vegetable Extract&quot;, 
				productView: &quot;list&quot;,
				productId: &quot;91136&quot;,
				itemId: &quot;162438&quot;,
				hideMultibuy: &quot;false&quot;,
                ticketType: &quot;&quot;,
                partNumber: &quot;9506042&quot;,
                offerCode: &quot;20141202&quot;
		}">
   	<div class="wrapper clearfix">   	
		

<h4 class="accessibility" id="heading_91136" tabindex="-1">
		Bovril&nbsp;Vegetable Extract&nbsp;
		125g&nbsp;
		 
</h4> 

<div class="offer-icon"></div>
<a role="presentation" aria-hidden="true" class="product-url" href="http://shop.coles.com.au/online/national/bovril-vegetable-extract">
	    <img role="presentation" aria-hidden="true" class="photo" src="/wcsstore/Coles-CAS/images/9/5/0/9506042-th.jpg" onerror="this.src='/wcsstore/ColesStorefrontAssetStore/dist/e0a775baf05f/images/spacer.gif'" alt="Vegetable Extract" width="110" height="110">
	</a>

<div class="detail">	
    <span role="presentation" aria-hidden="true" class="brand">Bovril</span>
    <span class="item" role="presentation" aria-hidden="true">
        <a role="presentation" aria-hidden="true" class="product-url" href="http://shop.coles.com.au/online/national/bovril-vegetable-extract">
        	Vegetable Extract&nbsp;
        	125g
        </a>
    </span>
	<span class="size">
			
 	</span>
</div>


	<div class="purchasing">	    
	    <div class="saving">
	    	
	    </div>
	   	
	    		<div class="price"><span class="accessibility">Purchase price </span><small>$</small>5.71</div>
	    	
	    <div class="unit-price"><span class="accessibility">Unit price </span>$4.57 per 100G</div>
	    <div class="special-offer">	    	
	    	
	    </div> 
	    <div class="availability">Temporarily unavailable</div>
	    <div class="purchase">
		
			<input type="number" title="Add Quantity for Bovril Vegetable Extract 125g" name="quantity" id="catEntry_91136_qty" value="1" maxlength="2" size="2" class="v-mandatory v-numeric v-minval-1">
	        <button role="button" type="submit" title="Add to trolley&nbsp;Bovril Vegetable Extract 125g" class="btn-red action-addToTrolley"><span role="presentation" aria-hidden="true">Add to trolley</span></button>
		
		</div>
	</div>
	<div class="lists">
		
	</div>


	    <div class="actions">
	        			
			   <div class="MUItemForTrolleyDiv MUItemForTrolley_162438" data-catentry="162438">
		         <div class="MUul_162438"><div class="MUli_162438 hidden" aria-hidden="true"><span class="inTrolley"><span class="MUSpan_162438">0</span> in trolley</span></div></div>
		       </div>
		        <p class="clear"></p>
			 
			<div class="member-usuals-remove">
				<a href="#" class="action-removeFromUsuals usuals-remove">Remove from list <span class="accessibility">Bovril Vegetable Extract 125g</span></a>			
			</div>
			
				<div class="list">
					<a href="#" class="action-addToList action-list-add">Add to list <span class="accessibility">Bovril Vegetable Extract 125g</span></a> 
				</div>
				<div class="member-list-add">
					<a href="#" class="action-addToList action-list-add">Add to another list <span class="accessibility">Bovril Vegetable Extract 125g</span></a>
				</div>
			
			<div class="member-list-remove">
				 <a href="#" class="action-removeFromList">Remove from list <span class="accessibility">Bovril Vegetable Extract 125g</span></a> 
			</div>
			
				<div class="compareProd" role="presentation" aria-hidden="true">
					<a href="#" class="compare compare-add">Compare</a>
				</div>
			
				<a href="http://shop.coles.com.au/online/national/bovril-vegetable-extract" class="product-url accessibility">More details for Bovril&nbsp;Vegetable Extract</a>
			
		</div>  
      

       	
		    <div role="presentation" aria-hidden="true" id="share" class="share" data-social="{productImgUrl:'http://shop.coles.com.au:27900/wcsstore/Coles-CAS/images/9/5/0/9506042-th.jpg'
	                                               ,productDisplayUrl:'http://shop.coles.com.au/online/national/bovril-vegetable-extract'
	                                               ,title:'Bovril Vegetable Extract  '
	                                               ,description:''}">
		 	</div>
 		
	</div>
</div>


	</form>
</div>


<span class="available hidden"></span>


<div class="outer-prod prodtile" data-refresh="{
					catalogId: &quot;10576&quot;,
					doInventory: &quot;N&quot;,
					fulfillmentCenterId: &quot;11576&quot;,
					forStoreId: &quot;10401&quot;,
					
					productDisplayURL: &quot;http://shop.coles.com.au/online/national/brunswick-seafood-snacks-kippered&quot;				
			}">
	<form id="catEntryForm_99574" name="catEntryForm_99574" action="AjaxOrderChangeServiceItemAdd">
		
<div class=" " data-catentry="catEntry_99574" data-refresh="{
				addCalculationUsage: &quot;-1&quot;,
				langId: &quot;-1&quot;,
				storeId: &quot;10601&quot;, 
				catEntryId: &quot;99574&quot;, 
				catEntryName: &quot;Kippered Seafood Snacks&quot;, 
				productView: &quot;list&quot;,
				productId: &quot;99574&quot;,
				itemId: &quot;160266&quot;,
				hideMultibuy: &quot;false&quot;,
                ticketType: &quot;&quot;,
                partNumber: &quot;9141260&quot;,
                offerCode: &quot;20140320&quot;
		}">
   	<div class="wrapper clearfix">   	
		

<h4 class="accessibility" id="heading_99574" tabindex="-1">
		Brunswick&nbsp;Kippered Seafood Snacks&nbsp;
		100g&nbsp;
		 
</h4> 

<div class="offer-icon"></div>
<a role="presentation" aria-hidden="true" class="product-url" href="http://shop.coles.com.au/online/national/brunswick-seafood-snacks-kippered">
	    <img role="presentation" aria-hidden="true" class="photo" src="/wcsstore/Coles-CAS/images/9/1/4/9141260-th.jpg" onerror="this.src='/wcsstore/ColesStorefrontAssetStore/dist/e0a775baf05f/images/spacer.gif'" alt="Kippered Seafood Snacks" width="110" height="110">
	</a>

<div class="detail">	
    <span role="presentation" aria-hidden="true" class="brand">Brunswick</span>
    <span class="item" role="presentation" aria-hidden="true">
        <a role="presentation" aria-hidden="true" class="product-url" href="http://shop.coles.com.au/online/national/brunswick-seafood-snacks-kippered">
        	Kippered Seafood Snacks&nbsp;
        	100g
        </a>
    </span>
	<span class="size">
			
 	</span>
</div>


	<div class="purchasing">	    
	    <div class="saving">
	    	
	    </div>
	   	
	    		<div class="price"><span class="accessibility">Purchase price </span><small>$</small>2.11</div>
	    	
	    <div class="unit-price"><span class="accessibility">Unit price </span>$21.10 per 1Kg</div>
	    <div class="special-offer">	    	
	    	
	    </div> 
	    <div class="availability">Temporarily unavailable</div>
	    <div class="purchase">
		
			<input type="number" title="Add Quantity for Brunswick Kippered Seafood Snacks 100g" name="quantity" id="catEntry_99574_qty" value="1" maxlength="2" size="2" class="v-mandatory v-numeric v-minval-1">
	        <button role="button" type="submit" title="Add to trolley&nbsp;Brunswick Kippered Seafood Snacks 100g" class="btn-red action-addToTrolley"><span role="presentation" aria-hidden="true">Add to trolley</span></button>
		
		</div>
	</div>
	<div class="lists">
		
	</div>


	    <div class="actions">
	        			
			   <div class="MUItemForTrolleyDiv MUItemForTrolley_160266" data-catentry="160266">
		         <div class="MUul_160266"><div class="MUli_160266 hidden" aria-hidden="true"><span class="inTrolley"><span class="MUSpan_160266">0</span> in trolley</span></div></div>
		       </div>
		        <p class="clear"></p>
			 
			<div class="member-usuals-remove">
				<a href="#" class="action-removeFromUsuals usuals-remove">Remove from list <span class="accessibility">Brunswick Kippered Seafood Snacks 100g</span></a>			
			</div>
			
				<div class="list">
					<a href="#" class="action-addToList action-list-add">Add to list <span class="accessibility">Brunswick Kippered Seafood Snacks 100g</span></a> 
				</div>
				<div class="member-list-add">
					<a href="#" class="action-addToList action-list-add">Add to another list <span class="accessibility">Brunswick Kippered Seafood Snacks 100g</span></a>
				</div>
			
			<div class="member-list-remove">
				 <a href="#" class="action-removeFromList">Remove from list <span class="accessibility">Brunswick Kippered Seafood Snacks 100g</span></a> 
			</div>
			
				<div class="compareProd" role="presentation" aria-hidden="true">
					<a href="#" class="compare compare-add">Compare</a>
				</div>
			
				<a href="http://shop.coles.com.au/online/national/brunswick-seafood-snacks-kippered" class="product-url accessibility">More details for Brunswick&nbsp;Kippered Seafood Snacks</a>
			
		</div>  
      

       	
		    <div role="presentation" aria-hidden="true" id="share" class="share" data-social="{productImgUrl:'http://shop.coles.com.au:27900/wcsstore/Coles-CAS/images/9/1/4/9141260-th.jpg'
	                                               ,productDisplayUrl:'http://shop.coles.com.au/online/national/brunswick-seafood-snacks-kippered'
	                                               ,title:'Brunswick Kippered Seafood Snacks '
	                                               ,description:'Boneless Herring Fillets a high in protein seafood snacks.'}">
		 	</div>
 		
	</div>
</div>


	</form>
</div>

    </div>
    <form id="analytics-data-search-navigation" name="analytics-data-search-navigation" method="post" action="" class="hidden" aria-hidden="true">
<input type="hidden" name="WT.z_adevent" value="view">
<input type="hidden" name="WT.z_ad" value="center-top-CAT_All_Product_1">
</form>

<div class="pagination clearfix">
<form class="selector" id="frmResults" action="" method="post"><label for="resultsPerPage">Results per page</label> <select id="resultsPerPage" name="resultsPerPage">
    <option value="20">20</option>
    <option value="40">40</option>
    <option selected="selected" value="100">100</option>
</select></form>


    <ul class="navigator">
        
        	<li class="prev"><a role="button" href="#pageNumber=40&amp;currentPageSize=100" data-beginindex="3900" title="Back to the previous page of results" class="btn-aqua action-change-page">← Previous</a></li>
        
                    <li><a role="button" href="#pageNumber=39&amp;currentPageSize=100" data-beginindex="3800" title="Navigate to result page 39" class="btn-aqua action-change-page">39</a></li>
                
                    <li><a role="button" href="#pageNumber=40&amp;currentPageSize=100" data-beginindex="3900" title="Navigate to result page 40" class="btn-aqua action-change-page">40</a></li>
                
                    <li class="current"><span class="btn-transparent">41</span></li>
                
                    <li><a role="button" href="#pageNumber=42&amp;currentPageSize=100" data-beginindex="4100" title="Navigate to result page 42" class="btn-aqua action-change-page">42</a></li>
                
                    <li><a role="button" href="#pageNumber=43&amp;currentPageSize=100" data-beginindex="4200" title="Navigate to result page 43" class="btn-aqua action-change-page">43</a></li>
                
        	<li class="next"><a role="button" href="#pageNumber=42&amp;currentPageSize=100" data-beginindex="4100" title="Next page of results" class="btn-aqua action-change-page">Next →</a></li>
        
    </ul>
</div>

</div>

			</div>
		
		<div class="localisation-disclaimer msg-warning">
			Can’t find what you’re looking for? You may not be seeing what’s available in your local store. <a href="#localisation" class="popup-launch" title="Tell us your location to see your local range">Tell us your location to see your local range</a>
		</div>
	<form id="analytics-data-browse" name="analytics-data-browse" method="post" action="" class="hidden" aria-hidden="true">
<input type="hidden" name="WT.z_facet" value="">
<input type="hidden" name="WT.cg_n" value="Browse">
<input type="hidden" name="WT.z_viewtype" value="list">
<input type="hidden" name="WT.cg_s" value="">
</form> 
</div>
		
				</div>
				
<input type="hidden" name="environmentKey" value="PRODL">


<div class="espot hidden">
	

<div data-analytics="center-middle" class="genericESpot" id="WC_ContentAreaESpot_div_1_52701" style="width: 950px; min-height: 0px; ">
	
	    <p class="caption" style="display:none" id="WC_ContentAreaESpot_div_2_52701">[FOOTER_All_Content_2]</p>   
	
            <div class="ad" id="ad_52701">
        <script type="text/javascript">
// Catalogue eSpot Tag v1.631 12-Dec-14
//

(function (active) {
    var analytics = {
        d: {'inline': false},
        log: function (message, o) {
            window.console && console.log('eSpot analytics: ', message, (o == undefined ? '' : o));
        },
        ga_initialised: false,
        ga: function (d) {
            var opts = {}, c_opts = {}, event_only = false;

 			if (d.user_id) {
 				c_opts['userId'] = d.user_id;
 				opts['dimension19'] = d.user_id;
 			}
				
			if (!analytics.ga_initalised) {
				ga('create', 'UA-29884571-2', (location.hostname.match(/coles\.com\.au$/i)==null ? '' : 'coles.com.au'), c_opts);
				ga('require', 'displayfeatures');
				ga('require', 'ec', 'ec.js');
				analytics.ga_initalised = true;
			}
			
            if (d.page)
                opts['page'] = d.page;

			if (d.init_ohc){
                opts['dimension12'] = 0;
                opts['dimension14'] = 'New';
			}
			            
            if (d.localisation) {
                ga('send', 'event', 'Localisation', d.localisation, location.pathname);
            }

			// Internal Campaign Click Tracking
            if (d.int_campaign_c) {
				ga('ec:addPromo', {
					'id': d.int_campaign_c,
					'name': d.int_campaign_c,
					'creative': '',
					'position': d.catalog ? d.catalog : ''
				});
				ga('ec:setAction', 'promo_click');
                ga('send', 'event', 'Internal Promotion', 'Click', d.catalog ? d.catalog : '');
                if (!d.inline)
                	event_only = true;
			}
 			// Internal Campaign Impression Tracking
			if (d.int_campaign_i) {
				dojo.forEach(d.int_campaign_i, function (e) {
					ga('ec:addPromo', {
						'id': e['name'],
						'name': e['name'],
						'creative': '',
						'position': e['pos']
					});
				});
            }
            
            // Custom dimensions
            if (d.cust) {
				var labels = ['cust', 'state', 'region', null, 'fcntr', 'flybuys'];
				for (i = 0; i < labels.length; i++) {
					if (labels[i])
						opts['dimension' + (i + 3)] = d[labels[i]];
				}
			}
			            
            if (d.registration_event) {
                ga('send', 'event', 'Registration', d.registration_event, opts);
                opts['page'] = '/register/success/' + d.registration_event
            }

            if (d.login_event)
                ga('send', 'event', 'Log In', d.login_event, opts);

            // External campaign tracking via WT.mc_id   
            if (d.ext_campaign_id) {
                var c = d.ext_campaign_id.split('_');
                var ga_cd = ['campaignName', 'campaignMedium', 'campaignSource', 'campaignContent', 'campaignKeyword'];
                dojo.forEach(d.ext_campaign_id.split('_'), function (v, i) {
                    ga('set', ga_cd[i], v);
                });
                ga('set', 'campaignId', d.ext_campaign_id);
            }

            // Product Details View
            if (d.product_details) {
	            ga('ec:addProduct', d.product_details);
				ga('ec:setAction', 'detail');
            }

            // Javascript Exception Tracking
            if (d.exception) {
                ga('send', 'event', 'JavaScript', 'Analytics eSpot Exception', d.exception);
                event_only = true;
            }
            
            // Aisle/Search Tracking
            if (d.catalog)
                opts['dimension11'] = d.catalog.replace(/_/g, ' > ');

            // Product Promotion Tracking
            if (d.promo && (d.event==null || d.event.match(/page_load|onclicking_Tab/))) {
            	limit = 0;
				for(i in d.promo) {
					var p = d.promo[i];
					limit++;
					if (p['promotion'] && limit<41) {
						ga('ec:addImpression', {
							'id': p['sku'],
							'name': p['name'],
							'brand': p['brand'],
							'position': p['position'],
							'list': d.promo.presentation ? analytics.utils.format_promo(p, d.promo.presentation)[0] : p['category']
						});
					}
				}
				if (d.event && d.event.match(/page_load|onclicking_Tab/)) {
					event_only = true;
					ga('send', 'event', 'Product Promotion', 'Impression', 'Upsell', opts);
				}
            }

			// Add to Cart
			if (d.event && d.event.match(/add-to-cart|add-to-trolley/)) {
				var label = ''; value = 0
				if (d.catalog) {
					ga('set', {'dimension11': d.catalog.replace(/_/g, ' > '), 'metric2': 1});			
					label = 'List';
					value = d.rank;
				}
				if (d.promo) {
					ga('ec:addProduct',{ 
						'id': d.promo['sku'], 
						'name': d.promo['name'], 
						'brand': d.promo['brand'],
						'position':d.promo['position']
					});
					ga('ec:setAction', 'add', {'list': d.promo['category']});
					label = 'Promotion';
				}
				if (d.product_details) 
					label = 'Product Details';
				if (d.search) 
					label = 'Search';
				if (d.my_usuals)
					label = 'My Usuals';
				if (d.my_orders)
					label = 'My Orders';	
				ga('send', 'event', 'Trolley', 'Add to Cart', label, value);
				event_only = true;
			}
			
			// Refunds
			if (d.refund) {
				ga('ec:setAction', 'refund', {'id': d.refund});				
				ga('send', 'event', 'Order', d.operation, d.reason);
				event_only = true;
			}
			
			// Check if user seen the spend stretch banner
			if (d.offer){
				opts['dimension20'] = d.offer;
			}

            if (!event_only) {
            	if (location.href.match(/[a-zA-Z0-9_.+-]+(@|%40)[a-zA-Z0-9-]+\.[a-zA-Z0-9-.]+/i)){
            		opts['page'] = location.pathname;
            	}	
	  	 		ga('send', 'pageview', opts);
	  	 	} 
        },
		wt_deferred_count: 8,
        wt_deferred_track: function(args){
        	// Caters for Webtrends object not being available
        	if (analytics.wt_deferred_count<1) return;
			if (typeof(Webtrends)=='undefined') {
				analytics.log('Attempt: '+analytics.wt_deferred_count)
				analytics.wt_deferred_count--;
				setTimeout(function(){analytics.wt_deferred_track(args);}, 1000);
			} else {
	            Webtrends.multiTrack(args);
	        }
        },
        wt: function (d) {
            var args = {'WT.dl': 50};
			var send_data = false;
			
            // Login
            if (d.login_event) {
				args['WT.z_signon'] = 'standard';
				send_data = true;					
			}

            // Add to Cart
            if (d.event == 'add-to-cart') {
				if (d.promo) {
					args['WT.z_promo'] = analytics.utils.format_promo(d.promo).join('|');
					args['WT.z_promo_event'] = 'add-to-cart';
					send_data = true;					
				}
				if (d.catalog) {
					args['WT.z_aisle'] = d.catalog;
					args['WT.z_aisle_event'] = 'add-to-cart';
					args['WT.z_aisle_item_rank'] = d.rank;
					send_data = true;					
				}
            }
            // Internal Campaign Impression Tracking 
            if  (d.int_campaign_i) {
                if (d.int_campaign_i && d.int_campaign_i.length > 0) {
                    args['WT.z_ic'] = [];
                    dojo.forEach(d.int_campaign_i, function(e) {
                        args['WT.z_ic'].push(e['name']);
                    });
                    args['WT.z_ic'] = args['WT.z_ic'].join(';');
                    args['WT.z_ic_event'] = 'impression';
					send_data = true;					
                }
            }
            
            // Internal Campaign Click Tracking
            if (d.int_campaign_c && !d.inline) {
				args['WT.z_ic'] = d.int_campaign_c;
				args['WT.z_ic_event'] = 'click';
				send_data = true;
            }
			
			// Promotions
			if (d.event && d.promo && d.event.match(/page_load|add-to-trolley|onclicking_Tab/)) {
				args['WT.z_promo_event'] = d.event=='add-to-trolley' ? 'add-to-cart': 'impression';
				var v = [];
                for (x in d.promo) {
					if (d.promo[x]['promotion']) {
						var dim = analytics.utils.format_promo(d.promo[x], d.promo['presentation']).join('|');
	                    v.push(dim);
						if (args['WT.z_promo_event']=='add-to-cart')
							analytics.utils.record_sku_cookie(dim);
					}
                }
				args['WT.z_promo'] = v.join(';');
				send_data = true;
			}
            
			if (send_data) {
				if (typeof(Webtrends)=='undefined') {
					analytics.wt_deferred_count = 8;
					setTimeout(function(){analytics.wt_deferred_track({args: args});}, 2000);
				} else {
					Webtrends.multiTrack({args: args});
				}
			}
        },
        fb: function(d){
        	var id, adid, send_data=false;
        	if (d.homepage) {
        		id = '502757';
        		adid = '125283';
        		send_data = true;
        	}
        	
        	if (send_data) {
				var img = new Image(1, 1);
				img.src = '//pixel.mathtag.com/event/img?mt_id='+id+'&mt_adid='+adid+'&v1=&v2=&v3=&s1=&s2=&s3='
			}
        },
        rm: function(d){
            if (d.registration_event || d.login_event) {
				require(["dojo/io/script"], function(script){
					var deferred = script.get({'url': '//www.googleadservices.com/pagead/conversion_async.js'});
					deferred.then(function(){
						window.google_trackConversion({
						  google_conversion_id: 1066356933, 
						  google_custom_params: {},
						  google_remarketing_only: true
						});				
					});
				});
			}
        },
        si: function(d){
        	var codes = {'PRODL':	'si-7-12', 
        				'PRODS':	'si-7-48',
        				'SVTL': 	'si-7-47',
        				'SVTS':		'si-7-43',
        				'SITL': 	'si-7-45',
        				'SIT': 		'si-7-42',
        				'DEV': 		'si-7-10'};
			window.Process180.GetSurveyInitiator(codes[d.env] ? codes[d.env] : 'si-7-12');
        },
        track: function (d) {
            analytics.ga(d);
            analytics.wt(d);
 			analytics.fb(d); 
 			analytics.rm(d); 
        },
        utils: {
            record_sku_cookie: function (dim) {
                var attr_window = 7 // Attribution window in days
                var sku = dim.match(/\|(\d+)-[^_]+$/)[1];
                dojo.cookie('pr-' + sku, dim, {
                    path: '/',
                    expires: attr_window
                });
            },
            format_promo: function(promo, presentation){
            	if (presentation) {
	    			return(['Upsell Page_' + promo['category'] + '_' + presentation, promo['promotion'], promo['sku'] + '-' + promo['brand'] + '-' + promo['name']]);
	    		} else {
					return([promo['category'], promo['sku'] + '-' + promo['name']]);
				}
			},
        },
        // Inline rules are required for Webtrends
        inline: function (d) {
        	// Environment
        	dojo.query('input[name="environmentKey"]').forEach(function(e){
        		d['env'] = e.value;
        	});
        		
    		//  Check for WT onLoadCookie
    		wtc = dojo.cookie('onLoadWebtrendsCookie');
    		if (wtc) {
    			// Detect localisation event
    			le = wtc.match(/WT.z_lclsrc":"([^"]+)"/);
    			if (le!=null && le.length==2)
    				d['localisation'] = le[1];
    		}
    
            // Browse Aisle and Search tracking
            if (dojo.query('body.browse, body.search').length>0) {
            	if (location.search.indexOf('searchTerm=')>0) {
	                d['catalog'] = 'Search_' + location.search.match(/searchTerm=([^$&]+)/)[1].replace(/\+/g, ' ').toLowerCase()+'_';
	                d['search'] = true;
					d.inline = true;
            	} else {
					aisle = location.pathname.match(/\/online\/[^\/]+\/([^\/]+)\/?([^\/]+)?\/?([^\/]+)?$/i);
					if (aisle!=null && aisle.length==4) {
						aisle.shift();
						for(var i=0; i<aisle.length; i++){
							if (aisle[i]==undefined)
								aisle[i]=='';
						}
						d['catalog'] = aisle.join('_');
						d.inline = true;
					}					
				}
            }

            // Internal Campaign Click Tracking with handling for localisation and login
			var url_path = location.pathname.match(/(\/[^\/]+)\/?$/i);
            // if ic_id is in the url then set cookie and the data layer
            var ic_u = location.search.match(/WT.ic_id=([^&$]+)/i);
            if (ic_u != null && ic_u.length == 2){
            	var date = new Date();
					date.setTime(date.getTime()+(3*60000)); // mins
				var exp = date.toGMTString(); 
				if (ic_u[1].match(/^mc_id$/i)){
					ic_u = location.search.match(/WT.mc_id=([^&$]+)/i);
				}    
				dojo.cookie('ic_id', ic_u[1]+"|"+url_path[1], {path: '/', expires: exp});
				d['int_campaign_c'] = ic_u[1]; 
                d['inline'] = true;
            }

            // if no ic_id on current page but cookie has ic_id then use cookie value then delete it
            var ic_c = dojo.cookie('ic_id');
            if (ic_u == null && ic_c != null && ic_c.match(url_path[1])) {
                ic_c = ic_c.split('|');
				d['int_campaign_c'] =  ic_c[0]; 
                d['inline'] = true;
                dojo.cookie('ic_id', '', {path: '/', expires: -1});
            }
            

            // Detect Product Details Page
            dojo.query('form#analytics-data-product-productdetails').forEach(function(e){
            	d['product_details'] = {
            		'id':   dojo.query('input[name="WT.pn_sku"]', e).val(),
            		'name': dojo.query('input[name="WT.cg_s"]',   e).val()
            	};
            });
            
			// Product Promotion Impression Tracking
			var position = 0;
			d['promo'] = {};
			dojo.query('body.home div.prodtile > form, body.search div.prodtile > form, body.browse div.prodtile > form').forEach(function(item){
				position++;
				var placement = item.id.replace(/_?catEntryForm_\d+$/, '').replace(/_/g, '-');
				dojo.query('span.marketedEspotDescription', item).forEach(function(element){placement='PREMIUM_ESPOT';});
				var promotion = (placement=='' && !d.int_campaign_c && !d.search) ? false : true;
				if (placement=='')
					placement = 'List';
				var p_category = (d.int_campaign_c || d.catalog || (d.product_details ? 'Product Details' : 'Home-Page'))+'|'+placement;
                dojo.query('div[data-refresh]', item).forEach(function (node) {
					if (node.getAttribute('data-refresh').match(/partNumber:\s+"(\d+)/m).length==2) {
						var p_sku 			= node.getAttribute('data-refresh').match(/partNumber:\s+"(\d+)/m)[1];
						var cat_entry_id 	= node.getAttribute('data-refresh').match(/catEntryId:\s+"(\d+)/m)[1];
						var links 			= dojo.query('div.detail a.product-url', node);
						var p_name 			= links[0].href.match(/[^$\/]+$/);
						if (d['promo']['catEntry_' + cat_entry_id]==null || promotion) {
							d['inline'] = true;
							d['promo']['catEntry_' + cat_entry_id] = {'category': p_category, 'sku': p_sku, 'name': p_name[0], 'promotion': promotion, 'position': position};
						}
					}
                });
			});

            // Write out inline elements to be collected by WT base tag
            if (d.inline) {
                document.write('<form id="analytics-data1" name="analytics-data" method="post" action="" class="hidden" aria-hidden="true">');
                if (d.catalog) {
                    document.write('<input type="hidden" name="WT.z_aisle" value="' + d.catalog + '">');
                    document.write('<input type="hidden" name="WT.z_aisle_event" value="impression">');
                }
                if (d.promo) {
                    var v = [];
                    for (x in d.promo) {
						if (d.promo[x]['promotion'])
	                        v.push(analytics.utils.format_promo(d.promo[x]).join('|'));
                    }
                    if (v.length>0) {
						document.write('<input type="hidden" name="WT.z_promo_event" value="impression">');
						document.write('<input type="hidden" name="WT.z_promo" value="' + v.join(';') + '">');
					}
                }
                if (d.int_campaign_c) {
                    document.write('<input type="hidden" name="WT.z_ic" value="' + d.int_campaign_c + '">');
                    document.write('<input type="hidden" name="WT.z_ic_event" value="click">');
                }
                document.write('</form>');
            }
        },
        rules: function (d, query, topic) {
            // External Campaign Tracking using WT parameter
            var ec = location.search.match(/WT.mc_id=([^&$]+)/i);
            if (ec != null && ec.length == 2) {
                d['ext_campaign_id'] = ec[1];
            }
            // Internal Campaign Impression Tracking 
            d['int_campaign_i'] = [];
            query('div.espot a[href*="WT.ic_id"]').forEach(function (link) {
                var pos = d.catalog ? d.catalog : '';
                var ic = link.getAttribute('href').match(/WT.ic_id(%3d|=)([^&$]+)/i);
                if (ic != null && ic.length == 3) {
                    d.int_campaign_i.push({
                        'name': ic[2],
                        'pos': pos
                    });
                }
            });

            // Detect Login event
            query('input[name="WT.z_signon"], div#myOffersElement[data-refresh*="justLoggedIn"]').forEach(function (e) {
				if ((e.name=='WT.z_signon' && document.referrer=='') || (e.id=='myOffersElement'))
	                d['login_event'] = 'from_ribbon';
            });

			// Set UserID
			var user_id = document.cookie.match(/WC_USERACTIVITY_([^=]+)/);
			if (user_id != null && user_id.length==2 && user_id[1]>0 && query('div.contact > a[title="Log out"]').length>0)
				d['user_id'] = user_id[1]; 

            // Detect Registration
            query('input[name="WT.z_regmeth"]').forEach(function (e) {
                d['registration_event'] = (e.value == 'register' ? 'from_ribbon' : 'from_checkout');
            });
            
            // Detect Home Page
            if (location.pathname.match(/^\/online\/national(\/?$|\/info\/first-shop-free-delivery$)/i))
            	d['homepage'] = location.pathname;

            // Localisation Data
            d['cust'] = 'personal';
            var x, l = dojo.cookie('analyticsCookie');
			if (l != undefined) {
				x = l.split('|');
				for (var i = 0; i < x.length; i++) {
					d[x[i].match(/WT.z_([^:]+):/)[1]] = x[i].match(/([^:$]+)$/)[1];
				}
			}

			// Order History Count
			var clv = dojo.cookie('analytics_clv');
			if (clv) {
				var clv_a = clv.split(';');
				if (clv_a.length==1 && d.login_event) {
					d['init_ohc'] = true;
					clv = '0;0';
				}
				dojo.cookie('analytics_clv', clv, {path: '/', expires: 365});
			} else {
				d['init_ohc'] = true;
				dojo.cookie('analytics_clv', '0', {path: '/', expires: 365});
			}
			
			// check if spend stretch banner appears
			if(dojo.query('div#myOffersElement ul#youroffers a').length > 0){
				d['offer'] = 'Offer Seen';
			}

            // Detect My Orders page        
            if (location.pathname.match(/\/AjaxOrderDetail/i)){
            	d['my_orders'] = true;
            }
            
            // Detect My Usuals page
            if (location.pathname.match(/\/AjaxAccountWishListDisplayView/i)){
            	d['my_usuals_list'] = true;
            }
            if (dojo.query('body.home').length > 0) {
            	query('div#my-usuals a.action-addToTrolley').on('click', function (e) {
	            	d['my_usuals_home'] = true;
            	});
            }
            
        },
        handlers: function (d, query, topic) {
            query('div#myAccount > button.action-register').on('click', function () {
                analytics.track({
                    'page': '/virtual/registration/open_registration_form'
                });
            });
            
            // Internal campaign tracking for localisation links
            query('div.espot a.action-localise[href*="WT.ic_id"]').on('click', function (e) {
				if (this.href) {
					var ic = this.href.match(/WT.ic_id=([^&$]+)/i);
					var args = {};
					if (ic != null && ic.length == 2) {
						args['int_campaign_c'] =  ic[1]; 
						analytics.track(args);
					}
				}
            });

            // Detect ajax request completions
            topic.subscribe('wcs/ajax/success', function (a, b) {
                analytics.log('wcs/ajax/success: ' + a.context);
                switch (a.context) {
					case 'productElement.trolleyAdd':
						var args = {
							'event': 'add-to-cart'
						};
						if (d.catalog) {
							var rank = parseInt(query('div[data-catentry^="catEntry_"]').indexOf(query('div[data-catentry="' + a.divId + '"]')[0]) + 1);
							if (rank) {
								args['rank'] = rank;
								args['catalog'] = d.catalog;
								if (d.page_offset) args['rank'] += d.page_offset;
							}
						}
						if (d.promo && d.promo[a.divId] && d.promo[a.divId]['promotion']) {
							args['promo'] = d.promo[a.divId];
							analytics.utils.record_sku_cookie(analytics.utils.format_promo(args.promo, null).join('|'));
						}
						if (d.product_details)
							args['product_details'] = true;
						if (d.search)
							args['search'] = true;
						if (d.my_usuals_home) {
							args['my_usuals'] = true;
							d.my_usuals_home = false;
						}
						if (d.my_usuals_list)
							args['my_usuals'] = true;
						if (d.my_orders)
							args['my_orders'] = true;
						var i=0; for (x in args){i++};		
						if (i>1)
							analytics.track(args);
						break;

					case 'refreshController.refreshArea':
						switch (a.serviceId) {
						case 'ColesCategoryView':
						case 'ColesSearchView':
							d['page_offset'] = parseInt(a.beginIndex)+query('div.genericESpot div.prodtile').length;
							break;
						}
						break;

	                case 'memberOrder.cancelOrder':
	                case 'memberOrder.modifyOrder.addItem':
               		case 'memberOrder.modifyOrder.changeTime':
               		case 'memberOrder.modifyOrder.changeFulfilment':
               		case 'memberOrder.modifyOrder.changePayment':
	                	var rc = dojo.cookie('oid_'+a.orderId);
	                	rc = (rc==undefined ? 0 : Number(rc))
	                	var args = {'refund': a.orderId+'-'+(rc==undefined ? 0 : rc)};
	                	switch (a.context) {
	                		case 'memberOrder.cancelOrder':
	                			args['operation'] = 'Cancelled';
	                			args['reason'] = '';
								break;

	                		case 'memberOrder.modifyOrder.addItem':
	                			args['operation'] = 'Modified';
	                			args['reason'] = 'Add Items';
								break;

	                		case 'memberOrder.modifyOrder.changeTime':
	                			args['operation'] = 'Modified';
	                			args['reason'] = 'Change Delivery Time';
								break;

	                		case 'memberOrder.modifyOrder.changeFulfilment':
	                			args['operation'] = 'Modified';
	                			args['reason'] = 'Change Fulfilment';
								break;

	                		case 'memberOrder.modifyOrder.changePayment':
	                			args['operation'] = 'Modified';
	                			args['reason'] = 'Change Payment Method';
								break;
	                	}
						if (args.operation=='Modified') 
							dojo.cookie('oid_'+a.orderId, rc+1, {path: '/', expires: 14});
						else
							dojo.cookie('oid_'+a.orderId, '', {path: '/', expires: -1});
						analytics.track(args);
						break;						
                }
            });
        },
        init: function (d) {
			(function(i,s,o,g,r,a,m){i['GoogleAnalyticsObject']=r;i[r]=i[r]||function(){
			(i[r].q=i[r].q||[]).push(arguments)},i[r].l=1*new Date();a=s.createElement(o),
			m=s.getElementsByTagName(o)[0];a.async=1;a.src=g;m.parentNode.insertBefore(a,m)
			})(window,document,'script','//www.google-analytics.com/analytics.js','ga');

			// Override push method on dataLayer Array so we can process event data being added to the dataLayer
			window.dataLayer = window.dataLayer || [];
			window.dataLayer.push = function(){
				var result = Array.prototype.push.apply(this,arguments);
				if (result>0 && arguments!=undefined && arguments.length>0 && arguments[0].event) {
					analytics.log('Event pushed to dataLayer');
					var d = analytics.d, a;
					while (window.dataLayer!=undefined && window.dataLayer.length>0) {
						a = window.dataLayer.shift();
						for (var p in a) {
							d[p] = a[p];
						}
					}
					try {
						analytics.d = d;
						analytics.log('DataLayer:', d);
						analytics.track(d);
					} catch (e) {
						analytics.log(e);
						analytics.ga({
							'exception': e.message
						});
					}
				}
				return result;
			}

            analytics.inline(d);

// 			require(["dojo/io/script"], function(script){
// 				var deferred = script.get({'url': '//si.process180.com/js/surveyinitiator.pack.js'});
// 				deferred.then(function(){analytics.si(d)});
// 			});

            require(['dojo/query', 'dojo/topic', 'dojo/domReady!'], function (query, topic) {
                try {
                    analytics.handlers(d, query, topic)
                    analytics.rules(d, query, topic);
                    analytics.track(d);
                } catch (e) {
                    analytics.log(e);
                    analytics.ga({
                        'exception': e.message
                    });
                }
            });
        }
    };
    if (active)
        analytics.init(analytics.d);

})(true); // version 1.6-31
</script><form id="analytics-data1" name="analytics-data" method="post" action="" class="hidden" aria-hidden="true"><input type="hidden" name="WT.z_aisle" value="pantry_pantry_"><input type="hidden" name="WT.z_aisle_event" value="impression"><input type="hidden" name="WT.z_promo_event" value="impression"><input type="hidden" name="WT.z_promo" value="pantry_pantry_|CAT-All-Product-1|2017740-sunrice-global-kitchen-middle-eastern-microwavable-rice-pouch;pantry_pantry_|CAT-All-Product-1|2017730-sunrice-global-kitchen-basmati-indian-style-microwaveable-rice-pouch"></form>
            </div>
        


</div>


</div>

<div class="espot hidden">
	

<div data-analytics="center-middle" class="genericESpot" id="WC_ContentAreaESpot_div_1_" style="width: 950px; min-height: 0px; ">
	
	    <p class="caption" style="display:none" id="WC_ContentAreaESpot_div_2_">[GLOBAL_All_Content_1]</p>   
	


</div>


</div>


<div id="footer" class="rounded">
	<div class="pageBottom">
		<div></div>
	</div>
	<div class="layout-25-25-25-25">
		<div class="column-1">
			<div class="plain-box">
				<h2>Shop online</h2>
				<ul>
					<li>
						<a href="http://shop.coles.com.au/online/national/specials-offers" title="Specials">Specials</a>
					</li>
					<li>
						<a href="http://shop.coles.com.au/online/national/promo/all" title="Promotions">Promotions</a>
					</li>
					<li>
						<a href="https://shop.coles.com.au/online/ColesMyListsView?catalogId=10576&amp;urlLangId=-1&amp;langId=-1&amp;storeId=10601" title="Shopping lists">Shopping lists</a>
					</li>
					<li>
						<a href="http://shop.coles.com.au/online/national/info/recipes" title="Recipes">Recipes</a>
					</li>
					<li>
						<div class="espot">
							

<div data-analytics="suppress-webtrends" class="genericESpot" id="WC_ContentAreaESpot_div_1_10655" style="min-height: 0px; ">
	
	    <p class="caption" style="display:none" id="WC_ContentAreaESpot_div_2_10655">[FOOTER_All_Content_1.1]</p>   
	
            <div class="ad" id="ad_10655">
        <style>

.footer-custom {
margin-bottom: 5px;
}
</style>
            </div>
        
            <div class="ad" id="ad_10655">
        
                            <a id="WC_ContentAreaESpot_links_7_2" href="http://shop.coles.com.au/webapp/wcs/stores/servlet/ClickInfo?evtype=CpgnClick&amp;mpe_id=10655&amp;intv_id=46101&amp;storeId=10601&amp;catalogId=10576&amp;langId=-1&amp;URL=ColesContentTemplateView%3ferrorViewName%3dProductDisplayErrorView%26contentType%3dcoles-mastercard-offer">
                        <div class="footer-custom">Coles Mastercard</div>               
                            </a>
                        
            </div>
        
            <div class="ad" id="ad_10655">
        
                            <a id="WC_ContentAreaESpot_links_7_3" href="http://shop.coles.com.au/webapp/wcs/stores/servlet/ClickInfo?evtype=CpgnClick&amp;mpe_id=10655&amp;intv_id=46101&amp;storeId=10601&amp;catalogId=10576&amp;langId=-1&amp;URL=ColesContentTemplateView%3ferrorViewName%3dProductDisplayErrorView%26contentType%3dcompetition-winners">
                        <div class="footer-custom">Competitions &amp; Winners</div>
               
                            </a>
                        
            </div>
        
            <div class="ad" id="ad_10655">
        <div class="footer-custom"><a href="/online/mobile/national/">Mobile site</a></div>

            </div>
        


</div>


						</div>					
					</li>
				</ul>
			</div>
		</div>
		<div class="column-2">
			<div class="plain-box">
				<h2>Getting started</h2>
				<ul>
					<li>
						<a href="http://shop.coles.com.au/online/national/info/about-us" title="About us">About us</a>
					</li>
					<li>
						<a href="http://shop.coles.com.au/online/national/info/home-delivery" title="Home delivery">Home delivery</a>
					</li>
					<li>
						<a href="http://shop.coles.com.au/online/national/info/click-collect" title="Click &amp; Collect">Click &amp; Collect</a>
					</li>
					<li>
						<div class="espot">
							

<div data-analytics="suppress-webtrends" class="genericESpot" id="WC_ContentAreaESpot_div_1_10656" style="min-height: 0px; ">
	
	    <p class="caption" style="display:none" id="WC_ContentAreaESpot_div_2_10656">[FOOTER_All_Content_1.2]</p>   
	
            <div class="ad" id="ad_10656">
        
                            <a id="WC_ContentAreaESpot_links_7_1" href="http://shop.coles.com.au/webapp/wcs/stores/servlet/ClickInfo?evtype=CpgnClick&amp;mpe_id=10656&amp;intv_id=10054&amp;storeId=10601&amp;catalogId=10576&amp;langId=-1&amp;URL=ColesContentTemplateView%3ferrorViewName%3dProductDisplayErrorView%26contentType%3dremote-delivery">
                        <div class="footer-custom">Remote delivery</div>

<!--Feedbackify-->
<script type="text/javascript">
var fby = fby || [];
fby.push(['setDevice', 'desktop']);
fby.push(['showTab', {id: '4121', position: 'left', color: '#FF1F3A'}]);
(function () {
    var f = document.createElement('script'); f.type = 'text/javascript'; f.async = true;
    f.src = '//cdn.feedbackify.com/f.js';
    var s = document.getElementsByTagName('script')[0]; s.parentNode.insertBefore(f, s);
})();
</script>



<!-- Error page tag-->
<script>
require(["coles/common/environment"], function(env){
	env.WT_ID = 'dcss9egqp00000sthfwe6qrxc_3j1n';
});
require(["dojo/ready", "dojo/query", "dojo/topic", "coles/common/analytics", "dojo/domReady!"], function(ready, query, topic, analytics){
	ready(function(){
		if (query("title").text().match(/^Error/i)) {
			var ec = query("input[name='WT.z_errorcode']").val();
			var mg = query("div.coles-error span").text()
			topic.publish("coles/common/analytics/send", {
				 "WT.cg_n": "Error",
				 "WT.cg_s": "Error - "+ec+' - '+mg,
				 "WT.z_errorcode": ec+' - '+mg
			});  
		}
	});
});
</script>

               
                            </a>
                        
            </div>
        
            <div class="ad" id="ad_10656">
        
                            <a id="WC_ContentAreaESpot_links_7_2" href="http://shop.coles.com.au/webapp/wcs/stores/servlet/ClickInfo?evtype=CpgnClick&amp;mpe_id=10656&amp;intv_id=10054&amp;storeId=10601&amp;catalogId=10576&amp;langId=-1&amp;URL=ColesContentTemplateView%3ferrorViewName%3dProductDisplayErrorView%26contentType%3dfreshness-guarantee">
                        <div class="footer-custom">Freshness Guarantee</div>
               
                            </a>
                        
            </div>
        


</div>


						</div>
					</li>
				</ul>
			</div>
		</div>
		<div class="column-3">
			<div class="plain-box">
				<h2>Customer service</h2>
				<ul>
					<li>
						<a href="http://shop.coles.com.au/online/national/info/payment-and-pricing" title="Payment options">Payment options</a>
					</li>
					<li>
						<a href="http://shop.coles.com.au/online/national/info/customer-agreement" title="Customer agreement">Customer agreement</a>
					</li>
					<li>
						<a href="http://shop.coles.com.au/online/national/info/privacy-policy" title="Privacy policy">Privacy policy</a>
					</li>
					<li>
						<a href="http://shop.coles.com.au/online/national/info/product-recall" title="Product recall">Product recall</a>
					</li>
					<li>
						<a href="http://shop.coles.com.au/online/national/info/changes-cancellations-and-returns" title="Changes, cancellations and returns">Changes, cancellations and returns</a>
					</li>
					<li>
						<div class="espot">
							

<div data-analytics="suppress-webtrends" class="genericESpot" id="WC_ContentAreaESpot_div_1_10657" style="min-height: 0px; ">
	
	    <p class="caption" style="display:none" id="WC_ContentAreaESpot_div_2_10657">[FOOTER_All_Content_1.3]</p>   
	
            <div class="ad" id="ad_10657">
        <a class="footer-custom" href="/online/national/info/business-accounts-and-orders">Business accounts and orders</a>
<a class="footer-custom" href="/online/national/info/accessibility-guide">Accessibility Guide</a>
<a class="footer-custom" href="/online/national/info/help"> Help </a>
            </div>
        


</div>


						</div>					
					</li>
				</ul>
			</div>
		</div>
		<div class="column-4">
			<div class="plain-box">
				<h2>Contact</h2>
				<ul>
					<li>
						<a href="http://shop.coles.com.au/online/national/contact-us" title="Contact us">Contact us</a>
					</li>
					<li>
						<a href="http://www.facebook.com/coles" target="_blank" title="Follow us on Facebook">Follow us on Facebook</a>
					</li>
					<li>
						<a href="http://www.twitter.com/coles" target="_blank" title="Follow us on Twitter">Follow us on Twitter</a>
					</li>
					<li>
						<a href="http://blog.colesonline.com.au" target="_blank" title="Read our blog">Read our blog</a>
					</li>
					<li>
						<a href="http://www.coles.com.au/Stores-Services/Locations-trading-hours.aspx" target="_blank" title="Store locator">Store locator</a>
					</li>
					<li>
						<a href="http://shop.coles.com.au/online/national/sitemap" title="Site map">Site map</a>
					</li>
					<li>
						<div class="espot">
							

<div data-analytics="suppress-webtrends" class="genericESpot" id="WC_ContentAreaESpot_div_1_10658" style="min-height: 0px; ">
	
	    <p class="caption" style="display:none" id="WC_ContentAreaESpot_div_2_10658">[FOOTER_All_Content_1.4]</p>   
	
            <div class="ad" id="ad_10658">
        <style> 
body {
    background: url("/wcsstore/ColesStorefrontAssetStore/images/-catimg/2014/12/20141229-summer-skins.jpg") no-repeat fixed center top transparent !important;
}
</style>
            </div>
        
            <div class="ad" id="ad_10658">
        
<style type="text/css">
/* CSS fix for menu spacing */
.megamenu > ul > li > a {
    padding: 7px 5px 4px 7px;
}
/* CSS update for bakery description trial */
.bakeHide span:nth-child(3) {
      display:none!important;
    }
/* CSS fix for product details tab */
.tab-content {
    height: auto;
}

</style>
            </div>
        
            <div class="ad" id="ad_10658">
        <!--This script and CSS is to limit the number of banners displayed in CAT_All_Product_1 espot to only 1. -->

<script>
dojo.query("div[id='ad_28651']").forEach(function(e, i) {if (i>0) dojo.query(e).addClass('banner-limiter');});
dojo.query("div[id='ad_29672']").forEach(function(e, i) {if (i>0) dojo.query(e).addClass('banner-limiter');});
</script>

<style>
.banner-limiter
 {
display: none;
}
</style>

            </div>
        
            <div class="ad" id="ad_10658">
        <!-- code to change e-spot minimum height -->
<script>

require([ "dojo/query", "dojo/NodeList-dom", "dojo/domReady!" ], function(query) {
    query('div.genericESpot').style( "minHeight", "0px" );
});


</script>


            </div>
        


</div>


						</div>					
					</li>
				</ul>
			</div>
		</div>
		<div class="clear"></div>
	</div>
</div>





















	
















<noscript>
	&lt;img alt="dcsimg" id="dcsimg" width="1" height="1" src="//statse.webtrendslive.com/dcs0fzq7nvz5bdjd7j90tn8ii_1d3g/njs.gif?dcsuri=/nojavascript&amp;amp;WT.js=No&amp;amp;WT.tv=10.2.0&amp;amp;dcssip=www.colesonline.com.au"/&gt;
</noscript>

<script defer="">
// Push store text into JavaScript
require(["coles/components/message"], function(message){

	
	message.set('GLOBAL_VALIDATION_MSG', 'To continue, please see the fields below, which still require your attention.');
	
	message.set('ERR_MANDATORY_1000', 'Please enter a value.');
	
	message.set('ERR_MANDATORY_1010', 'Please select a value.');
	
	message.set('ERR_MANDATORY_1020', 'Please choose from one of the options provided.');
	
	message.set('ERR_FORMAT_1026', 'You can only use letters, numbers, hyphens, apostrophes, spaces in [field].');
	
	message.set('ERR_MANDATORY_1030', 'Please enter a mobile number so you can receive SMS messages from us.');
	
	message.set('ERR_FORMAT_1000', 'You can only use letters and numbers in this field.');
	
	message.set('ERR_FORMAT_1010', 'You can only use letters, hyphens, apostrophes and spaces in [field].');
	
	message.set('ERR_FORMAT_1015', 'You can only use letters, hyphens, apostrophes, spaces in [field].');
	
	message.set('ERR_FORMAT_1020', 'You can only use numbers in [field].');
	
	message.set('ERR_FORMAT_1025', 'You can only use letters, numbers, hyphens, apostrophes, spaces and commas in [field].');
	
     message.set('ERR_FORMAT_1027', 'You can only use letters, numbers, hyphens, ampersand, apostrophes, spaces and commas in [field].');

	
	message.set('ERR_FORMAT_1030', '[field] must contain a valid password.');
	
	message.set('ERR_FORMAT_1040', 'This email address doesn&#039;t appear to be valid. Please make sure to enter an email address like name@example.com.');
	
	message.set('ERR_FORMAT_1050', '[field] must contain a valid phone number.');
	
	message.set('ERR_FORMAT_1055', 'You can only use letters, numbers, hyphens, underscores, spaces, full stop and commas for your delivery instructions.');
	
	message.set('ERR_FORMAT_1050_MOBILE', '[field] must contain a valid mobile phone number.');
	
	message.set('ERR_FORMAT_1050_LANDLINE', '[field] must contain a valid landline phone number.');
	
	message.set('ERR_FORMAT_1060', '[field] must contain a valid ABN number.');
	
	message.set('ERR_FORMAT_1070', 'This number doesn&#039;t appear to be valid. Please enter the number that appears under the barcode in the bottom righthand corner on the back of your card.');
	
	message.set('ERR_FORMAT_1080', '[field] must contain a valid postcode.');
	
	message.set('ERR_FORMAT_1090', '[field] must contain a valid promotion code.');
	
	message.set('ERR_FORMAT_1100', '[field] must contain a valid number.');
	
	message.set('ERR_FORMAT_1200', '[field] must contain a valid date in the format dd/mm/yyyy.');
	
	message.set('ERR_VALUE_1000', 'The minimum value allowable in [field] is [value].');
	
	message.set('ERR_VALUE_1010', 'The maximum value allowable in [field] is [value].');
	
	message.set('ERR_VALUE_1020', 'The date cannot be greater than today&#039;s date.');
	
	message.set('ERR_LENGTH_1000', '[field] must have less than or equal to [value] characters.');
	
	message.set('ERR_LENGTH_1010', '[field] must be exactly [value] characters.');
	
	message.set('ERR_CONSTRAINT_1000', 'This email is already registered.');
	
	message.set('ERR_CONSTRAINT_1010', 'This password doesn&#039;t match the one entered.');
	
	message.set('ERR_CONSTRAINT_1020', 'This nickname has already been used by another address in your account, it must be unique.');
	
	message.set('ERR_LENGTH_1050', 'You cannot enter more than 400 characters for your delivery instructions. Please shorten your instructions before proceeding.');	

	message.set('GLOBAL_COLLAPSE_TEXT', '[-]');

	
	message.set('GLOBAL_COLLAPSE_ALT_TEXT', 'Collapse this section');

	
	message.set('GLOBAL_EXPAND_TEXT', '[+]');

	
	message.set('GLOBAL_EXPAND_ALT_TEXT', 'Expand this section');

	
	message.set('GLOBAL_LNK_EXPAND', 'Expand all');

	
	message.set('GLOBAL_LNK_COLLAPSE', 'Collapse all');	

	
	message.set('GLOBAL_LNK_ALT_EXPAND', 'Expand all');

	
	message.set('GLOBAL_LNK_ALT_COLLAPSE', 'Collapse all');		

	
	message.set('MBR_160_TOOLTIP_ADDRESS', 'You can arrange delivery to more than one address, such as a relative&#039;s house or a holiday house. Let us know the address for this list.');
	
	
	message.set('MBR_160_TOOLTIP_LIST', 'To make your shopping even easier, everything you order with Coles online goes into a master list called &#034;My usuals&#034;. It&#039;s automatically created for you as you shop. Use it to add items straight to your trolley with just one click.');

	
	message.set('SUCCESS_MBR_150', '<strong>Order cancelled</strong><br/>Your order, which was to be delivered on [input_0], has been cancelled.');

	
	message.set('SUCCESS_MBR_160', '<strong>List created</strong><br/>The following shopping list has been saved to your account:<br/>[input_0]');

	
	message.set('SUCCESS_ADD_ALL_TO_TROLLEY', '<strong>All items added!</strong><br/>All of the items in the following list have been added to your trolley for this order.');

	
	message.set('SUCCESS_MBR_163', '<strong>List deleted</strong><br/>The following list has been deleted:<br/>[input_0]');

	
	message.set('SUCCESS_MBR_164', '<strong>Changes saved</strong><br/>Your changes to this order have been saved.');

	
	message.set('SUCCESS_MBR_170', 'The item has been added to your list:<br/>[input_0]');
	
	
	message.set('GLOBAL_TXT_COLLECT_TIME_WARNING', "Looks like your collection time reservation is about to expire! Check out now to keep this time. ");
	
	
	message.set('GLOBAL_TXT_COLLECT_TIME_EXPIRED', "Your order was not placed in time for the collection time you chose. Please reserve a new time for this order.");

	
	message.set('GLOBAL_TXT_DELIVERY_TIME_WARNING', "Looks like your delivery time reservation is about to expire! Check out now to keep this time. ");
	
	
	message.set('GLOBAL_TXT_DELIVERY_TIME_EXPIRED', "Your order was not placed in time for the delivery time you chose. Please reserve a new time for this order.");

	
	
	message.set('SEARCH_PAGE_SIZE_COOKIE', 'ColesSearchPageSizeCookie');

	
	message.set('SEARCH_PAGE_SIZE_DEFAULT', '20');
	
	
	message.set('SEARCH_VIEW_COOKIE', 'ColesSearchViewCookie');
	
	
	message.set('COLES_SORT_COOKIE', 'ColesSortCookie');
	
	
	message.set('COLES_SORT_COOKIE_VALIDITY', '30');

	
	message.set('GLOBAL_LNK_ADD_TO_COMPARE', 'Compare');

	
	message.set('GLOBAL_LNK_ALT_ADD_TO_COMPARE', 'Compare products');

	
	message.set('GLOBAL_LNK_REMOVE_FROM_COMPARE', 'Compared');

	
	message.set('GLOBAL_LNK_ALT_REMOVE_FROM_COMPARE', 'Compared');

	
	message.set('COMPARE_SPAN_PRODS', 'Compare items');

	
	message.set('COMPARE_COOKIE_PREFIX', 'CompareItems_');

	
	message.set('COMPARE_TXT_TOOLTIP_FULL', 'Sorry, you can only compare up to four products at a time.');

	
	message.set('CAT_200_LNK_ALT_ITEM', 'Shopping list item');

	
	message.set('CAT_200_LNK_ALT_CURRENT', 'Current shopping list item');

	
	message.set('CAT_200_LNK_ALT_COMPLETED', 'Completed list item');

	
	message.set('CAT_200_LNK_NEXT', 'Next');

	
	message.set('CAT_200_LNK_PREVIOUS', 'Previous');

	
	message.set('ERR_QAS_DOWN', "System is currently unavailable, please try again shortly. [CLOSE_OVERLAY]");
	
	
	message.set('QAS_USE_ENTERED_ADDRESS', "Select address as entered");
	
	
	message.set('QAS_OR', "&#150;&#150;&#150; OR &#150;&#150;&#150;");

	
	message.set('GLOBAL_LNK_ALT_TOOLTIP_CLOSE', "Close");
	
	
	message.set('ORD_TOOLTIP_SUBSTITUTIONS', "<p>Occasionally, a product you order may be temporarily unavailable. When this happens and you&rsquo;ve ticked the substitutions box, our shoppers will select a comparable product for you, such as a different brand or size. Substitute items are charged at the lower of the original or the substitute price.</p>");

	
	message.set('PREDICTIVE_SEARCH_KEYWORDS', "Items:");

	
	message.set('PREDICTIVE_SEARCH_CATEGORY', "Aisles:");

	
	message.set('PREDICTIVE_SEARCH_BRAND', "Brands:");

	
	message.set('PREDICTIVE_SEARCH_HISTORY', "History:");
	
	
	message.set('GLOBAL_PROD_UNAVAILABLE', "Product is unavailable");

	
	message.set('ORD_100_MSG_MAXIMUM', "Your trolley has been updated with the maximum product amount.");

	
	message.set('CMP_800_TOOLTIP_REMEMBER_LIST', "Here's your list from last time");

	
	message.set('CMP_850B_TXT', "<strong>Success!</strong><br/>You&rsquo;re now on our mailing list for postcode ");

	
	message.set('CMP_850C_TXT', "<strong>There was a problem and we have not been able to gather your information.</strong><br/>Please try subscribing later.");
	
	
	message.set('GLOBAL_REDEMPTION', "{RedemptionLimit} is the limit. You can order up to {RedemptionLimit} items. We&rsquo;ve added {RedemptionLimit} items to your cart.");

	
	message.set('ORD_400_PAYMENT_SELECTION_TXT', "Select a payment method:");

	
	message.set('ORD_400_CUST_AGREE_TXT', "You must accept our customer agreement before you can place your order.");

	
	message.set('ERR_LOCALISATION_POSTCODE', "You must select a location from the list in order to continue. If your suburb or postcode is not in the list, the new-look Coles online may not be available in your area yet.");

	// Begin: CR#60246 | My Usuals & Personal Lists
	
	
	message.set('MBR_162_MYUSUALS_TOOLTIP_VIEW_BY', "<div><strong>Viewing your products</strong><br /><p>You can view the products in your 'My usuals' list by product name or category</p></div>");
	
	
	message.set('MBR_162_PERSONALS_TOOLTIP_VIEW_BY', "<div><strong>Viewing your products</strong><br /><p>You can view the products in your 'My personal' lists by product name or category</p></div>");
	
	
	message.set('MY_LISTS_PAGE_SIZE_COOKIE', 'ColesMyListsPageSizeCookie');
	
	// End: CR#60246 | My Usuals & Personal Lists
	
	//CR 60099 Flybuys Shopping History Start
	
	
	message.set('PAGE_CODE_COOKIE', "flybuyCode");
	
	//CR 60099 Flybuys Shopping History End
	
	// Begin: CR#54310 | COL - Free delivery for Coles MasterCard holders //
	
	
	message.set('ORD_340_TXT_CONDITIONS_TOOLTIP', "???ORD_340_TXT_CONDITIONS_TOOLTIP???");
	
	// End: CR#54310 | COL - Free delivery for Coles MasterCard holders //
	
	
	message.set('WINDOW_DISABLED_WARNING_TXT', "The reserved time and price is not available for delivery. Please choose a time and price that suits you.");
	
	message.set('_DM_WINDOW_DISABLED_FAILURE', "Your reserved window is not available for delivery, Please select a new delivery Window for successful order submission.");
	
	
	// Begin: US2931 | Desktop Integration with RHS Trolley //
	
	message.set('CRT_100_TXT_REDEMPTION', "The most you can order is {RedemptionLimit}");
	
	message.set('CRT_100_TXT_INVALID_QUANTITY', "Sorry, that's not a valid quantity");
	
	// End: US2931 | Desktop Integration with RHS Trolley //
	
});
</script> 
  
			</div>
		</div>
	

<div id="viewTrolleyPanel" role="dialog" aria-hidden="true" tabindex="-1" class="popup pageShadow trolleyPanel slider " aria-labelledby="rhsHeader-dialog-title" style="">
	<div class="holdFocus accessibility" id="holdFocusId"><p tabindex="-1">&nbsp;</p></div>
	<div class="announceProgress accessibility" id="announceProgressId"><p tabindex="-1">&nbsp;</p></div>
	<div id="rhsHeader-dialog-title">
		<span class="accessibility">
			pop up box displayed&nbsp; Trolley
		</span>
	</div>
	<div role="presentation" aria-hidden="true" class="trolleyTab-rhs">
		<a role="button" href="#viewTrolleyPanel" class="popup-close">
			trolley
		</a>		
	</div>
	 
	
		<div class="trolleyWrapper">
			<div id="viewTrolleyHeaderData" class="trolleyHeaderWrapper">
				<div class="trolleyHeader">
					<div id="rhsHeader" class="thcolumn-1">
						<div class="accessibility" id="trolleyDialogHeader"><p tabindex="-1">&nbsp;</p></div>
						<h2 tabindex="0" class="dialogbox-start init-focus">Trolley</h2>
					</div>
					<div class="thcolumn-2">
						<p>	
							<br>
							<span class="nItems">0 items</span>
							<span class="accessibility"> in your trolley</span>
						</p>				
					</div>
					<div class="thcolumn-3">
						<br>
						<a id="rhsClose" class="xTrolley popup-close" href="#viewTrolleyPanel">Close 
							<span class="accessibility"> this pop up dialog box</span>
						</a>
					</div>
				</div>
			</div>
			<div class="emptyTrolleyWrapper"> 
				<div id="emptyTrolley" tabindex="-1" class="emptyTrolley">
					<div class="emptyTrolleyInner">						
						<h3><span class="spriteicons trolleyIcon"></span>Your trolley is empty</h3>
						<span class="accessibility"></span>
						<a href="#viewTrolleyPanel" class="popup-close">Start shopping<span class="accessibility"></span></a>
					</div>
				</div>
			</div>	
		</div>
	
	<div class="dialogbox-end" tabindex="0">
    	<span class="accessibility">end of pop up dialog box</span>
    </div>
 </div><div id="logIn" class="popup rounded pageShadow popup-https" aria-labelledby="logIn-dialog-title" aria-hidden="true">	
	
	<div id="logIn-dialog-title">		
		<span class="accessibility">pop up box displayed&nbsp;Login</span>
	</div>	
	<h1 tabindex="0" class="dialogbox-start init-focus">
		<span>Log</span>&nbsp;In
	</h1> 
	<div class="close pageShadow">
		<a href="#logIn" class="popup-close" title=""> 
			Close this pop up dialog box
		</a>
	</div>
	
	
	<div class="messageArea"></div>
	 

<form method="POST" name="logInForm" action="https://shop.coles.com.au/online/Logon?catalogId=10576&amp;langId=-1&amp;storeId=10601" id="logInForm" class="formLayout">
	<input type="hidden" name="authToken" value="">
	<input type="hidden" name="reLogonURL" value="LogonForm" id="WC_AccountDisplay_FormInput_reLogonURL_In_Logon_1">
    <input type="hidden" name="myAcctMain" value="">
	<input type="hidden" name="updatePrices" value="0" id="WC_AccountDisplay_FormInput_updatePrices_In_Logon_1">
	<input type="hidden" name="errorViewName" value="LogonForm" id="WC_AccountDisplay_FormInput_errorViewName_In_Logon_1">                                 
	<input type="hidden" name="previousPage" value="logon" id="WC_AccountDisplay_FormInput_previousPage_In_Logon_1">
	<input type="hidden" name="returnPage" value="http://shop.coles.com.au/webapp/wcs/stores/servlet/national/pantry/pantry/" id="WC_AccountDisplay_FormInput_returnPage_In_Logon_1">
	<input type="hidden" name="storeFrontUser" value="true" id="WC_AccountDisplay_FormInput_storeFrontUser_In_Logon_1">
	<input type="hidden" name="channel" value="BeginDesktopCheckout">
	<input type="hidden" name="loginPage" value="LoginFromReviewTrolleyPage">
	<input type="hidden" name="URL" value="https://shop.coles.com.au/online/OrderItemMove?cmdStoreId=10401&amp;moveAutoAddedOrderItems=1&amp;updatePrices=1&amp;moveOrderPromotionCode=1&amp;calculationUsageId=-1&amp;calculationUsageId=-2&amp;calculationUsageId=-7&amp;createIfEmpty=0&amp;deleteIfEmpty=*&amp;continue=1&amp;toOrderId=.&amp;fromOrderId=*&amp;URL=https%3A%2F%2Fshop.coles.com.au%2Fonline%2FOrderCalculate%3FcmdStoreId%3D10401%26calculationUsageId%3D-1%26calculationUsageId%3D-2%26calculationUsageId%3D-7%26updatePrices%3D1%26catalogId%3D10576%26langId%3D-1%26storeId%3D10601%26URL%3Dhttp%253A%252F%252Fshop.coles.com.au%252Fwebapp%252Fwcs%252Fstores%252Fservlet%252Fnational%252Fpantry%252Fpantry%252F" id="logonURL">
	
			<input type="hidden" name="flowprocess" value="" id="flowprocess">
		

	<div class="wrap">
		<div class="row">
			<label for="logonId" class="w-45">Email address:</label> 
		   
			<input class="w-80 v-mandatory v-email v-maxchars-50 init-focus" type="email" autocorrect="off" name="logonId" id="logonId" value="" aria-required="true">
			 <span><a href="http://shop.coles.com.au/online/national/info/help-logging-in">Not sure which email to use?</a></span>
			
		</div>
		<div class="row">
			<label for="logonPassword" class="w-100">Password:</label>
			<input class="w-50 v-mandatory" name="logonPassword" type="password" id="logonPassword" autocomplete="off" aria-required="true">
			
				<a href="#forgotPassForm" class="btn popup-launch" title="">Forgot your password?</a>
			
		</div>
		<div class="row">
		
		</div>
     
		<div class="clear"></div>
	</div>
	<input type="submit" class="btn-grey" value="Log in" title="Log in" name="btnLogin">
	
	
		<a href="#logIn" class="btn popup-close" title="Cancel">Cancel</a>
	 
	
	<div class="clear"></div>
	
		<hr>
		<p>Don't have an account yet? <a href="#register" class="popup-launch action-register" title="Register for an account">Register now</a></p>
		
</form>
<form id="analytics-data-logIn" name="analytics-data-logIn" method="post" action="" class="hidden" aria-hidden="true">
<input type="hidden" name="DCS.dcsuri" value="/logIn">
<input type="hidden" name="WT.cg_n" value="Register">
<input type="hidden" name="WT.ti" value="Login">
</form> 
    <div class="dialogbox-end" tabindex="0">
		<span class="accessibility">end of pop up dialog box</span>
	</div>
	    
</div><div id="register" class="popup rounded pageShadow popup-https" aria-labelledby="register-dialog-title" aria-hidden="true">
	
	<div id="register-dialog-title">		
		<span class="accessibility">pop up box displayed&nbsp; Registration</span>
	</div>	
	
	<h1 tabindex="0" class="dialogbox-start init-focus">
		<span>Register</span> 
	</h1>
	<div class="close pageShadow">
		<a href="#register" class="popup-close" title="">Close this pop up dialog box</a>
	</div>
	<div class="messageArea"></div>
	
<form id="registerForm" class="formLayout" method="post" action="https://shop.coles.com.au/online/UserRegistrationAdd?catalogId=10576&amp;langId=-1&amp;storeId=10601">
	<input type="hidden" name="authToken" value="">
	<input type="hidden" name="redirectUrl" value="">
	<input type="hidden" name="errorViewName" value="UserRegistrationAddFormView" id="WC_UserRegistrationAddForm_FormInput_errorViewName_In_Register_1">
	<input type="hidden" name="storeId" value="10601" id="WC_UserRegistrationAddForm_FormInput_storeId_In_Register_1">
    <input type="hidden" name="catalogId" value="10576" id="WC_UserRegistrationAddForm_FormInput_catalogId_In_Register_1">
	<input type="hidden" name="suburbPostCodeId" value="">
	<input type="hidden" name="serviceType" value="">
	<input type="hidden" name="inputSuburbPostCodeId" value="">
	<input type="hidden" name="externalffmcId" value="">	
	<input type="hidden" name="state" value="">	
	<input type="hidden" name="score" value="">	
	<input type="hidden" name="collectionpoint" value="">	
	<input type="hidden" name="suburb" value="">	
	<input type="hidden" name="zoneId" value="">	
	<input type="hidden" name="zipCode" value="">	
	<input type="hidden" name="postcode" value="">
	<input type="hidden" name="country" value="AU">	
	<input type="hidden" name="longitude" value="">	
	<input type="hidden" name="latitude" value="">
	<input type="hidden" name="stlocId" value="">	
	<input type="hidden" name="URL" value="http://shop.coles.com.au/webapp/wcs/stores/servlet/national/pantry/pantry/" id="registerURL">
	<input type="hidden" name="returnPage" value="http://shop.coles.com.au/webapp/wcs/stores/servlet/national/pantry/pantry/">
	
	<input type="hidden" name="flybuysShoppingHistoryToken" value="1">
	<input type="hidden" name="registerCode" value="register">
	
	<div class="wrap">
		<p>
			Please register your details and tell us your location so you can save time when you check out.
		</p>
		<div class="row">
			<input type="checkbox" value="1" id="ProfileBusinessUser_null_a_1" name="ProfileBusinessUser_null_a_1" class="s-5">
			<label for="ProfileBusinessUser_null_a_1" class="highlight normal">I am a business customer</label>
		</div>
		<div id="businessCustomer" class="businessFields hidden" disabled="disabled">
			<div class="row businessFields hidden" disabled="disabled">
				<label for="txtBusinessName" class="businessFields w-70 hidden" disabled="disabled">Business name</label>
				
				<input type="text" id="txtBusinessName" maxlength="50" autocorrect="off" name="ProfileBusinessCustomerName_null_a_1" value="" class="businessFields w-70 v-mandatory v-alphanumeric4 v-maxchars-128 hidden" disabled="disabled" aria-required="true">
				
			</div>
			<div class="row businessFields hidden" disabled="disabled">
				<label for="txtABN" class="w-60 businessFields hidden" disabled="disabled">ABN</label> 
				<input type="number" id="txtABN" name="ProfileBusinessCustomerABN_null_a_1" value="" class="businessFields w-50 v-abn hidden" disabled="disabled">
			</div>
			
			<div class="row businessFields hidden" disabled="disabled">
				<label for="txtBusinessType" class="w-60 businessFields hidden" disabled="disabled">Business type:</label> 
				<select id="txtBusinessType" name="ProfileBusinessCustomerType_null_a_1" class="businessFields w-60 v-mandatory" aria-required="true">
					<option value="">Please select...</option>
						
								<option value="Aged Care">
									Aged Care
								</option>
							
								<option value="Childcare">
									Childcare
								</option>
							
								<option value="Clubs / Associations">
									Clubs / Associations
								</option>
							
								<option value="Construction / Property Development / Real Estate">
									Construction / Property Development / Real Estate
								</option>
							
								<option value="Disability">
									Disability
								</option>
							
								<option value="Recreation / Leisure / Entertainment">
									Recreation / Leisure / Entertainment
								</option>
							
								<option value="Environmental">
									Environmental
								</option>
							
								<option value="Events / Festivals">
									Events / Festivals
								</option>
							
								<option value="Financial / Banking">
									Financial / Banking
								</option>
							
								<option value="Food &amp; Beverage">
									Food &amp; Beverage
								</option>
							
								<option value="Government / Councils">
									Government / Councils
								</option>
							
								<option value="Home Business">
									Home Business
								</option>
							
								<option value="Health &amp; Medical">
									Health &amp; Medical
								</option>
							
								<option value="Hotels / Tourism">
									Hotels / Tourism
								</option>
							
								<option value="Legal">
									Legal
								</option>
							
								<option value="Mining / Engineering">
									Mining / Engineering
								</option>
							
								<option value="Machinery / Manufacturing">
									Machinery / Manufacturing
								</option>
							
								<option value="Marketing / Advertising / PR / Media">
									Marketing / Advertising / PR / Media
								</option>
							
								<option value="Not for Profit">
									Not for Profit
								</option>
							
								<option value="Professional Services">
									Professional Services
								</option>
							
								<option value="Recreation">
									Recreation
								</option>
							
								<option value="Retail / Wholesalers / Distributors">
									Retail / Wholesalers / Distributors
								</option>
							
								<option value="Schools">
									Schools
								</option>
							
								<option value="Shipping / Marine">
									Shipping / Marine
								</option>
							
								<option value="Technology / Communications">
									Technology / Communications
								</option>
							
								<option value="Trade Services">
									Trade Services
								</option>
							
								<option value="Transportation">
									Transportation
								</option>
							
								<option value="Utilities">
									Utilities
								</option>
							
								<option value="Other">
									Other
								</option>
							
								<option value="Rather not say">
									Rather not say
								</option>
							
				</select>
			</div>
			
			<hr>
		</div>
		<div class="row">
			<label for="firstName" class="w-100">
				Name:
			</label> 
			<input type="text" id="firstName" name="firstName" autocorrect="off" value="" class="w-40 v-mandatory v-alpha v-maxchars-128 validate-msg-placeholder init-focus" title="Given name" placeholder="Given name" aria-required="true"> 
			<input type="text" id="lastName" name="lastName" autocorrect="off" value="" class="w-40 v-mandatory v-alpha v-maxchars-128 validate-msg-placeholder" title="Family name" placeholder="Family name" aria-required="true">
		</div>
		<div class="row">
			<label for="dateOfBirth" class="w-100">Date of birth:</label><br>
			<p class="note">
				According to Australian Law you must be of legal age to browse and purchase tobacco and smoking products. Please provide your date of birth if you wish to do either of these.
			</p>
			<input type="text" id="dateOfBirth" name="dateOfBirth" class="w-30 v-date dp-field" value="" title="dd/mm/yyyy" placeholder="dd/mm/yyyy"><a href="#" class="dp-launch" title="Select date" aria-hidden="true" role="presentation"><span aria-hidden="true" role="presentation">[Select]</span></a>
		</div>
		<div class="row">
			<label for="logonId" class="w-100">Email address:</label>
			<input type="email" id="logonId" name="logonId" autocorrect="off" value="" class="w-70 v-mandatory v-email v-maxchars-50" aria-required="true">
		</div>
		

<div class="row">
	<label for="logonPassword" class="w-100">Create a password:</label>
	<p class="note">Passwords must be 7-20 characters long, and contain at least one letter and one number.</p>
	<input type="password" id="logonPassword" name="logonPassword" value="" class="w-50 v-mandatory v-password v-passwordPair" autocomplete="off" aria-required="true">
</div>
<div class="row">
	<label for="logonPasswordVerify" class="w-100">Confirm password:</label>
	<input type="password" id="logonPasswordVerify" name="logonPasswordVerify" value="" class="w-50 v-mandatory v-password v-passwordPairConfirm" autocomplete="off" aria-required="true">
</div>

		<div class="row">
			<label for="txtLocalPostcode" class="w-100">Suburb and postcode:</label>
			<div class="v-holder">
				<input type="text" id="txtLocalPostcode" name="txtLocalPostcode" autocomplete="off" autocorrect="off" value="" class="w-50 v-mandatory pred-localisation" aria-required="true"><div class="pred-menu hidden" aria-hidden="true"><ul></ul></div>
			</div>
		</div>
        <br>
		<div class="row">
			<input type="checkbox" id="emailPreference" name="emailPreference" value="1" checked="checked" class="s-5"> 
			<label for="emailPreference" class="normal">Yes, please keep me up to date on special offers, products, promotions and news from Coles online.</label>
		</div>
		
		<div class="clear"></div>
	</div>
	<input type="submit" class="btn-grey" title="Register" value="Register" name="btnRegister"> 
	
		<a href="#register" class="btn popup-close" title="Cancel">Cancel</a>
	
	<div class="clear"></div>
	<hr>
	<span class="btn">Do you already have an account? <a href="#logIn" class="popup-launch action-login" title="Log in">Log in</a></span>
</form>
<form id="analytics-data-register" name="analytics-data-register" method="post" action="" class="hidden" aria-hidden="true">
<input type="hidden" name="WT.si_x" value="1">
<input type="hidden" name="DCS.dcsuri" value="/register">
<input type="hidden" name="WT.ti" value="Register">
</form>
	<div class="dialogbox-end" tabindex="0">
		<span class="accessibility">end of pop up dialog box</span>
	</div>	
</div><div id="removeAllItems" class="popup rounded pageShadow" aria-labelledby="removeAllItems-dialog-title" aria-hidden="true">
	<div id="removeAllItems-dialog-title">		
		<span class="accessibility">pop up box displayed&nbsp;confirm remove all items</span>
	</div>
    <h1 id="dialog-title" tabindex="0" class="dialogbox-start init-focus"><span>Are</span>&nbsp;you sure?</h1>
	<div class="close pageShadow"><a href="#removeAllItems" class="popup-close" title="">Close this pop up dialog box</a></div>
	
	<div class="wrap">
		<p>Just checking that you want to remove all items from your trolley (that’s <span class="remove-quantity">0</span> items in total).</p>
	</div>
	<button type="submit" class="btn-grey" name="btnRemoveAllItems" id="btnRemoveAllItems">Yes, remove all items</button>
	<a href="#removeAllItems" class="btn popup-close removeitems-all" title="">Cancel</a>
	<div class="clear"></div>
	<form id="analytics-data-removeAllItems" name="analytics-data-removeAllItems" method="post" action="" class="hidden" aria-hidden="true">
<input type="hidden" name="DCS.dcsuri" value="/removeAllConfirmation">
<input type="hidden" name="WT.cg_n" value="Order">
<input type="hidden" name="WT.ti" value="Remove All Confirmation">
<input type="hidden" name="WT.cg_s" value="Remove All Items Overlay">
</form>
	<div class="dialogbox-end" tabindex="0">
		<span class="accessibility">end of pop up dialog box</span>
	</div>	
</div><div id="forgotPassForm" class="popup rounded pageShadow" aria-labelledby="forgotPassForm-dialog-title" aria-hidden="true">
	
	<div id="forgotPassForm-dialog-title">		
		<span class="accessibility">pop up box displayed&nbsp; Forgotten Password</span>
	</div>	
	<h1 tabindex="0" class="dialogbox-start init-focus">
		<span>Forgot</span>your password? 
    </h1>		
	<div class="close pageShadow">
		<a href="#forgotPassForm" class="popup-close" title=""> 
			Close this pop up dialog box 
		</a>
	</div>
	
		
	<div class="messageArea"></div>	
	<form id="ResetPasswordForm" class="formLayout" method="post" action="PersonChangeServicePasswordReset">
		<input type="hidden" name="challengeAnswer" value="-" id="WC_PasswordResetForm_FormInput_challengeAnswer_In_ResetPasswordForm_1">
		<input type="hidden" name="storeId" value="10601" id="WC_PasswordResetForm_FormInput_storeId_In_ResetPasswordForm_1">
		<input type="hidden" name="catalogId" value="10576" id="WC_PasswordResetForm_FormInput_catalogId_In_ResetPasswordForm_1">
		<input type="hidden" name="langId" value="-1" id="WC_PasswordResetForm_FormInput_langId_In_ResetPasswordForm_1">
		<input type="hidden" name="state" value="passwdconfirm" id="WC_PasswordResetForm_FormInput_state_In_ResetPasswordForm_1">
		<input type="hidden" name="URL" value="AjaxActionResponse" id="WC_PasswordResetForm_FormInput_URL_In_ResetPasswordForm_1">
		<input type="hidden" name="errorViewName" value="AjaxActionErrorResponse" id="WC_PasswordResetForm_FormInput_errorViewName_In_ResetPasswordForm_1">
		<div class="wrap">
			<p>No worries. Enter the email address you used to register, and we’ll send you a message with instructions on how to reset your password.</p>
			<div class="row">
				<label for="WC_PasswordResetForm_FormInput_logonId_In_ResetPasswordForm_1">Email address:</label>
				<input type="email" id="WC_PasswordResetForm_FormInput_logonId_In_ResetPasswordForm_1" name="logonId" autocorrect="off" class="w-70 v-mandatory v-email v-maxchars-254" aria-required="true">
			</div>
			<div class="clear"></div>
		</div>					
		<input type="submit" class="btn-grey popup-launch-forgotPassConfirm" title="" value="Send email" name="btnResetPassword">	
		<a role="button" href="#forgotPassForm" class="btn popup-close" title="">
			Cancel 
		</a>
		<div class="clear"></div>
	</form>
	    <form id="analytics-data-forgotPassConfirm" name="analytics-data-forgotPassConfirm" method="post" action="" class="hidden" aria-hidden="true">
<input type="hidden" name="DCS.dcsuri" value="/forgotpassword">
<input type="hidden" name="WT.cg_n" value="Register">
<input type="hidden" name="WT.ti" value="Forgot your password">
</form>
    <div class="dialogbox-end" tabindex="0">
     <span class="accessibility">end of pop up dialog box</span>
    </div>
</div><div id="localisation" class="popup rounded pageShadow" aria-labelledby="localisation-dialog-title" aria-hidden="true">
	
	
	<div id="localisation-dialog-title">		
		<span class="accessibility">pop up box displayed&nbsp;tell us your location</span>
	</div>	
	 
	
	
    <h1 tabindex="0" class="dialogbox-start init-focus">
    	<span>Let’s</span>&nbsp;get started     
    </h1>
    <div class="close pageShadow">
    	<a href="#localisation" class="popup-close" title="">Close this pop up dialog box</a>
    </div>
	
	<form id="localisationForm" class="formLayout" method="post" action="COLLocalisationControllerCmd">
		<input type="hidden" name="redirectUrl" value="">
		<input type="hidden" name="suburbPostCodeId" value="">
		<input type="hidden" name="serviceType" value="">
		<input type="hidden" name="externalffmcId" value="">	
		<input type="hidden" name="state" value="">	
		<input type="hidden" name="score" value="">	
		<input type="hidden" name="collectionpoint" value="">	
		<input type="hidden" name="suburb" value="">	
		<input type="hidden" name="zoneid" value="">	
		<input type="hidden" name="postcode" value="">	
		<input type="hidden" name="longitude" value="">	
		<input type="hidden" name="latitude" value="">
		
		<div class="wrap">
			<p>Please enter your suburb and postcode so we can show you what's available locally.</p>
			<div class="messageArea"></div>
			<div class="row">
				<label for="txtLocalPostcode" class="w-100">Suburb and Postcode<span class="accessibility"> (After entering 3 characters a list of options will display. Use tab key to navigate list.)</span>:</label>
				<div class="v-holder">
					<input type="text" id="txtLocalPostcode" name="txtLocalPostcode" autocomplete="off" value="" autocorrect="off" class="w-50 v-mandatory pred-localisation init-focus" aria-required="true"><div class="pred-menu hidden" aria-hidden="true"><ul></ul></div>
				</div>
			</div>
		</div>
		<p class="noOutline" id="acc-setLocalisation-focus" tabindex="-1"></p>
		<input type="submit" class="btn-grey" role="button" title="Submit" value="Submit" name="btnCheckPostcode">
		
				<div class="clear"></div>
				<hr>
				<p>Shopped with us before?&nbsp;<a href="#logIn" class="popup-launch action-login" title="Log in">Log in</a></p>
			
	</form>
	<form id="analytics-data-localizationForm" name="analytics-data-localizationForm" method="post" action="" class="hidden" aria-hidden="true">
<input type="hidden" name="DCS.dcsuri" value="/localisationForm">
<input type="hidden" name="WT.cg_n" value="Register">
<input type="hidden" name="WT.ti" value="Localisation">
</form>
     <div class="dialogbox-end" tabindex="0">
		<span class="accessibility">end of pop up dialog box</span>
	 </div>
</div><div id="changeLocation" class="popup rounded pageShadow" aria-labelledby="changeLocation-dialog-title" aria-hidden="true">
    
    
	<div id="changeLocation-dialog-title">		
		<span class="accessibility">pop up box displayed Localisation Change</span>
	</div>	
	 
	    
    <h1 tabindex="0" class="dialogbox-start init-focus"><span>Choose</span> a location to shop</h1>
	<div class="close pageShadow"><a href="#changeLocation" class="popup-close" title="">Close this pop up dialog box</a></div>
	
	<form id="changeLocationForm" class="formLayout" method="post" action="COLLocalisationControllerCmd">
		<input type="hidden" name="redirectUrl" value="">
		<input type="hidden" name="suburbPostCodeId" value="">
		<input type="hidden" name="serviceType" value="">
		<input type="hidden" name="externalffmcId" value="">	
		<input type="hidden" name="state" value="">	
		<input type="hidden" name="score" value="">	
		<input type="hidden" name="collectionpoint" value="">	
		<input type="hidden" name="suburb" value="">	
		<input type="hidden" name="zoneid" value="">	
		<input type="hidden" name="postcode" value="">	
		<input type="hidden" name="longitude" value="">	
		<input type="hidden" name="latitude" value="">
			
		<div class="wrap">
			<div class="messageArea"></div>
			<div class="row">
				<h2>Change location</h2>
				<label for="txtLocalPostcode" class="w-100">Suburb and Postcode<span class="accessibility"> (After entering 3 characters a list of options will display. Use tab key to navigate list.)</span>:</label>
				<div class="v-holder">
					<input type="text" id="txtLocalPostcode" name="txtLocalPostcode" autocomplete="off" value="" class="w-50 v-mandatory pred-localisation init-focus" aria-required="true"><div class="pred-menu hidden" aria-hidden="true"><ul></ul></div>
				</div>
			</div>
		</div>
		<p class="noOutline" id="change-location-focus" tabindex="-1"></p>
		<input type="submit" class="btn-grey" role="button" title="Submit" value="Submit" name="btnCheckPostcode">
		
		<a href="#changeLocation" class="btn popup-close" title="Choose later">Choose later</a>
		<div class="clear"></div>
	</form>
	<form id="analytics-data-locationChange" name="analytics-data-locationChange" method="post" action="" class="hidden" aria-hidden="true">
<input type="hidden" name="DCS.dcsuri" value="/changeLocation">
<input type="hidden" name="WT.cg_n" value="Register">
<input type="hidden" name="WT.ti" value="Change Location">
</form>
     <div class="dialogbox-end" tabindex="0">
		<span class="accessibility">end of pop up dialog box</span>
	 </div>
</div><div id="MultibuyRedirect" class="popup rounded pageShadow" aria-labelledby="MultibuyRedirect-dialog-title" aria-hidden="true">	
	
	<div id="MultibuyRedirect-dialog-title">		
		<span class="accessibility">pop up box displayed&nbsp;redirecting to your local specials</span>
	</div>	
	<div class="msg msg-warning">
		<h1>Let's check your local Coles</h1>
		<p>We're sending you to your local Coles so you can see what specials are on offer there.</p>
		<br>
		<a href="#" class="action-multibuy-redirect" title="">Click here to see your local specials if it's not happening automatically</a>
	</div>
	<div class="dialogbox-end" tabindex="0">
		<span class="accessibility">end of pop up dialog box</span>
	 </div>
</div><div id="multiSKUPromotionOverlay" class="popup rounded pageShadow promo" aria-labelledby="multiSKUPromotionOverlay-dialog-title" data-multiskupromo="{storeId: '10601',
							catalogId: '10576',
							langId: '-1',
							catEntryIds:'',
							promotionId:''}" aria-hidden="true">	
	
	<div id="multiSKUPromotionOverlay-dialog-title">		
		<span class="accessibility">pop up box displayed&nbsp; multi buy promotion</span>
	</div>	
	
	<h1 tabindex="0" class="dialogbox-start init-focus"> <span class="accessibility">On special</span></h1>
	<div class="close pageShadow"><a href="#multiSKUPromotionOverlay" class="popup-close" title="">Close this pop up dialog box</a></div>
	<div class="offer"><span class="icon"></span></div>
	<div class="promotion-Details">
		
		
	</div>
	<div class="list-view">
		
	</div>
	<a role="button" href="#multiSKUPromotionOverlay" class="popup-close btn-grey" title="">Continue Shopping</a>
    <div class="dialogbox-end" tabindex="0">
		<span class="accessibility">end of pop up dialog box</span>
	 </div>
</div><div id="specialOffer" class="popup rounded pageShadow" aria-labelledby="specialOffer-dialog-title" data-specialoffer="{storeId: '10601', catalogId: '10576', langId: '-1', productId: ''}" aria-hidden="true">
	<div id="specialOffer-dialog-title">		
		<span class="accessibility">pop up box displayed&nbsp; Special Offer</span>
	</div>
	<form id="analytics-data-specialOffer" name="analytics-data-specialOffer" method="post" action="" class="hidden" aria-hidden="true">
<input type="hidden" name="DCS.dcsuri" value="/specialOffer">
<input type="hidden" name="WT.cg_n" value="Order">
<input type="hidden" name="WT.ti" value="Special Offer">
<input type="hidden" name="WT.cg_s" value="Special Offer Overlay">
</form>
	
    <div class="dialogbox-end" tabindex="0">
		<span class="accessibility">end of pop up dialog box</span>
	 </div>
</div><div id="modifyOrder" class="popup rounded pageShadow" data-modifyorder="{
			storeId:'10601',
			catalogId:'10576',
			langId:'-1',
			orderId:'',
            orderTotal:''
			}" aria-labelledby="modifyOrder-dialog-title" aria-hidden="true">
			
	
	<div id="modifyOrder-dialog-title">		
		<span class="accessibility">pop up box displayed&nbsp;Modify Order</span>
	</div>	
	<h1 id="dialog-title" tabindex="0" class="dialogbox-start init-focus">
		<span>Are you sure?</span>&nbsp;
		
	</h1>

	<div class="close pageShadow">
		<a href="#modifyOrder" class="popup-close" title="">Close this pop up dialog box</a>
	</div>	
	
	<div class="messageArea"></div>
	<div class="wrap">
		<p>Before you modify, there are 3 things to consider:</p><ol><li>You will receive <strong>today’s prices and specials* </strong>on your<strong> entire order</strong></li><li>You must <strong>check out again, </strong>or you won’t receive your order</li><li>We can hold your  delivery time for 2 hours maximum</li></ol>*Most specials change early Wednesday (Sydney time). Fruit &amp; veg specials change early Friday (Sydney time).<p></p>
		<a role="button" href="" class="btn-grey-dbl action-btn action-add-items" title="Add or remove items">Add or remove items</a>	
		
				<a role="button" href="" class="btn-grey-dbl action-btn action-change-time" title="Change the delivery time of this order">Change my delivery time</a>
			
				<a role="button" href="#" class="btn-grey-dbl action-btn action-change-fulfilment" title="Change to collect instead of delivery">Change to collect</a>
			
		<a role="button" href="" class="btn-grey-dbl noMargin action-btn action-change-payment" title="Change the payment method of this order">Change my payment method</a>
		<div class="clear"></div>
	</div>
	<div class="buttons">
		<a href="#modifyOrder" class="btn popup-close" title="Close this window">Close</a>
	</div>
	<div class="clear"></div>
	<form id="analytics-data-modifyOrder" name="analytics-data-modifyOrder" method="post" action="" class="hidden" aria-hidden="true">
<input type="hidden" name="DCS.dcsuri" value="/modifyOrder">
<input type="hidden" name="WT.ti" value="Modify Order">
</form>
	    <div class="dialogbox-end" tabindex="0">
			<span class="accessibility">end of pop up dialog box</span>
		</div>
	    
</div><div id="alternativesOverlay" aria-labelledby="alternativesOverlay-dialog-title" class="popup rounded pageShadow" data-refresh="{refreshId:'alternativesOverlay', 
				catEntryId: '', quantity: '', catalogId: '10576',
				storeId: '10601', langId: '-1', orderId: '', 
				forStoreId: '', fulfillmentCenterId_1: '', 
				orderItemId: ''}" aria-hidden="true">
	<div id="alternativesOverlay-dialog-title">		
		<span class="accessibility">pop up box displayed&nbsp; Product Alternatives</span>
	</div>
<form id="analytics-data" name="analytics-data" method="post" action="" class="hidden" aria-hidden="true">
<input type="hidden" name="DCS.dcsuri" value="/alternatives">
<input type="hidden" name="WT.cg_n" value="Order">
<input type="hidden" name="WT.ti" value="Alternatives">
<input type="hidden" name="WT.cg_s" value="Alternatives Overlay">
</form>
      <div class="dialogbox-end" tabindex="0">
		<span class="accessibility">end of pop up dialog box</span>
	 </div>
</div><div id="QASListOverlay" class="popup rounded pageShadow popup-unclosable" aria-labelledby="QASListOverlay-dialog-title" aria-hidden="true">

	<div id="QASListOverlay-dialog-title">		
		<span class="accessibility">pop up box displayed&nbsp;address validation</span>
	</div>
	<h1 tabindex="0" class="dialogbox-start init-focus"><span>Select </span>&nbsp;a delivery address</h1>
	<div class="messageArea"></div>
	<div id="QASList">
		<p id="QASInfoText">Please select one of the options below:</p>
	</div>
	<button href="#" class="btn-grey btn-disabled" name="btnSelectAddress" role="button" disabled="disabled" title="Ok">Ok</button>
	<div class="clear"></div>
	<form id="analytics-data-deletDeliveryAddressOverlay" name="analytics-data-deletDeliveryAddressOverlay" method="post" action="" class="hidden" aria-hidden="true">
<input type="hidden" name="DCS.dcsuri" value="/QASList">
<input type="hidden" name="WT.cg_n" value="Member">
<input type="hidden" name="WT.ti" value="Display a list of addresses">
<input type="hidden" name="WT.cg_s" value="QAS List Overlay">
</form>
    <div class="dialogbox-end" tabindex="0">
		<span class="accessibility">end of pop up dialog box</span>
	</div>
    
</div><div id="forgotPassConfirm" class="popup rounded pageShadow" aria-labelledby="forgotPassConfirm-dialog-title" aria-hidden="true">
	
	<div class="forgotPassConfirm-dialog-title">		
		<span class="accessibility">pop up box displayed&nbsp; Forgotten Password Confirmation</span>
	</div>	
	<h1 tabindex="0" class="dialogbox-start init-focus">
		<span></span>
		An email is on its way		 
	</h1>	
	<div class="close pageShadow">
		<a href="#forgotPassConfirm" class="popup-close" title=""> 
			Close this pop up dialog box
		</a>
	</div>	
	
	<div class="wrap">
		<p>
			We’ve sent instructions for resetting your password to your email address.
		</p>
		<div class="clear"></div>
	</div>
	<a role="button" href="#forgotPassConfirm" class="btn-grey popup-close" title="">
		Close
	</a>
	<div class="clear"></div>
    <form id="analytics-data-forgotPassConfirm" name="analytics-data-forgotPassConfirm" method="post" action="" class="hidden" aria-hidden="true">
<input type="hidden" name="DCS.dcsuri" value="/forgotPassConfirm">
<input type="hidden" name="WT.cg_n" value="Register">
<input type="hidden" name="WT.ti" value="Forgot Password Confirmation">
</form> 
    <div class="dialogbox-end" tabindex="0">
		<span class="accessibility">end of pop up dialog box</span>
	</div>
</div><div id="createNewList" class="popup rounded pageShadow" aria-labelledby="createNewList-dialog-title" aria-hidden="true">
	<div id="createNewList-dialog-title">		
		<span class="accessibility">pop up box displayed&nbsp;create a new list</span>
	</div>
    <h1 id="dialog-title" tabindex="0" class="dialogbox-start init-focus"><span>Create</span> a new list</h1>
	<div class="close pageShadow"><a href="#createNewList" class="popup-close" title="">Close this pop up dialog box</a></div>
	
	<div class="messageArea"></div>
	<form class="formLayout" name="createList" id="createList" method="post" action="AjaxGiftListServiceCreate">
		<input type="hidden" name="langId" value="-1">
		<input type="hidden" name="storeId" value="10401">
		<input type="hidden" name="catalogId" value="10576">
		<input type="hidden" name="successView" value="">
		
		<div class="wrap">
			<label for="name" class="w-80">Name:</label>
			<input type="text" id="name" name="name" class="w-80 v-mandatory" placeholder="i.e. Jane's birthday party" title="i.e. Jane's birthday party" aria-required="true"> 
			<label for="location" class="w-80">Location: </label>
			<input type="text" id="location" name="location" class="w-80 v-mandatory" aria-required="true">
			<p><a href="#" class="address-tooltip" title="">Why do I need to choose an address?</a></p>
		</div>
		<div class="clear"></div>			
		<div class="buttons">
			<button name="btnCreateList" id="btnCreateList" type="submit" class="btn-grey" role="button">Create list</button>
		 	<a href="#createNewList" class="btn popup-close" title="">Cancel</a>
		</div>
		<div class="clear"></div>
	</form>
	<form id="analytics-data-createNewList" name="analytics-data-createNewList" method="post" action="" class="hidden" aria-hidden="true">
<input type="hidden" name="DCS.dcsuri" value="/createList">
<input type="hidden" name="WT.ti" value="Create List">
</form>
    <div class="dialogbox-end" tabindex="0">
		<span class="accessibility">end of pop up dialog box</span>
	</div>
</div><div id="deleteList" class="popup rounded pageShadow" aria-labelledby="deleteList-dialog-title" aria-hidden="true">
	<div id="deleteList-dialog-title">		
		<span class="accessibility">pop up box displayed&nbsp;Delete&nbsp;list</span>
	</div>
	<h1 id="dialog-title" tabindex="0" class="dialogbox-start init-focus"><span>Delete
	</span>&nbsp;list
	</h1>
	<div class="close pageShadow"><a href="#deleteList" class="popup-close" title="">Close this pop up dialog box</a></div>
	
	<div class="messageArea"></div>
	 
	<form id="deleteListForm" class="formLayout" method="post" action="AjaxGiftListServiceDeleteGiftList">
		<input type="hidden" name="langId" value="-1">
		<input type="hidden" name="storeId" value="10401">
		<input type="hidden" name="catalogId" value="10576">
		<input type="hidden" name="successView" value="https://shop.coles.com.au/online/ColesMyListsView?catalogId=10576&amp;urlLangId=-1&amp;langId=-1&amp;storeId=10601">
		
		<div class="wrap">
			<p>Please confirm you would like to delete the following list:</p>
			<input type="hidden" name="giftListId" value="" id="giftListId">
			<p id="listName" class="focusItem"></p>
			<div class="clear"></div>
		</div>
		<div class="buttons">
			<button name="btnDeleteList" id="btnDeleteList" type="submit" class="btn-grey">Yes, I want to delete this list</button>
			<a href="#deleteList" class="btn popup-close" title="">No, don't delete this list</a>
		</div>
		<div class="clear"></div>
	</form>
	<form id="analytics-data-createNewList" name="analytics-data-createNewList" method="post" action="" class="hidden" aria-hidden="true">
<input type="hidden" name="DCS.dcsuri" value="/deleteList">
<input type="hidden" name="WT.ti" value="Delete List">
</form>
	 <div class="dialogbox-end" tabindex="0">
		<span class="accessibility">end of pop up dialog box</span>
	</div>
    </div><div id="editList" class="popup rounded pageShadow" aria-labelledby="editList-dialog-title" aria-hidden="true">
	<div id="editList-dialog-title">		
		<span class="accessibility">pop up box displayed&nbsp;edit name of list</span>
	</div>
    <h1 id="dialog-title" tabindex="0" class="dialogbox-start init-focus"><span>Edit</span> list</h1>
	<div class="close pageShadow"><a href="#editList" class="popup-close" title="">Close this pop up dialog box</a></div>
    <form id="editListForm" class="formLayout" method="post" action="AjaxGiftListServiceUpdateDescription">
		<input type="hidden" name="langId" value="-1">
		<input type="hidden" name="storeId" value="10401">
		<input type="hidden" name="catalogId" value="10576">
		<input type="hidden" name="giftListId" value="" id="giftListId">
		<div class="wrap">
				<label for="name" class="w-80">Name:</label>
				<input type="text" id="name" name="name" value="" class="w-80 v-mandatory" aria-required="true">
				<label for="location" class="w-80">Location:</label>
				<input type="text" id="location" name="location" value="" class="w-80 v-mandatory" aria-required="true">
		<p><a href="#" class="address-tooltip" title="">Why do I need to choose an address?</a></p>
		</div>
		<div class="clear"></div>
		<div class="buttons">
			<button name="btnEditList" type="submit" class="btn-grey">Save changes</button>
			<a href="#editList" class="btn popup-close" title="">Cancel</a>
		</div>
		<div class="clear"></div>
	</form>
	<form id="analytics-data-editList" name="analytics-data-editList" method="post" action="" class="hidden" aria-hidden="true">
<input type="hidden" name="DCS.dcsuri" value="/editList">
<input type="hidden" name="WT.ti" value="Edit List">
</form>
    <div class="dialogbox-end" tabindex="0">
		<span class="accessibility">end of pop up dialog box</span>
	</div>
</div></body></html>